2028 3354
489 254 615 284 marr.
653 255 686 282 1.
726 253 824 283 cu».
866 253 937 282 111.
977 253 1030 281 nn
1065 251 1277 282 nociasm
1310 252 1454 282 noris.
1745 235 1806 285 87

201 367 306 416 148.
344 368 460 415 Cum
479 383 589 415 vero
613 383 669 414 ex
691 365 917 414 hactenus
937 365 1180 414 vindicatis
1206 366 1400 414 Ecclesia
1435 383 1462 414 a
1498 366 1681 415 Christo
1709 367 1811 416 fun·

132 444 238 491 data
281 452 488 502 constet,
524 443 583 490 ad
619 441 811 489 modum
842 442 1043 490 viventis
1083 441 1276 488 humani
1325 441 1583 504 individui‚
1626 444 1807 505 anima,

129 534 318 585 corpore
356 527 403 566 et
439 518 564 578 vita,
601 535 701 583 quae
738 519 782 565 vi
812 518 1051 583 utriusque
1093 519 1429 580 conjunctionis
1458 528 1506 566 et
1544 506 1810 567 commercii

127 594 334 658 exurgit,
361 595 568 659 sequitur
589 612 684 641 non
715 592 825 640 alias
851 602 985 639 notas
1016 609 1133 641 verae
1165 592 1335 639 Christi
1358 593 1567 641 Ecclesiae
1586 596 1804 658 assignari

125 687 287 735 posse,
311 688 451 735 quam
471 688 573 735 quae
593 688 649 717 ex
669 668 891 732 ejusmodi
914 668 1241 715 constitutione
1270 685 1322 714 ac
1352 678 1518 716 natura
1550 672 1805 734 profluunt.

124 746 200 793 Eae
235 755 390 794 autem
426 755 537 794 sunt
568 746 744 804 unitas,
784 743 1029 802 sanctitas,
1076 741 1359 789 catholicitas
1386 753 1434 791 et
1467 746 1803 809 apostolicitas7

124 838 236 886 quas
270 840 442 888 nempe
473 824 573 884 jam
598 840 622 869 a
655 823 713 868 IV
742 822 809 868 rei
842 819 1103 866 christianae
1133 819 1287 867 seculo
1326 831 1622 869 recensuerat
1650 824 1807 871 conci-

122 896 239 945 lium
273 890 834 961 Constantinopolitanum
862 896 911 942 in
937 894 1046 943 fidei
1071 895 1283 960 symbolo
1308 895 1397 943 illis
1423 896 1578 944 verbis
1610 916 1620 944 :
1660 900 1806 948 Credo

121 990 301 1030 unam,
326 983 563 1026 sanctam,
596 972 874 1019 catholicam
903 980 947 1019 et
964 973 1270 1035 apostolicam
1294 972 1563 1020 Ecclesiam
1587 974 1674 1041 (l).

189 1050 297 1096 149.
335 1051 426 1096 Has
452 1048 590 1111 igitur
609 1057 656 1095 et
678 1065 775 1095 non
795 1047 905 1095 alias
938 1064 1035 1096 esse
1064 1064 1184 1097 verae
1208 1048 1380 1096 Christi
1403 1049 1611 1098 Ecclesiae
1628 1059 1765 1098 notas
1787 1088 1801 1112 .,

120 1140 206 1172 nec
230 1124 310 1170 ulli
329 1141 517 1189 prorsus
540 1124 744 1171 societati
771 1133 1085 1190 praeterquam
1107 1124 1191 1172 soli
1223 1124 1429 1173 Ecclesiae
1462 1128 1675 1175 Romanae
1698 1144 1805 1175 con-

120 1201 280 1249 venire
306 1216 387 1247 seu
414 1209 678 1264 competere
708 1218 867 1265 posse,
900 1199 1245 1248 ostendendum
1267 1200 1400 1249 nobis
1428 1210 1516 1248 est.
1546 1202 1683 1261 Quod
1699 1201 1806 1268 quiss

116 1274 223 1323 dem
248 1285 467 1341 praestare
479 1277 529 1323 in
546 1277 846 1343 sequentibus
870 1277 1262 1343 propositionibus
1291 1277 1601 1341 aggredimur.

761 1435 1086 1478 PROPOSITIO
1117 1436 1151 1476 I.

129 1551 251 1599 Vera
273 1550 456 1598 Christi
474 1549 696 1596 Ecclesiae
716 1558 834 1597 notoe
865 1557 980 1596 sunt
1006 1553 1194 1605 unitas,
1222 1552 1476 1605 sanctitas,
1494 1551 1794 1599 catholicitas

757 1633 800 1671 et
833 1629 1165 1688 apostolicitas.

181 1768 291 1814 150.
328 1765 553 1828 Quamvis
583 1764 811 1813 nonnulla
838 1765 1092 1813 dixerimus
1129 1767 1179 1814 in
1209 1776 1407 1815 tractatu
1435 1770 1506 1816 De
1535 1786 1647 1817 vera
1679 1772 1802 1818 reli—

107 1846 241 1907 qione
261 1843 332 1906 (2)
356 1842 413 1890 de
440 1841 647 1889 Ecclesiae
671 1841 851 1889 unitate
867 1878 879 1901 a
910 1860 1013 1906 quae
1044 1852 1203 1890 tamen
1221 1843 1318 1891 'illic
1348 1844 1648 1892 disseruimus
1665 1882 1677 1905 a
1704 1863 1803 1893 non

104 1919 279 1967 debent
298 1917 566 1983 permisceri
585 1935 690 1965 cum
709 1918 764 1963 iis
778 1954 791 1978 7
812 1917 869 1965 de
883 1917 1050 1982 quibus
1068 1919 1116 1964 in
1131 1920 1377 1983 praesentia
1394 1921 1589 1985 agimus.
1614 1922 1802 1970 Etenim

104 1995 198 2043 illic
221 1996 280 2043 de
298 1997 476 2043 unitate
501 1994 797 2042 disseruimus
813 2031 826 2056 ,
847 2005 987 2061 prout
1010 1994 1218 2043 Ecclesiae
1252 1997 1515 2061 proprietas
1543 1998 1800 2047 essentialis

105 2081 202 2131 est3
226 2072 301 2120 hic
312 2088 423 2119 vero
440 2088 542 2118 eam
564 2080 901 2136 pertractamus
924 2106 937 2131 ,
958 2080 1187 2136 quatenus
1206 2081 1276 2119 est
1292 2071 1517 2119 indicium
1531 2083 1800 2135 externum,

105 2146 370 2208 character,
403 2149 587 2210 signum
616 2156 695 2194 aut
717 2157 826 2193 nota
858 2155 1078 2206 externa,
1114 2164 1204 2211 qua
1234 2147 1449 2194 ducimur
1476 2147 1535 2195 ad
1553 2148 1684 2196 illam
1714 2151 1800 2197 Ec-

109 2221 291 2272 clesiam
319 2223 685 2287 cognoscendam
703 2258 716 2282 ,
738 2239 840 2287 quae
852 2221 936 2269 tali
949 2223 1232 2288 proprietate
1256 2223 1447 2289 praedita
1472 2233 1541 2272 est
1564 2244 1576 2283 ς
1600 2225 1728 2290 quod
1752 2235 1800 2273 et

114 2386 191 2412 non
209 2375 255 2411 sit
268 2374 315 2419 ad
332 2388 489 2414 examen
510 2375 607 2413 istud
626 2375 909 2422 instituendum,
988 2377 1089 2413 nitur
1104 2405 1115 2422 ‚
1144 2390 1187 2415 ac
1207 2384 1392 2428 propterea
1418 2389 1500 2414 una
1523 2377 1749 2427 significatur
1771 2408 1783 2428 ,

113 2446 149 2478 et
178 2447 303 2477 tamen
330 2440 499 2491 quaelibet
528 2449 624 2480 secta
653 2441 853 2479 contendat
877 2454 914 2479 se
987 2453 1067 2492 quae
1090 2441 1225 2479 dicitur
1244 2448 1378 2479 sancta
1402 2448 1438 2480 et
1455 2440 1639 2481 catholica
1651 2457 1669 2492 ‚·
1685 2444 1787 2496 quod

111 2512 238 2543 tenere
275 2517 397 2542 veram
441 2493 487 2544 ε(
508 2506 748 2545 orthodoxam
782 2506 917 2545 Christi
988 2507 1018 2543 si
1039 2506 1200 2545 Ecclesia
1222 2506 1402 2546 catholica
1429 2515 1481 2546 est
1500 2536 1512 2557 ‚
1536 2508 1647 2547 debet
1666 2522 1801 2548 neces-⁷

116 2569 337 2609 doctrinam.
373 2569 426 2607 Ea
463 2578 584 2609 tamen
616 2572 677 2610 hic
702 2573 885 2611 interserit
906 2601 916 2619 ,
991 2575 1080 2612 sario
1102 2576 1236 2625 pariter
1253 2588 1329 2613 esse
1354 2573 1563 2628 apostolica
1580 2606 1590 2624 ‚
1613 2583 1656 2615 ut
1680 2590 1723 2615 ex
1739 2576 1799 2615 di-

114 2650 195 2688 quae
220 2635 329 2673 nobis
350 2649 427 2672 non
444 2635 667 2686 probantur,
685 2644 720 2675 et
744 2651 810 2676 suo
838 2638 918 2675 loco
992 2638 1115 2677 cendis
1138 2642 1370 2691 perspicuum
1388 2641 1466 2680 fiet.
1488 2639 1594 2692 Quod
1611 2655 1697 2681 vero
1719 2655 1810 2694 spe-⁴

114 2702 356 2741 excutiemus.
1010 2711 1084 2742 ctat
1109 2704 1156 2742 ad
1167 2705 1253 2743 alias
1270 2707 1345 2744 sive
1366 2706 1489 2758 plures
1513 2708 1587 2745 sive
1611 2708 1801 2759 pauciores

173 2767 226 2819 (1)
256 2766 323 2804 Hoe
356 2774 478 2805 autem
498 2779 575 2803 non
601 2773 686 2803 sunt
705 2766 775 2804 nisi
804 2765 920 2818 expli·
992 2772 1097 2806 notas
1123 2774 1318 2822 assignatas
1350 2784 1369 2808 a
1407 2770 1597 2810 nonnullis
1631 2771 1799 2810 Patribus

119 2832 189 2870 cita
206 2832 381 2884 expositio
394 2839 565 2870 notarum
584 2862 593 2879 ‚
607 2843 688 2888 quae
706 2832 747 2868 in
757 2830 922 2884 symbolo
994 2841 1030 2872 et
1052 2832 1228 2888 theologis
1247 2865 1258 2883 ‚
1292 2835 1365 2873 illae
1400 2836 1459 2874 vel
1498 2835 1727 2875 reducuntur
1751 2836 1798 2874 ad

119 2896 315 2949 apostolico
361 2899 593 2936 continentur
640 2896 711 2934 illis
748 2896 870 2935 verbis
909 2909 921 2934 ε
995 2905 1150 2951 quatuor
1176 2902 1372 2939 recensitas
1388 2930 1398 2948 ‚
1436 2899 1495 2938 vel
1529 2913 1589 2940 eas
1623 2900 1800 2952 implicite

121 2958 244 3001 Credo
258 2968 428 3001 sanctam
449 2960 664 3002 Ecclesiam
683 2960 921 3001 catholicam.
994 2963 1198 3003 continent.

122 3025 217 3066 Nam
236 3023 410 3066 Ecclesia
436 3029 477 3066 in
502 3027 676 3079 singulari
690 3040 843 3065 numero
855 3039 922 3079 po·
1050 3026 1107 3079 (2)
1135 3026 1230 3068 Part.
1253 3040 1280 3067 u
1294 3056 1307 3077 ,
1330 3041 1435 3082 prop.
1459 3042 1511 3067 ιν.
