2028 3354
1739 203 1837 250 175

497 227 624 256 PART.
659 227 692 257 1.
732 225 828 255 GAP.
865 225 933 254 111.
972 226 1026 253 DE
1061 223 1276 254 EGGLESIAE
1310 223 1450 253 NOTIS.

211 343 326 390 278.
365 341 434 389 Ad
455 340 551 386 12ω
566 376 578 399 ,
606 340 732 386 Dist.
764 338 1005 385 Immerito
1023 373 1035 396 ,
1060 346 1210 384 crans.
1244 335 1319 384 vel
1337 352 1465 383 conc.
1482 352 1499 390 ;
1509 338 1615 397 jure
1637 336 1802 381 merito
1819 371 1834 387 .,

148 438 252 484 neq.
274 421 336 467 Ut
358 435 467 466 vero
490 418 758 464 insistamus
778 417 826 462 in
853 414 1106 474 miraculis,
1132 431 1235 480 quae
1258 412 1466 460 Ecclesiis
1497 410 1798 459 orientalibus
1819 450 1832 472 ,

147 496 196 543 id
218 505 287 544 est
302 532 314 554 ,
337 494 544 541 Ecclesiae
564 509 716 557 graecae
740 492 1042 539 schismaticae
1070 490 1233 538 tribuit
1259 490 1497 536 Nectarius
1516 488 1835 554 hierosolymi-

146 581 283 619 tanus
313 570 601 630 Patriarcha,
631 568 1071 623 animadvertimus,
1098 583 1207 612 eum
1226 564 1360 630 plura
1383 581 1622 613 recensere
1651 582 1708 613 ex
1739 566 1835 613 sola

146 648 322 695 incerta
356 647 508 704 fama3
549 645 777 692 nonnulla
796 660 895 708 quae
929 641 1156 700 naturali,
1191 658 1380 706 prorsus
1399 641 1581 688 ratione
1614 642 1835 707 explicari

152 733 372 790 possunt3
405 723 521 770 illud
552 739 660 770 vero
679 759 692 780 ,
728 720 853 785 quod
882 728 1106 783 tanquam
1124 718 1473 764 nobilissimum
1505 727 1639 780 urget
1657 728 1704 766 et
1738 729 1838 766 tam

150 803 539 848 Christianorum
564 814 712 861 quam
747 796 1014 857 infidelium
1047 794 1314 841 testimonio
1349 792 1600 859 probatum
1621 830 1633 851 .,
1675 803 1839 860 utpote

147 877 273 943 quod
304 876 494 940 singulis
520 874 653 922 annis
684 873 733 918 in
761 872 973 918 omnium
997 880 1247 936 conspectu
1272 879 1554 930 renovatur,
1581 870 1641 917 de
1658 869 1839 919 lumine

145 953 349 1011 scilicet,
383 952 611 999 emicante
638 948 699 996 ad
721 947 1072 1013 crepusculum,
1104 965 1185 994 seu
1213 947 1325 994 hora
1360 956 1469 995 ante
1498 946 1606 995 solis
1627 964 1840 1000 occasum

147 1027 327 1075 sabbati
348 1027 518 1084 sancti,
547 1026 596 1072 in
615 1025 800 1074 vivifico
824 1024 995 1071 Christi
1015 1023 1262 1089 sepulchro
1279 1061 1290 1083 ,
1321 1028 1449 1086 cujus
1477 1032 1524 1071 et
1547 1041 1645 1072 sese
1665 1033 1839 1073 testem

144 1104 334 1151 exhibet
376 1102 532 1168 paucis
565 1100 623 1148 ab
653 1101 764 1147 hinc
793 1100 928 1148 annis
966 1101 1204 1148 detectum
1232 1098 1372 1166 plane
1406 1100 1491 1147 fuit
1534 1100 1681 1148 veluti
1715 1102 1840 1149 fraus

142 1178 440 1242 graeculorum
463 1178 842 1237 simoniacorum,
867 1177 948 1242 qui
971 1176 1230 1243 phosphori
1243 1192 1331 1242 ope
1357 1175 1520 1223 lumen
1538 1175 1657 1224 illud
1679 1195 1841 1226 accen-

143 1254 342 1317 debant3
382 1254 589 1320 adeoque
618 1257 730 1318 juge
773 1253 890 1301 illud
927 1270 981 1301 ac
1019 1253 1285 1319 perinsigne
1326 1252 1603 1301 miraculum
1650 1273 1839 1319 prorsus

141 1331 330 1379 evanuit
352 1331 439 1395 (l).
467 1330 669 1378 Crimine
700 1347 839 1394 porro
872 1330 930 1377 ab
962 1348 1057 1377 uno
1089 1328 1212 1377 disce
1244 1347 1424 1377 omnes.
1458 1331 1569 1389 Quae
1595 1327 1654 1379 de
1677 1333 1839 1380 ceteris

140 1408 367 1456 haereticis
383 1417 516 1472 urget
539 1408 845 1466 adversarius,
874 1425 972 1453 non
996 1424 1260 1465 moramur3
1283 1408 1391 1472 quia
1411 1424 1518 1454 cum
1541 1407 1727 1455 nullum
1752 1408 1840 1456 do-

141 1495 413 1533 cumentum
439 1484 673 1549 proferat,
707 1501 805 1530 non
832 1483 1072 1549 potuimus
1097 1483 1379 1548 expendere.
1406 1482 1498 1531 Sed
1522 1485 1762 1550 responsio
1782 1502 1839 1533 ex

141 1560 272 1607 dictis
291 1561 340 1606 in
360 1568 583 1624 promptu
604 1568 690 1606 est.

204 1637 319 1683 279.
359 1636 430 1683 Ad
463 1637 586 1695 13111,
617 1637 748 1682 Dz'st.
785 1636 831 1682 Si
863 1634 1038 1700 absque
1077 1634 1224 1681 solido
1261 1634 1571 1684 fundamento
1596 1635 1644 1684 id
1681 1654 1839 1685 roma-

139 1729 307 1759 nenses
327 1711 666 1759 contenderent
686 1748 697 1769 ,
729 1729 880 1764 conc.;
899 1712 938 1758 si
963 1712 1043 1758 tali
1068 1712 1217 1758 innixi
1239 1711 1551 1761 fundamento
1567 1750 1581 1773 ,
1609 1722 1663 1761 ut
1686 1732 1840 1780 neque

138 1788 198 1836 ab
236 1789 510 1837 adversariis
548 1789 804 1850 rejiciatur,
839 1806 945 1852 neq.
981 1791 1121 1836 Porro
1149 1788 1224 1837 vel
1253 1789 1351 1855 ipse
1388 1789 1556 1855 Paley,
1588 1792 1839 1839 acerrimus

138 1882 342 1913 romanae
371 1859 579 1912 Ecclesiae
601 1864 747 1920 hostis
765 1901 777 1925 ,
810 1865 1000 1925 fatetur,
1024 1864 1355 1930 probatissima
1390 1866 1514 1914 inter
1551 1868 1707 1915 omnia
1741 1885 1838 1916 esse

139 1943 385 2005 miracula,
420 1959 522 2008 quae
552 1942 603 1988 in
637 1942 782 1988 causis
813 1942 1175 1989 canonizationis
1211 1941 1270 1989 ab
1301 1942 1498 1990 Ecclesia
1526 1960 1720 1991 romana
1752 1945 1840 1993 ad·-

190 2095 246 2146 (l)
276 2095 355 2134 Hoc
378 2096 550 2149 equidem
573 2097 696 2147 accepi
710 2109 756 2134 ex
772 2109 834 2134 ore
850 2096 951 2135 illius

129 2162 267 2214 ipsius,
284 2164 349 2215 qui
361 2163 530 2201 fraudem
544 2162 807 2215 Hierosolymis
818 2163 953 2202 detexit

139 2228 313 2266 universo
337 2216 525 2280 spectante
547 2228 707 2280 popu10,
728 2230 768 2266 in
784 2242 857 2281 qno
869 2228 954 2280 plu-

141 2305 198 2330 res
229 2296 385 2345 europaei
413 2293 535 2340 Galli,
561 2293 669 2345 Angli
691 2323 701 2340 ,
728 2293 813 2332 Itali
852 2292 956 2333 inve-

137 2355 336 2395 niebantur
361 2373 425 2397 an.
453 2358 553 2398 1833
571 2389 582 2406 ,
603 2360 745 2411 quique
765 2372 867 2397 nunc
878 2358 955 2397 Ro-

143 2434 215 2459 mae
233 2421 423 2473 degit.Vix
435 2425 513 2475 ipse
536 2424 664 2476 effugit
681 2438 826 2471 necem,
842 2439 956 2477 qnam

144 2490 218 2541 ipsi
239 2488 316 2526 hac
339 2488 385 2526 de
405 2502 510 2528 causa
529 2491 718 2529 schismati
736 2490 871 2529 inferre
892 2505 956 2529 vo-

136 2554 267 2601 lebant
297 2569 307 2597 ς
327 2567 346 2592 a
373 2553 501 2592 Tureis
523 2563 558 2593 et
580 2570 601 2594 a
633 2554 832 2595 Catholicis
848 2586 859 2603 ,
889 2558 955 2608 qui

138 2618 372 2670 triumphum
392 2620 608 2657 cecinerunt
625 2649 635 2666 ‚
657 2633 699 2658 ex
711 2619 861 2658 illorum
878 2635 956 2659 ma-

69 2712 73 2716 ·
138 2683 251 2722 nibus
269 2692 416 2736 ereptus
438 2693 505 2722 est.
531 2683 589 2722 De
611 2685 817 2724 detectione
847 2687 954 2725 istius

142 2750 281 2789 fraudis
302 2751 459 2802 publicae
474 2751 727 2802 ephemerides
747 2751 954 2805 Smyrnen-

144 2827 203 2853 ses
222 2824 257 2854 et
279 2816 699 2869 Constantinopolitanae
719 2817 833 2856 verba
855 2818 954 2858 fece-

144 2889 233 2919 runt
254 2895 352 2920 anno
374 2881 480 2933 1834
500 2913 510 2930 ,
532 2897 607 2935 quo
621 2897 721 2922 anno
739 2882 953 2924 Patriarcha

144 2945 398 2987 schismaticus
435 2963 608 2989 armenus
647 2950 874 3003 encyclicam
907 2951 953 2991 ad

144 3025 229 3052 suos
261 3013 386 3063 dedit,
415 3029 487 3069 qua
513 3018 564 3055 eis
589 3016 779 3069 prohibuit
798 3047 809 3065 ,
836 3031 884 3057 ne
918 3032 955 3057 se

1033 2097 1244 2136 conferrent
1267 2096 1313 2134 ad
1331 2097 1452 2147 ignem
1478 2110 1623 2135 sacrum
1643 2089 1682 2136 S.
1704 2097 1839 2151 Sepul-

1028 2165 1080 2202 cri
1100 2191 1110 2209 ‚
1135 2165 1241 2215 cujus
1269 2164 1367 2200 fraus
1392 2171 1578 2214 comperta
1611 2163 1720 2214 plane
1745 2172 1835 2204 erat.

1026 2227 1214 2268 Nectarius
1248 2241 1358 2281 porro
1396 2228 1555 2268 furiosus
1581 2229 1837 2270 schismaticus

1025 2295 1133 2346 plura
1157 2295 1270 2335 refert
1296 2296 1375 2332 sine
1393 2296 1519 2333 critica
1535 2323 1547 2343 ,
1574 2309 1655 2347 quae
1676 2309 1778 2334 nunc
1791 2295 1838 2335 ab

1027 2361 1201 2400 omnibus
1223 2359 1374 2399 eruditis
1392 2361 1483 2398 risui
1504 2359 1689 2400 habentur
1712 2375 1724 2411 3
1745 2376 1837 2401 nus-

1027 2429 1125 2479 piam
1150 2427 1310 2465 affirmat
1323 2427 1536 2466 confectum
1550 2427 1750 2481 aliquando
1763 2428 1836 2468 ali-

1026 2495 1130 2546 cujus
1152 2493 1320 2531 miraculi
1352 2506 1564 2545 processum
1587 2494 1715 2534 fuisse.
1748 2494 1837 2548 Ejus

1027 2573 1118 2609 opus
1152 2574 1163 2599 z
1195 2560 1419 2611 Confutatio
1448 2562 1605 2613 imperii
1638 2558 1760 2615 Papoe
1789 2564 1837 2601 in

1027 2622 1268 2672 Ecclesiam,
1304 2639 1324 2663 a
1364 2625 1606 2665 schismaticis
1636 2627 1836 2679 anglicanis

1025 2690 1186 2741 primum
1221 2689 1438 2729 translatum
1464 2705 1508 2730 ac
1538 2691 1726 2744 vulgatum
1764 2693 1837 2733 fuit

1025 2754 1186 2794 Londini
1207 2756 1308 2809 apud
1331 2756 1445 2795 Joan.
1473 2756 1606 2810 Taylor
1627 2772 1691 2797 an.
1718 2771 1834 2812 1702,

1026 2828 1069 2859 nt
1091 2821 1216 2861 odium
1231 2825 1271 2861 in
1296 2822 1500 2861 Ecclesiam
1522 2837 1712 2863 romanam
1735 2824 1836 2876 apud

1026 2900 1110 2926 suos
1130 2888 1381 2927 confoverent.
1399 2886 1472 2927 Sed
1489 2888 1579 2928 adeo
1602 2892 1834 2940 incomptum

1026 2959 1061 2991 et
1089 2953 1322 2993 inconditum
1351 2958 1407 2992 est
1433 2953 1618 3007 ejusmodi
1644 2966 1763 3005 opus,
1792 2960 1835 2992 ut

1025 3019 1153 3070 paucis
1176 3011 1307 3058 fucum
1331 3024 1430 3058 certe
1458 3019 1579 3059 facere
1602 3020 1778 3071 potuerit.
