<?xml version="1.0" encoding="UTF-8"?>
<!DOCTYPE html PUBLIC "-//W3C//DTD XHTML 1.0 Transitional//EN"
    "http://www.w3.org/TR/xhtml1/DTD/xhtml1-transitional.dtd">
<html xmlns="http://www.w3.org/1999/xhtml" xml:lang="en" lang="en">
 <head>
  <title>
</title>
<meta http-equiv="Content-Type" content="text/html;charset=utf-8" />
  <meta name='ocr-system' content='tesseract 3.04.00' />
  <meta name='ocr-capabilities' content='ocr_page ocr_carea ocr_par ocr_line ocrx_word'/>
</head>
<body>
  <div class='ocr_page' id='page_1' title='image "./praelectionestheo08perruoft/praelectionestheo08perruoft_0248.png"; bbox 0 0 2028 3354; ppageno 0'>
   <div class='ocr_carea' id='block_1_1' title="bbox 219 196 1434 245">
    <p class='ocr_par' dir='ltr' id='par_1_1' title="bbox 219 196 1434 245">
     <span class='ocr_line' id='line_1_1' title="bbox 219 196 1434 245; baseline -0.001 -3"><span class='ocrx_word' id='word_1_1' title='bbox 219 196 314 243; x_wconf 78' lang='lat'><em>236</em></span> <span class='ocrx_word' id='word_1_2' title='bbox 692 211 853 240; x_wconf 63' lang='lat' dir='ltr'><em>TnAc&#39;r.</em></span> <span class='ocrx_word' id='word_1_3' title='bbox 892 211 947 245; x_wconf 76' lang='lat' dir='ltr'><em>DE</em></span> <span class='ocrx_word' id='word_1_4' title='bbox 981 213 1101 242; x_wconf 72' lang='lat' dir='ltr'><em>zonis</em></span> <span class='ocrx_word' id='word_1_5' title='bbox 1135 213 1434 243; x_wconf 69' lang='lat' dir='ltr'><em>rnnoromms.</em></span> 
     </span>
    </p>
   </div>
   <div class='ocr_carea' id='block_1_2' title="bbox 214 322 1923 2444">
    <p class='ocr_par' dir='ltr' id='par_1_2' title="bbox 214 322 1918 1682">
     <span class='ocr_line' id='line_1_2' title="bbox 216 322 1905 388; baseline -0.004 -12"><span class='ocrx_word' id='word_1_6' title='bbox 216 329 420 375; x_wconf 73' lang='lat' dir='ltr'><em>custodit</em></span> <span class='ocrx_word' id='word_1_7' title='bbox 439 324 524 388; x_wconf 84' lang='lat' dir='ltr'><em>(l)</em></span> <span class='ocrx_word' id='word_1_8' title='bbox 544 325 591 370; x_wconf 90' lang='lat' dir='ltr'><em>S.</em></span> <span class='ocrx_word' id='word_1_9' title='bbox 623 322 965 387; x_wconf 80' lang='lat' dir='ltr'><strong>Hieronymus:</strong></span> <span class='ocrx_word' id='word_1_10' title='bbox 991 325 1237 387; x_wconf 77' lang='lat' dir='ltr'><strong><em>Poteram,</em></strong></span> <span class='ocrx_word' id='word_1_11' title='bbox 1264 324 1451 384; x_wconf 74' lang='lat' dir='ltr'><em>scribit⁷</em></span> <span class='ocrx_word' id='word_1_12' title='bbox 1479 325 1606 372; x_wconf 82' lang='lat' dir='ltr'><em>diem</em></span> <span class='ocrx_word' id='word_1_13' title='bbox 1633 326 1905 372; x_wconf 74' lang='lat' dir='ltr'><em>istiusmodi</em></span> 
     </span>
     <span class='ocr_line' id='line_1_3' title="bbox 218 401 1905 467; baseline -0.003 -15"><span class='ocrx_word' id='word_1_14' title='bbox 218 406 396 467; x_wconf 85' lang='lat' dir='ltr'><em>eloquio</em></span> <span class='ocrx_word' id='word_1_15' title='bbox 432 402 602 447; x_wconf 83' lang='lat' dir='ltr'><em>ducere</em></span> <span class='ocrx_word' id='word_1_16' title='bbox 622 435 635 459; x_wconf 64' lang='lat' dir='ltr'>o</span> <span class='ocrx_word' id='word_1_17' title='bbox 675 408 720 446; x_wconf 91' lang='lat' dir='ltr'><em>et</em></span> <span class='ocrx_word' id='word_1_18' title='bbox 746 416 904 446; x_wconf 88' lang='lat' dir='ltr'><em>omnes</em></span> <span class='ocrx_word' id='word_1_19' title='bbox 922 404 1307 463; x_wconf 77' lang='lat' dir='ltr'><em>propositionum</em></span> <span class='ocrx_word' id='word_1_20' title='bbox 1339 404 1522 449; x_wconf 83' lang='lat' dir='ltr'><em>rivulos</em></span> <span class='ocrx_word' id='word_1_21' title='bbox 1554 418 1652 449; x_wconf 89' lang='lat' dir='ltr'><em>uno</em></span> <span class='ocrx_word' id='word_1_22' title='bbox 1684 401 1905 449; x_wconf 87' lang='lat' dir='ltr'><em>Ecclesioe</em></span> 
     </span>
     <span class='ocr_line' id='line_1_4' title="bbox 218 476 1907 542; baseline -0.003 -15"><span class='ocrx_word' id='word_1_23' title='bbox 218 482 307 527; x_wconf 86' lang='lat' dir='ltr'><em>sole</em></span> <span class='ocrx_word' id='word_1_24' title='bbox 318 482 497 525; x_wconf 84' lang='lat' dir='ltr'><em>siccare</em></span> <span class='ocrx_word' id='word_1_25' title='bbox 515 476 602 540; x_wconf 81' lang='lat'><em>(2).</em></span> <span class='ocrx_word' id='word_1_26' title='bbox 617 477 673 523; x_wconf 88' lang='lat' dir='ltr'><em>Et</em></span> <span class='ocrx_word' id='word_1_27' title='bbox 691 491 878 523; x_wconf 89' lang='lat' dir='ltr'><em>rursum</em></span> <span class='ocrx_word' id='word_1_28' title='bbox 893 494 903 523; x_wconf 74' lang='grc' dir='ltr'>ε</span> <span class='ocrx_word' id='word_1_29' title='bbox 917 476 999 524; x_wconf 73' lang='lat' dir='ltr'><em>Ea·</em></span> <span class='ocrx_word' id='word_1_30' title='bbox 1016 493 1109 539; x_wconf 91' lang='lat' dir='ltr'><em>quo</em></span> <span class='ocrx_word' id='word_1_31' title='bbox 1130 479 1457 542; x_wconf 68' lang='lat' dir='ltr'><em>intelliqimus7</em></span> <span class='ocrx_word' id='word_1_32' title='bbox 1474 479 1742 527; x_wconf 79' lang='lat' dir='ltr'><em>Ecclesiam</em></span> <span class='ocrx_word' id='word_1_33' title='bbox 1758 493 1907 539; x_wconf 85' lang='lat' dir='ltr'><em>usque</em></span> 
     </span>
     <span class='ocr_line' id='line_1_5' title="bbox 218 551 1907 617; baseline -0.002 -15"><span class='ocrx_word' id='word_1_34' title='bbox 218 556 287 602; x_wconf 81' lang='lat' dir='ltr'><em>ad</em></span> <span class='ocrx_word' id='word_1_35' title='bbox 313 555 463 617; x_wconf 79' lang='lat' dir='ltr'><em>finem</em></span> <span class='ocrx_word' id='word_1_36' title='bbox 494 553 673 599; x_wconf 82' lang='lat' dir='ltr'><em>mundi</em></span> <span class='ocrx_word' id='word_1_37' title='bbox 712 555 904 599; x_wconf 83' lang='lat' dir='ltr'><em>concuti</em></span> <span class='ocrx_word' id='word_1_38' title='bbox 933 551 1127 615; x_wconf 85' lang='lat' dir='ltr'><em>quidem</em></span> <span class='ocrx_word' id='word_1_39' title='bbox 1156 556 1591 616; x_wconf 74' lang='lat' dir='ltr'><em>persecutionibus,</em></span> <span class='ocrx_word' id='word_1_40' title='bbox 1625 555 1706 600; x_wconf 80' lang='lat' dir='ltr'><em>sed</em></span> <span class='ocrx_word' id='word_1_41' title='bbox 1726 570 1907 615; x_wconf 84' lang='lat' dir='ltr'><em>nequa·-</em></span> 
     </span>
     <span class='ocr_line' id='line_1_6' title="bbox 217 629 1908 694; baseline -0.002 -17"><span class='ocrx_word' id='word_1_42' title='bbox 217 648 367 694; x_wconf 84' lang='lat' dir='ltr'><em>quam</em></span> <span class='ocrx_word' id='word_1_43' title='bbox 398 646 529 693; x_wconf 84' lang='lat' dir='ltr'><em>posse</em></span> <span class='ocrx_word' id='word_1_44' title='bbox 550 629 768 675; x_wconf 82' lang='lat' dir='ltr'><em>subverti</em></span> <span class='ocrx_word' id='word_1_45' title='bbox 777 648 792 681; x_wconf 89' lang='lat'><em>;</em></span> <span class='ocrx_word' id='word_1_46' title='bbox 831 632 1037 688; x_wconf 72' lang='lat' dir='ltr'><em>tentari,</em></span> <span class='ocrx_word' id='word_1_47' title='bbox 1069 646 1167 676; x_wconf 90' lang='lat' dir='ltr'><em>non</em></span> <span class='ocrx_word' id='word_1_48' title='bbox 1191 631 1418 692; x_wconf 83' lang='lat' dir='ltr'><em>superari</em></span> <span class='ocrx_word' id='word_1_49' title='bbox 1437 648 1453 681; x_wconf 88' lang='lat'><em>;</em></span> <span class='ocrx_word' id='word_1_50' title='bbox 1482 639 1525 676; x_wconf 91' lang='lat' dir='ltr'><em>et</em></span> <span class='ocrx_word' id='word_1_51' title='bbox 1543 631 1625 677; x_wconf 76' lang='lat' dir='ltr'><em>hoc</em></span> <span class='ocrx_word' id='word_1_52' title='bbox 1646 631 1757 692; x_wconf 84' lang='lat' dir='ltr'><em>fiet,</em></span> <span class='ocrx_word' id='word_1_53' title='bbox 1789 629 1908 691; x_wconf 86' lang='lat' dir='ltr'><em>quia</em></span> 
     </span>
     <span class='ocr_line' id='line_1_7' title="bbox 216 705 1906 768; baseline -0.003 -14"><span class='ocrx_word' id='word_1_54' title='bbox 216 708 458 755; x_wconf 77' lang='lat' dir='ltr'><em>Dominus</em></span> <span class='ocrx_word' id='word_1_55' title='bbox 493 706 623 753; x_wconf 86' lang='lat' dir='ltr'><em>Deus</em></span> <span class='ocrx_word' id='word_1_56' title='bbox 652 706 972 768; x_wconf 76' lang='lat' dir='ltr'><em>omnipotens,</em></span> <span class='ocrx_word' id='word_1_57' title='bbox 1002 708 1098 751; x_wconf 83' lang='lat' dir='ltr'><em>sive</em></span> <span class='ocrx_word' id='word_1_58' title='bbox 1138 706 1378 752; x_wconf 75' lang='lat' dir='ltr'><em>Dominus</em></span> <span class='ocrx_word' id='word_1_59' title='bbox 1408 705 1539 751; x_wconf 90' lang='lat' dir='ltr'><em>Deus</em></span> <span class='ocrx_word' id='word_1_60' title='bbox 1571 709 1670 768; x_wconf 72' lang='lat' dir='ltr'><em>ejus</em></span> <span class='ocrx_word' id='word_1_61' title='bbox 1683 740 1701 762; x_wconf 91' lang='lat'><em>,</em></span> <span class='ocrx_word' id='word_1_62' title='bbox 1738 705 1794 750; x_wconf 86' lang='lat' dir='ltr'><em>iol</em></span> <span class='ocrx_word' id='word_1_63' title='bbox 1811 712 1906 762; x_wconf 68' lang='lat' dir='ltr'><em>est,</em></span> 
     </span>
     <span class='ocr_line' id='line_1_8' title="bbox 218 781 1910 844; baseline -0.003 -13"><span class='ocrx_word' id='word_1_64' title='bbox 218 783 473 837; x_wconf 69' lang='lat' dir='ltr'><em>Ecclesiae,</em></span> <span class='ocrx_word' id='word_1_65' title='bbox 506 798 552 827; x_wconf 88' lang='lat' dir='ltr'><em>se</em></span> <span class='ocrx_word' id='word_1_66' title='bbox 577 783 836 843; x_wconf 83' lang='lat' dir='ltr'><em>facturum</em></span> <span class='ocrx_word' id='word_1_67' title='bbox 867 798 962 828; x_wconf 85' lang='lat' dir='ltr'><em>esse</em></span> <span class='ocrx_word' id='word_1_68' title='bbox 985 782 1227 844; x_wconf 78' lang='lat' dir='ltr'><em>pollicitus</em></span> <span class='ocrx_word' id='word_1_69' title='bbox 1257 788 1354 834; x_wconf 88' lang='lat' dir='ltr'><em>est;</em></span> <span class='ocrx_word' id='word_1_70' title='bbox 1385 783 1529 842; x_wconf 68' lang='lat' dir='ltr'><em>cujus</em></span> <span class='ocrx_word' id='word_1_71' title='bbox 1547 783 1804 843; x_wconf 77' lang='lat' dir='ltr'><em>promissio</em></span> <span class='ocrx_word' id='word_1_72' title='bbox 1836 781 1910 825; x_wconf 74' lang='lat' dir='ltr'><em>lea·</em></span> 
     </span>
     <span class='ocr_line' id='line_1_9' title="bbox 216 856 1910 921; baseline -0.004 -15"><span class='ocrx_word' id='word_1_73' title='bbox 216 867 407 906; x_wconf 78' lang='lat' dir='ltr'><em>naturae</em></span> <span class='ocrx_word' id='word_1_74' title='bbox 427 865 493 905; x_wconf 89' lang='lat' dir='ltr'><em>est</em></span> <span class='ocrx_word' id='word_1_75' title='bbox 525 856 615 919; x_wconf 83' lang='lat'><em>(3).</em></span> <span class='ocrx_word' id='word_1_76' title='bbox 654 857 711 902; x_wconf 67' lang='lat' dir='ltr'><em>Et</em></span> <span class='ocrx_word' id='word_1_77' title='bbox 735 856 848 902; x_wconf 87' lang='lat' dir='ltr'><em>alibi</em></span> <span class='ocrx_word' id='word_1_78' title='bbox 878 874 888 902; x_wconf 93' lang='lat'>:</span> <span class='ocrx_word' id='word_1_79' title='bbox 924 857 1019 904; x_wconf 84' lang='lat' dir='ltr'><em>Cui</em></span> <span class='ocrx_word' id='word_1_80' title='bbox 1042 856 1279 921; x_wconf 84' lang='lat' dir='ltr'><em>(ecclesiae</em></span> <span class='ocrx_word' id='word_1_81' title='bbox 1301 856 1321 920; x_wconf 87' lang='lat'><strong>)</strong></span> <span class='ocrx_word' id='word_1_82' title='bbox 1352 857 1568 903; x_wconf 81' lang='lat' dir='ltr'><em>dicitur:</em></span> <span class='ocrx_word' id='word_1_83' title='bbox 1597 856 1780 918; x_wconf 5' lang='lat' dir='ltr'><em>Surge.)</em></span> <span class='ocrx_word' id='word_1_84' title='bbox 1801 857 1910 902; x_wconf 84' lang='lat' dir='ltr'><em>illu-</em></span> 
     </span>
     <span class='ocr_line' id='line_1_10' title="bbox 218 932 1914 996; baseline -0.003 -14"><span class='ocrx_word' id='word_1_85' title='bbox 218 938 414 982; x_wconf 84' lang='lat' dir='ltr'><em>minare</em></span> <span class='ocrx_word' id='word_1_86' title='bbox 430 970 442 993; x_wconf 68' lang='lat' dir='ltr'>a</span> <span class='ocrx_word' id='word_1_87' title='bbox 466 942 520 980; x_wconf 86' lang='lat' dir='ltr'><em>ut</em></span> <span class='ocrx_word' id='word_1_88' title='bbox 536 950 643 996; x_wconf 82' lang='lat' dir='ltr'><em>quoe</em></span> <span class='ocrx_word' id='word_1_89' title='bbox 663 933 837 979; x_wconf 83' lang='lat' dir='ltr'><em>cecidit</em></span> <span class='ocrx_word' id='word_1_90' title='bbox 858 936 913 980; x_wconf 84' lang='lat' dir='ltr'><em>in</em></span> <span class='ocrx_word' id='word_1_91' title='bbox 941 934 1204 980; x_wconf 82' lang='lat' dir='ltr'><em>incredulis</em></span> <span class='ocrx_word' id='word_1_92' title='bbox 1233 934 1250 996; x_wconf 96' lang='lat'><strong>(</strong></span> <span class='ocrx_word' id='word_1_93' title='bbox 1268 935 1296 980; x_wconf 86' lang='lat' dir='ltr'>J</span> <span class='ocrx_word' id='word_1_94' title='bbox 1301 932 1438 979; x_wconf 84' lang='lat' dir='ltr'><em>udaeis</em></span> <span class='ocrx_word' id='word_1_95' title='bbox 1460 933 1505 996; x_wconf 60' lang='lat'><em>).</em></span> <span class='ocrx_word' id='word_1_96' title='bbox 1538 941 1705 996; x_wconf 72' lang='lat' dir='ltr'><em>suryat</em></span> <span class='ocrx_word' id='word_1_97' title='bbox 1722 934 1778 978; x_wconf 85' lang='lat' dir='ltr'><em>in</em></span> <span class='ocrx_word' id='word_1_98' title='bbox 1798 933 1914 994; x_wconf 77' lang='lat' dir='ltr'><em>fiole-</em></span> 
     </span>
     <span class='ocr_line' id='line_1_11' title="bbox 218 1011 1915 1073; baseline -0.004 -15"><span class='ocrx_word' id='word_1_99' title='bbox 218 1013 383 1066; x_wconf 85' lang='lat' dir='ltr'><em>lihus,·</em></span> <span class='ocrx_word' id='word_1_100' title='bbox 425 1018 473 1056; x_wconf 87' lang='lat' dir='ltr'><em>et</em></span> <span class='ocrx_word' id='word_1_101' title='bbox 502 1017 761 1073; x_wconf 77' lang='lat' dir='ltr'><em>postquam</em></span> <span class='ocrx_word' id='word_1_102' title='bbox 805 1012 1100 1067; x_wconf 67' lang='lat' dir='ltr'><em>surrex-erit,</em></span> <span class='ocrx_word' id='word_1_103' title='bbox 1137 1011 1463 1063; x_wconf 77' lang='lat' dir='ltr'><em>illuminetur,</em></span> <span class='ocrx_word' id='word_1_104' title='bbox 1504 1017 1563 1055; x_wconf 88' lang='lat' dir='ltr'><em>ut</em></span> <span class='ocrx_word' id='word_1_105' title='bbox 1606 1024 1915 1071; x_wconf 82' lang='lat' dir='ltr'><em>nequaquam</em></span> 
     </span>
     <span class='ocr_line' id='line_1_12' title="bbox 220 1084 1917 1149; baseline -0.004 -14"><span class='ocrx_word' id='word_1_106' title='bbox 220 1089 431 1135; x_wconf 76' lang='lat' dir='ltr'><em>habeant</em></span> <span class='ocrx_word' id='word_1_107' title='bbox 460 1090 639 1133; x_wconf 78' lang='lat' dir='ltr'><em>erroris</em></span> <span class='ocrx_word' id='word_1_108' title='bbox 666 1085 886 1131; x_wconf 81' lang='lat' dir='ltr'><em>tenebras</em></span> <span class='ocrx_word' id='word_1_109' title='bbox 907 1085 998 1148; x_wconf 80' lang='lat'><strong>(4).</strong></span> <span class='ocrx_word' id='word_1_110' title='bbox 1036 1086 1082 1131; x_wconf 90' lang='lat' dir='ltr'><em>S.</em></span> <span class='ocrx_word' id='word_1_111' title='bbox 1111 1085 1391 1149; x_wconf 78' lang='lat' dir='ltr'><em>Augustinus</em></span> <span class='ocrx_word' id='word_1_112' title='bbox 1418 1102 1429 1130; x_wconf 73' lang='grc' dir='ltr'>ι</span> <span class='ocrx_word' id='word_1_113' title='bbox 1459 1084 1577 1147; x_wconf 78' lang='lat' dir='ltr'><em>Ipsa</em></span> <span class='ocrx_word' id='word_1_114' title='bbox 1602 1092 1668 1131; x_wconf 90' lang='lat' dir='ltr'><em>est</em></span> <span class='ocrx_word' id='word_1_115' title='bbox 1699 1084 1917 1131; x_wconf 81' lang='lat' dir='ltr'><em>Ecclesia</em></span> 
     </span>
     <span class='ocr_line' id='line_1_13' title="bbox 220 1160 1918 1220; baseline -0.005 -8"><span class='ocrx_word' id='word_1_116' title='bbox 220 1172 418 1220; x_wconf 74' lang='lat' dir='ltr'><em>sancta,</em></span> <span class='ocrx_word' id='word_1_117' title='bbox 437 1163 655 1209; x_wconf 86' lang='lat' dir='ltr'><em>Ecclesia</em></span> <span class='ocrx_word' id='word_1_118' title='bbox 677 1178 775 1208; x_wconf 86' lang='lat' dir='ltr'><em>una</em></span> <span class='ocrx_word' id='word_1_119' title='bbox 790 1198 803 1216; x_wconf 92' lang='lat'>‚</span> <span class='ocrx_word' id='word_1_120' title='bbox 822 1161 1037 1207; x_wconf 80' lang='lat' dir='ltr'><em>Ecclesia</em></span> <span class='ocrx_word' id='word_1_121' title='bbox 1055 1178 1165 1207; x_wconf 87' lang='lat' dir='ltr'><em>vera</em></span> <span class='ocrx_word' id='word_1_122' title='bbox 1177 1195 1194 1217; x_wconf 86' lang='lat'><em>,</em></span> <span class='ocrx_word' id='word_1_123' title='bbox 1222 1161 1437 1208; x_wconf 88' lang='lat' dir='ltr'><em>Ecclesia</em></span> <span class='ocrx_word' id='word_1_124' title='bbox 1459 1160 1691 1206; x_wconf 79' lang='lat' dir='ltr'><em>catholica</em></span> <span class='ocrx_word' id='word_1_125' title='bbox 1715 1195 1728 1219; x_wconf 69' lang='lat'>‚</span> <span class='ocrx_word' id='word_1_126' title='bbox 1750 1167 1918 1206; x_wconf 85' lang='lat' dir='ltr'><em>contra</em></span> 
     </span>
     <span class='ocr_line' id='line_1_14' title="bbox 223 1238 1916 1301; baseline -0.005 -13"><span class='ocrx_word' id='word_1_127' title='bbox 223 1258 382 1288; x_wconf 86' lang='lat' dir='ltr'><em>omnes</em></span> <span class='ocrx_word' id='word_1_128' title='bbox 411 1239 604 1285; x_wconf 73' lang='lat' dir='ltr'><em>koereses</em></span> <span class='ocrx_word' id='word_1_129' title='bbox 617 1254 849 1301; x_wconf 73' lang='lat' dir='ltr'><em>puynans</em></span> <span class='ocrx_word' id='word_1_130' title='bbox 868 1253 885 1292; x_wconf 87' lang='lat'><em>,·</em></span> <span class='ocrx_word' id='word_1_131' title='bbox 904 1252 1131 1300; x_wconf 71' lang='lat' dir='ltr'><em>pchnare</em></span> <span class='ocrx_word' id='word_1_132' title='bbox 1142 1245 1322 1299; x_wconf 87' lang='lat' dir='ltr'><em>potest,</em></span> <span class='ocrx_word' id='word_1_133' title='bbox 1345 1238 1620 1299; x_wconf 45' lang='lat' dir='ltr'><em>capu-quari</em></span> <span class='ocrx_word' id='word_1_134' title='bbox 1634 1243 1793 1281; x_wconf 84' lang='lat' dir='ltr'><em>tamen</em></span> <span class='ocrx_word' id='word_1_135' title='bbox 1819 1251 1916 1281; x_wconf 86' lang='lat' dir='ltr'><em>non</em></span> 
     </span>
     <span class='ocr_line' id='line_1_15' title="bbox 214 1314 1917 1382; baseline -0.005 -19"><span class='ocrx_word' id='word_1_136' title='bbox 214 1325 382 1382; x_wconf 83' lang='lat' dir='ltr'><em>potest.</em></span> <span class='ocrx_word' id='word_1_137' title='bbox 428 1316 642 1362; x_wconf 83' lang='lat' dir='ltr'><em>Hoerescs</em></span> <span class='ocrx_word' id='word_1_138' title='bbox 686 1330 845 1359; x_wconf 88' lang='lat' dir='ltr'><em>omnes</em></span> <span class='ocrx_word' id='word_1_139' title='bbox 882 1314 938 1359; x_wconf 83' lang='lat' dir='ltr'><em>de</em></span> <span class='ocrx_word' id='word_1_140' title='bbox 973 1315 1058 1359; x_wconf 88' lang='lat' dir='ltr'><em>illa</em></span> <span class='ocrx_word' id='word_1_141' title='bbox 1110 1315 1358 1369; x_wconf 68' lang='lat' dir='ltr'><em>exierunt,</em></span> <span class='ocrx_word' id='word_1_142' title='bbox 1395 1320 1630 1374; x_wconf 87' lang='lat' dir='ltr'><em>tanquam</em></span> <span class='ocrx_word' id='word_1_143' title='bbox 1672 1318 1917 1357; x_wconf 83' lang='lat' dir='ltr'><em>sarmenta</em></span> 
     </span>
     <span class='ocr_line' id='line_1_16' title="bbox 224 1387 1916 1452; baseline -0.006 -12"><span class='ocrx_word' id='word_1_144' title='bbox 224 1394 426 1440; x_wconf 82' lang='lat' dir='ltr'><em>inutilia</em></span> <span class='ocrx_word' id='word_1_145' title='bbox 449 1391 505 1437; x_wconf 83' lang='lat' dir='ltr'><em>de</em></span> <span class='ocrx_word' id='word_1_146' title='bbox 538 1393 628 1436; x_wconf 83' lang='lat' dir='ltr'><em>vite</em></span> <span class='ocrx_word' id='word_1_147' title='bbox 648 1392 855 1452; x_wconf 66' lang='lat' dir='ltr'><em>praecisa</em></span> <span class='ocrx_word' id='word_1_148' title='bbox 873 1405 889 1443; x_wconf 90' lang='grc'><em>;</em></span> <span class='ocrx_word' id='word_1_149' title='bbox 910 1392 1020 1451; x_wconf 87' lang='lat' dir='ltr'><em>ipsa</em></span> <span class='ocrx_word' id='word_1_150' title='bbox 1049 1397 1210 1435; x_wconf 88' lang='lat' dir='ltr'><em>autem</em></span> <span class='ocrx_word' id='word_1_151' title='bbox 1245 1395 1408 1435; x_wconf 88' lang='lat' dir='ltr'><em>manet</em></span> <span class='ocrx_word' id='word_1_152' title='bbox 1444 1390 1500 1434; x_wconf 84' lang='lat' dir='ltr'><em>in</em></span> <span class='ocrx_word' id='word_1_153' title='bbox 1522 1387 1686 1432; x_wconf 84' lang='lat' dir='ltr'><em>radice</em></span> <span class='ocrx_word' id='word_1_154' title='bbox 1713 1403 1830 1440; x_wconf 89' lang='lat' dir='ltr'><em>sua,</em></span> <span class='ocrx_word' id='word_1_155' title='bbox 1859 1388 1916 1431; x_wconf 86' lang='lat' dir='ltr'><em>in</em></span> 
     </span>
     <span class='ocr_line' id='line_1_17' title="bbox 220 1460 1917 1526; baseline -0.006 -10"><span class='ocrx_word' id='word_1_156' title='bbox 220 1471 458 1516; x_wconf 75' lang='lat' dir='ltr'><em>charitate</em></span> <span class='ocrx_word' id='word_1_157' title='bbox 488 1484 594 1513; x_wconf 89' lang='lat' dir='ltr'><em>sua.</em></span> <span class='ocrx_word' id='word_1_158' title='bbox 627 1469 785 1512; x_wconf 80' lang='lat' dir='ltr'><em>Portae</em></span> <span class='ocrx_word' id='word_1_159' title='bbox 818 1467 1090 1526; x_wconf 82' lang='lat' dir='ltr'><em>infe-rorum</em></span> <span class='ocrx_word' id='word_1_160' title='bbox 1116 1481 1212 1510; x_wconf 86' lang='lat' dir='ltr'><em>non</em></span> <span class='ocrx_word' id='word_1_161' title='bbox 1246 1467 1439 1509; x_wconf 80' lang='lat' dir='ltr'><em>vincent</em></span> <span class='ocrx_word' id='word_1_162' title='bbox 1463 1479 1569 1508; x_wconf 90' lang='lat' dir='ltr'><em>eam</em></span> <span class='ocrx_word' id='word_1_163' title='bbox 1597 1461 1688 1524; x_wconf 84' lang='lat'><em>(5).</em></span> <span class='ocrx_word' id='word_1_164' title='bbox 1725 1462 1780 1507; x_wconf 85' lang='lat' dir='ltr'><em>Et</em></span> <span class='ocrx_word' id='word_1_165' title='bbox 1820 1460 1917 1507; x_wconf 86' lang='lat' dir='ltr'><em>haec</em></span> 
     </span>
     <span class='ocr_line' id='line_1_18' title="bbox 226 1536 1917 1611; baseline -0.005 -20"><span class='ocrx_word' id='word_1_166' title='bbox 226 1543 492 1611; x_wconf 85' lang='lat' dir='ltr'><em>speciminis</em></span> <span class='ocrx_word' id='word_1_167' title='bbox 525 1541 695 1604; x_wconf 67' lang='lat' dir='ltr'><em>gratia,</em></span> <span class='ocrx_word' id='word_1_168' title='bbox 732 1539 900 1606; x_wconf 89' lang='lat' dir='ltr'><em>quibus</em></span> <span class='ocrx_word' id='word_1_169' title='bbox 932 1556 1033 1605; x_wconf 85' lang='lat' dir='ltr'><em>quae</em></span> <span class='ocrx_word' id='word_1_170' title='bbox 1064 1539 1273 1605; x_wconf 85' lang='lat' dir='ltr'><em>superius</em></span> <span class='ocrx_word' id='word_1_171' title='bbox 1295 1537 1535 1586; x_wconf 76' lang='lat' dir='ltr'><em>attulimus</em></span> <span class='ocrx_word' id='word_1_172' title='bbox 1573 1536 1764 1584; x_wconf 86' lang='lat' dir='ltr'><em>mirifice</em></span> <span class='ocrx_word' id='word_1_173' title='bbox 1798 1552 1917 1583; x_wconf 89' lang='lat' dir='ltr'><em>con-</em></span> 
     </span>
     <span class='ocr_line' id='line_1_19' title="bbox 227 1618 591 1682; baseline -0.008 -15"><span class='ocrx_word' id='word_1_174' title='bbox 227 1621 475 1667; x_wconf 88' lang='lat' dir='ltr'><em>firmantur</em></span> <span class='ocrx_word' id='word_1_175' title='bbox 503 1618 591 1682; x_wconf 90' lang='grc'>(6).</span> 
     </span>
    </p>

    <p class='ocr_par' dir='ltr' id='par_1_3' title="bbox 229 1687 1923 2353">
     <span class='ocr_line' id='line_1_20' title="bbox 291 1687 1918 1758; baseline -0.005 -15"><span class='ocrx_word' id='word_1_176' title='bbox 291 1696 404 1744; x_wconf 83' lang='grc'><strong>358.</strong></span> <span class='ocrx_word' id='word_1_177' title='bbox 443 1695 588 1742; x_wconf 89' lang='lat' dir='ltr'><em>Testis</em></span> <span class='ocrx_word' id='word_1_178' title='bbox 615 1693 784 1741; x_wconf 88' lang='lat' dir='ltr'><em>deinde</em></span> <span class='ocrx_word' id='word_1_179' title='bbox 805 1693 942 1756; x_wconf 86' lang='lat' dir='ltr'><em>hujus</em></span> <span class='ocrx_word' id='word_1_180' title='bbox 965 1693 1085 1740; x_wconf 87' lang='lat' dir='ltr'><em>dotis</em></span> <span class='ocrx_word' id='word_1_181' title='bbox 1108 1701 1177 1741; x_wconf 89' lang='lat' dir='ltr'><em>est</em></span> <span class='ocrx_word' id='word_1_182' title='bbox 1194 1694 1294 1758; x_wconf 91' lang='lat' dir='ltr'><em>ipsa</em></span> <span class='ocrx_word' id='word_1_183' title='bbox 1321 1691 1548 1757; x_wconf 89' lang='lat' dir='ltr'><em>possessio</em></span> <span class='ocrx_word' id='word_1_184' title='bbox 1564 1727 1577 1752; x_wconf 89' lang='lat'>,</span> <span class='ocrx_word' id='word_1_185' title='bbox 1601 1696 1742 1755; x_wconf 86' lang='lat' dir='ltr'><em>qua&#39;m</em></span> <span class='ocrx_word' id='word_1_186' title='bbox 1763 1687 1918 1735; x_wconf 88' lang='lat' dir='ltr'><em>Eccle-</em></span> 
     </span>
     <span class='ocr_line' id='line_1_21' title="bbox 229 1764 1919 1834; baseline -0.006 -14"><span class='ocrx_word' id='word_1_187' title='bbox 229 1774 294 1820; x_wconf 85' lang='lat' dir='ltr'><em>sia</em></span> <span class='ocrx_word' id='word_1_188' title='bbox 315 1770 520 1819; x_wconf 83' lang='lat' dir='ltr'><em>ostendit</em></span> <span class='ocrx_word' id='word_1_189' title='bbox 547 1778 773 1834; x_wconf 87' lang='lat' dir='ltr'><em>perpetua</em></span> <span class='ocrx_word' id='word_1_190' title='bbox 803 1787 882 1816; x_wconf 88' lang='lat' dir='ltr'><em>sua</em></span> <span class='ocrx_word' id='word_1_191' title='bbox 910 1769 1078 1833; x_wconf 82' lang='lat' dir='ltr'><em>agendi</em></span> <span class='ocrx_word' id='word_1_192' title='bbox 1108 1769 1314 1829; x_wconf 61' lang='lat' dir='ltr'><em>ratione,</em></span> <span class='ocrx_word' id='word_1_193' title='bbox 1353 1766 1412 1814; x_wconf 89' lang='lat' dir='ltr'><em>ab</em></span> <span class='ocrx_word' id='word_1_194' title='bbox 1444 1776 1577 1814; x_wconf 84' lang='lat' dir='ltr'><em>aetate</em></span> <span class='ocrx_word' id='word_1_195' title='bbox 1599 1764 1847 1830; x_wconf 88' lang='lat' dir='ltr'><em>apostolica</em></span> <span class='ocrx_word' id='word_1_196' title='bbox 1871 1774 1919 1811; x_wconf 86' lang='lat' dir='ltr'><em>et</em></span> 
     </span>
     <span class='ocr_line' id='line_1_22' title="bbox 229 1840 1919 1911; baseline -0.007 -14"><span class='ocrx_word' id='word_1_197' title='bbox 229 1848 390 1897; x_wconf 88' lang='lat' dir='ltr'><em>seculis</em></span> <span class='ocrx_word' id='word_1_198' title='bbox 420 1845 772 1911; x_wconf 87' lang='lat' dir='ltr'><em>insequentibus</em></span> <span class='ocrx_word' id='word_1_199' title='bbox 801 1862 946 1910; x_wconf 89' lang='lat' dir='ltr'><em>usque</em></span> <span class='ocrx_word' id='word_1_200' title='bbox 981 1845 1041 1892; x_wconf 88' lang='lat' dir='ltr'><em>ad</em></span> <span class='ocrx_word' id='word_1_201' title='bbox 1061 1863 1172 1905; x_wconf 74' lang='lat' dir='ltr'><em>nos,</em></span> <span class='ocrx_word' id='word_1_202' title='bbox 1200 1853 1252 1891; x_wconf 88' lang='lat' dir='ltr'><em>ut</em></span> <span class='ocrx_word' id='word_1_203' title='bbox 1286 1851 1467 1891; x_wconf 89' lang='lat' dir='ltr'><em>constat</em></span> <span class='ocrx_word' id='word_1_204' title='bbox 1496 1859 1554 1890; x_wconf 80' lang='lat' dir='ltr'><em>ex</em></span> <span class='ocrx_word' id='word_1_205' title='bbox 1591 1842 1743 1888; x_wconf 90' lang='lat' dir='ltr'><em>omnis</em></span> <span class='ocrx_word' id='word_1_206' title='bbox 1772 1840 1919 1888; x_wconf 85' lang='lat' dir='ltr'><em>aetatis</em></span> 
     </span>
     <span class='ocr_line' id='line_1_23' title="bbox 232 1993 1920 2061; baseline -0.005 -14"><span class='ocrx_word' id='word_1_207' title='bbox 232 2000 427 2047; x_wconf 85' lang='lat' dir='ltr'><em>Ecclesia</em></span> <span class='ocrx_word' id='word_1_208' title='bbox 461 2015 623 2046; x_wconf 88' lang='lat' dir='ltr'><em>omnes</em></span> <span class='ocrx_word' id='word_1_209' title='bbox 658 1998 917 2046; x_wconf 82' lang='lat' dir='ltr'><em>exorientes</em></span> <span class='ocrx_word' id='word_1_210' title='bbox 953 2014 1131 2045; x_wconf 86' lang='lat' dir='ltr'><em>errores</em></span> <span class='ocrx_word' id='word_1_211' title='bbox 1168 1995 1343 2061; x_wconf 83' lang='lat' dir='ltr'><em>absque</em></span> <span class='ocrx_word' id='word_1_212' title='bbox 1378 1995 1473 2041; x_wconf 92' lang='lat' dir='ltr'><em>ullo</em></span> <span class='ocrx_word' id='word_1_213' title='bbox 1516 1993 1783 2041; x_wconf 85' lang='lat' dir='ltr'><em>discrimine</em></span> <span class='ocrx_word' id='word_1_214' title='bbox 1813 2010 1920 2058; x_wconf 89' lang='lat' dir='ltr'><em>pro-</em></span> 
     </span>
     <span class='ocr_line' id='line_1_24' title="bbox 233 2069 1922 2141; baseline -0.006 -18"><span class='ocrx_word' id='word_1_215' title='bbox 233 2076 449 2141; x_wconf 69' lang='lat' dir='ltr'><em>scripsit,</em></span> <span class='ocrx_word' id='word_1_216' title='bbox 493 2075 741 2123; x_wconf 86' lang='lat' dir='ltr'><em>veritatem</em></span> <span class='ocrx_word' id='word_1_217' title='bbox 779 2074 1001 2132; x_wconf 71' lang='lat' dir='ltr'><em>asseruit,</em></span> <span class='ocrx_word' id='word_1_218' title='bbox 1040 2081 1333 2120; x_wconf 86' lang='lat' dir='ltr'><em>contumaces</em></span> <span class='ocrx_word' id='word_1_219' title='bbox 1377 2070 1591 2117; x_wconf 86' lang='lat' dir='ltr'><em>sectarios</em></span> <span class='ocrx_word' id='word_1_220' title='bbox 1634 2069 1922 2116; x_wconf 85' lang='lat' dir='ltr'><em>anathemati</em></span> 
     </span>
     <span class='ocr_line' id='line_1_25' title="bbox 235 2143 1922 2216; baseline -0.007 -17"><span class='ocrx_word' id='word_1_221' title='bbox 235 2151 428 2215; x_wconf 85' lang='lat' dir='ltr'><em>subjecit</em></span> <span class='ocrx_word' id='word_1_222' title='bbox 444 2187 458 2212; x_wconf 82' lang='lat'><em>.,</em></span> <span class='ocrx_word' id='word_1_223' title='bbox 478 2150 743 2216; x_wconf 87' lang='lat' dir='ltr'><em>incipiendo</em></span> <span class='ocrx_word' id='word_1_224' title='bbox 764 2168 788 2196; x_wconf 82' lang='lat' dir='ltr'><em>a</em></span> <span class='ocrx_word' id='word_1_225' title='bbox 806 2149 1065 2205; x_wconf 75' lang='lat' dir='ltr'><em>Nicolaitis,</em></span> <span class='ocrx_word' id='word_1_226' title='bbox 1089 2146 1393 2206; x_wconf 82' lang='lat' dir='ltr'><em>SimonianiS.,</em></span> <span class='ocrx_word' id='word_1_227' title='bbox 1419 2145 1629 2205; x_wconf 87' lang='lat' dir='ltr'><em>Docetis,</em></span> <span class='ocrx_word' id='word_1_228' title='bbox 1656 2143 1922 2191; x_wconf 87' lang='lat' dir='ltr'><em>Cerinthia-</em></span> 
     </span>
     <span class='ocr_line' id='line_1_26' title="bbox 235 2217 1923 2294; baseline -0.007 -18"><span class='ocrx_word' id='word_1_229' title='bbox 235 2229 308 2276; x_wconf 90' lang='lat' dir='ltr'><em>nis</em></span> <span class='ocrx_word' id='word_1_230' title='bbox 328 2245 475 2294; x_wconf 88' lang='lat' dir='ltr'><em>usque</em></span> <span class='ocrx_word' id='word_1_231' title='bbox 493 2227 552 2275; x_wconf 89' lang='lat' dir='ltr'><em>ad</em></span> <span class='ocrx_word' id='word_1_232' title='bbox 573 2226 859 2275; x_wconf 83' lang='lat' dir='ltr'><em>Lutheranos</em></span> <span class='ocrx_word' id='word_1_233' title='bbox 872 2261 885 2285; x_wconf 92' lang='lat'>,</span> <span class='ocrx_word' id='word_1_234' title='bbox 905 2226 1193 2274; x_wconf 88' lang='lat' dir='ltr'><em>Reformatos</em></span> <span class='ocrx_word' id='word_1_235' title='bbox 1206 2260 1219 2287; x_wconf 90' lang='lat'>‚</span> <span class='ocrx_word' id='word_1_236' title='bbox 1244 2229 1553 2290; x_wconf 85' lang='lat' dir='ltr'><em>protestantes</em></span> <span class='ocrx_word' id='word_1_237' title='bbox 1578 2237 1683 2268; x_wconf 88' lang='lat' dir='ltr'><em>cum</em></span> <span class='ocrx_word' id='word_1_238' title='bbox 1703 2217 1923 2267; x_wconf 90' lang='lat' dir='ltr'><em>omnibus</em></span> 
     </span>
     <span class='ocr_line' id='line_1_27' title="bbox 237 2305 563 2353; baseline -0.006 0"><span class='ocrx_word' id='word_1_239' title='bbox 237 2305 429 2353; x_wconf 87' lang='lat' dir='ltr'><em>surculis</em></span> <span class='ocrx_word' id='word_1_240' title='bbox 453 2305 563 2352; x_wconf 92' lang='lat' dir='ltr'><em>suis.</em></span> 
     </span>
    </p>

    <p class='ocr_par' dir='ltr' id='par_1_4' title="bbox 303 2371 1922 2444">
     <span class='ocr_line' id='line_1_28' title="bbox 303 2371 1922 2444; baseline -0.006 -16"><span class='ocrx_word' id='word_1_241' title='bbox 303 2381 414 2429; x_wconf 86' lang='lat'><em>359.</em></span> <span class='ocrx_word' id='word_1_242' title='bbox 454 2382 568 2439; x_wconf 78' lang='lat' dir='ltr'><em>Quae</em></span> <span class='ocrx_word' id='word_1_243' title='bbox 586 2397 692 2428; x_wconf 90' lang='lat' dir='ltr'><em>cum</em></span> <span class='ocrx_word' id='word_1_244' title='bbox 720 2380 783 2427; x_wconf 87' lang='lat' dir='ltr'><em>ita</em></span> <span class='ocrx_word' id='word_1_245' title='bbox 805 2395 854 2426; x_wconf 89' lang='lat' dir='ltr'><em>se</em></span> <span class='ocrx_word' id='word_1_246' title='bbox 881 2377 1116 2438; x_wconf 74' lang='lat' dir='ltr'><em>habeant,</em></span> <span class='ocrx_word' id='word_1_247' title='bbox 1139 2386 1297 2444; x_wconf 88' lang='lat' dir='ltr'><em>patet,</em></span> <span class='ocrx_word' id='word_1_248' title='bbox 1326 2374 1452 2442; x_wconf 87' lang='lat' dir='ltr'><em>quod</em></span> <span class='ocrx_word' id='word_1_249' title='bbox 1470 2373 1528 2422; x_wconf 89' lang='lat' dir='ltr'><em>ab</em></span> <span class='ocrx_word' id='word_1_250' title='bbox 1548 2373 1682 2422; x_wconf 85' lang='lat' dir='ltr'><em>initio</em></span> <span class='ocrx_word' id='word_1_251' title='bbox 1715 2371 1922 2439; x_wconf 84' lang='lat' dir='ltr'><em>proban·</em></span> 
     </span>
    </p>
   </div>
   <div class='ocr_carea' id='block_1_3' title="bbox 294 2601 1920 2663">
    <p class='ocr_par' dir='ltr' id='par_1_5' title="bbox 294 2601 1920 2663">
     <span class='ocr_line' id='line_1_29' title="bbox 294 2601 1920 2663; baseline -0.005 -14"><span class='ocrx_word' id='word_1_252' title='bbox 294 2611 347 2663; x_wconf 84' lang='grc' dir='ltr'><em>(Ι)</em></span> <span class='ocrx_word' id='word_1_253' title='bbox 373 2611 455 2650; x_wconf 81' lang='lat' dir='ltr'><em>Lib.</em></span> <span class='ocrx_word' id='word_1_254' title='bbox 474 2609 532 2649; x_wconf 88' lang='lat' dir='ltr'><em>De</em></span> <span class='ocrx_word' id='word_1_255' title='bbox 544 2611 644 2649; x_wconf 80' lang='lat' dir='ltr'><em>unit.</em></span> <span class='ocrx_word' id='word_1_256' title='bbox 657 2609 699 2649; x_wconf 89' lang='lat' dir='ltr'><em>E</em></span> <span class='ocrx_word' id='word_1_257' title='bbox 700 2608 810 2649; x_wconf 84' lang='lat' dir='ltr'><em>coles.</em></span> <span class='ocrx_word' id='word_1_258' title='bbox 823 2609 911 2649; x_wconf 80' lang='lat' dir='ltr'><em>edit.</em></span> <span class='ocrx_word' id='word_1_259' title='bbox 924 2610 1047 2650; x_wconf 82' lang='lat' dir='ltr'><em>Maur.</em></span> <span class='ocrx_word' id='word_1_260' title='bbox 1169 2610 1218 2661; x_wconf 68' lang='grc'><em>(4)</em></span> <span class='ocrx_word' id='word_1_261' title='bbox 1239 2610 1386 2650; x_wconf 89' lang='lat' dir='ltr'><em>Comm.</em></span> <span class='ocrx_word' id='word_1_262' title='bbox 1400 2610 1444 2647; x_wconf 79' lang='lat' dir='ltr'><em>in</em></span> <span class='ocrx_word' id='word_1_263' title='bbox 1454 2606 1557 2648; x_wconf 79' lang='grc' dir='ltr'><em>[εαί.</em></span> <span class='ocrx_word' id='word_1_264' title='bbox 1569 2607 1642 2647; x_wconf 88' lang='lat' dir='ltr'><em>lib.</em></span> <span class='ocrx_word' id='word_1_265' title='bbox 1655 2617 1745 2653; x_wconf 80' lang='lat' dir='ltr'><em>xvu,</em></span> <span class='ocrx_word' id='word_1_266' title='bbox 1755 2617 1839 2656; x_wconf 72' lang='lat' dir='ltr'><em>cap.</em></span> <span class='ocrx_word' id='word_1_267' title='bbox 1850 2601 1920 2652; x_wconf 84' lang='lat'><em>60,</em></span> 
     </span>
    </p>
   </div>
   <div class='ocr_carea' id='block_1_4' title="bbox 238 2674 1927 2995">
    <p class='ocr_par' dir='ltr' id='par_1_6' title="bbox 238 2674 1596 2730">
     <span class='ocr_line' id='line_1_30' title="bbox 238 2674 1596 2730; baseline -0.002 -14"><span class='ocrx_word' id='word_1_268' title='bbox 238 2693 322 2730; x_wconf 80' lang='lat' dir='ltr'><em>pag.</em></span> <span class='ocrx_word' id='word_1_269' title='bbox 345 2674 433 2729; x_wconf 83' lang='lat'><em>195.</em></span> <span class='ocrx_word' id='word_1_270' title='bbox 1115 2676 1210 2715; x_wconf 85' lang='lat' dir='ltr'><em>ibid.</em></span> <span class='ocrx_word' id='word_1_271' title='bbox 1225 2684 1388 2725; x_wconf 80' lang='lat' dir='ltr'><em>tom.1v‚</em></span> <span class='ocrx_word' id='word_1_272' title='bbox 1403 2691 1488 2728; x_wconf 82' lang='lat' dir='ltr'><em>pag.</em></span> <span class='ocrx_word' id='word_1_273' title='bbox 1503 2687 1596 2728; x_wconf 82' lang='lat'><em>719.</em></span> 
     </span>
    </p>

    <p class='ocr_par' dir='ltr' id='par_1_7' title="bbox 242 2734 1922 2859">
     <span class='ocr_line' id='line_1_31' title="bbox 295 2734 1922 2794; baseline -0.004 -14"><span class='ocrx_word' id='word_1_274' title='bbox 295 2742 351 2794; x_wconf 72' lang='lat'><em>(2)</em></span> <span class='ocrx_word' id='word_1_275' title='bbox 377 2742 424 2780; x_wconf 91' lang='lat' dir='ltr'><em>In</em></span> <span class='ocrx_word' id='word_1_276' title='bbox 440 2739 550 2781; x_wconf 85' lang='lat' dir='ltr'><em>Dial.</em></span> <span class='ocrx_word' id='word_1_277' title='bbox 581 2741 671 2780; x_wconf 83' lang='lat' dir='ltr'><em>adv.</em></span> <span class='ocrx_word' id='word_1_278' title='bbox 701 2740 875 2792; x_wconf 85' lang='lat' dir='ltr'><em>Lucifer.</em></span> <span class='ocrx_word' id='word_1_279' title='bbox 899 2755 940 2781; x_wconf 92' lang='lat' dir='ltr'><em>n.</em></span> <span class='ocrx_word' id='word_1_280' title='bbox 965 2755 1014 2794; x_wconf 92' lang='lat'><em>27</em></span> <span class='ocrx_word' id='word_1_281' title='bbox 1037 2771 1049 2791; x_wconf 86' lang='lat'><em>‚</em></span> <span class='ocrx_word' id='word_1_282' title='bbox 1173 2742 1226 2794; x_wconf 76' lang='grc' dir='ltr'><em>(ὅ)</em></span> <span class='ocrx_word' id='word_1_283' title='bbox 1251 2741 1376 2781; x_wconf 80' lang='lat' dir='ltr'><em>Serm.</em></span> <span class='ocrx_word' id='word_1_284' title='bbox 1399 2755 1445 2790; x_wconf 88' lang='lat'><em>1,</em></span> <span class='ocrx_word' id='word_1_285' title='bbox 1469 2741 1513 2779; x_wconf 83' lang='lat' dir='ltr'><em>de</em></span> <span class='ocrx_word' id='word_1_286' title='bbox 1534 2737 1663 2791; x_wconf 82' lang='lat' dir='ltr'><em>Symb.</em></span> <span class='ocrx_word' id='word_1_287' title='bbox 1682 2735 1734 2774; x_wconf 82' lang='lat' dir='ltr'><em>ad</em></span> <span class='ocrx_word' id='word_1_288' title='bbox 1765 2734 1922 2774; x_wconf 84' lang='lat' dir='ltr'><em>Catech.</em></span> 
     </span>
     <span class='ocr_line' id='line_1_32' title="bbox 242 2805 1446 2859; baseline -0.003 -11"><span class='ocrx_word' id='word_1_289' title='bbox 242 2809 331 2848; x_wconf 83' lang='lat' dir='ltr'><em>edit.</em></span> <span class='ocrx_word' id='word_1_290' title='bbox 358 2806 513 2846; x_wconf 73' lang='lat' dir='ltr'><em>vallars.</em></span> <span class='ocrx_word' id='word_1_291' title='bbox 538 2815 628 2846; x_wconf 88' lang='lat' dir='ltr'><em>tom.</em></span> <span class='ocrx_word' id='word_1_292' title='bbox 646 2820 702 2855; x_wconf 85' lang='lat'><em>11,</em></span> <span class='ocrx_word' id='word_1_293' title='bbox 733 2821 818 2859; x_wconf 86' lang='lat' dir='ltr'><em>pag.</em></span> <span class='ocrx_word' id='word_1_294' title='bbox 847 2819 939 2847; x_wconf 85' lang='lat'><em>201.</em></span> <span class='ocrx_word' id='word_1_295' title='bbox 1118 2821 1202 2859; x_wconf 83' lang='lat' dir='ltr'><em>cap.</em></span> <span class='ocrx_word' id='word_1_296' title='bbox 1221 2822 1288 2857; x_wconf 87' lang='lat' dir='ltr'><em>v1,</em></span> <span class='ocrx_word' id='word_1_297' title='bbox 1314 2822 1355 2846; x_wconf 89' lang='lat' dir='ltr'><em>n.</em></span> <span class='ocrx_word' id='word_1_298' title='bbox 1386 2805 1446 2845; x_wconf 89' lang='lat'><em>15.</em></span> 
     </span>
    </p>

    <p class='ocr_par' dir='ltr' id='par_1_8' title="bbox 243 2865 1927 2995">
     <span class='ocr_line' id='line_1_33' title="bbox 298 2865 1927 2927; baseline -0.006 -13"><span class='ocrx_word' id='word_1_299' title='bbox 298 2873 348 2927; x_wconf 84' lang='lat'><strong>(3)</strong></span> <span class='ocrx_word' id='word_1_300' title='bbox 380 2873 591 2914; x_wconf 71' lang='lat' dir='ltr'><em>Commeat.</em></span> <span class='ocrx_word' id='word_1_301' title='bbox 625 2875 671 2912; x_wconf 82' lang='lat' dir='ltr'><em>iu</em></span> <span class='ocrx_word' id='word_1_302' title='bbox 693 2874 814 2913; x_wconf 85' lang='lat' dir='ltr'><em>Amos</em></span> <span class='ocrx_word' id='word_1_303' title='bbox 834 2904 844 2922; x_wconf 88' lang='lat'>‚</span> <span class='ocrx_word' id='word_1_304' title='bbox 875 2874 945 2913; x_wconf 87' lang='lat' dir='ltr'><em>lib.</em></span> <span class='ocrx_word' id='word_1_305' title='bbox 977 2887 1049 2920; x_wconf 76' lang='grc' dir='ltr'><em>ιιι,</em></span> <span class='ocrx_word' id='word_1_306' title='bbox 1173 2873 1222 2924; x_wconf 87' lang='grc'><em>(6)</em></span> <span class='ocrx_word' id='word_1_307' title='bbox 1251 2873 1322 2925; x_wconf 78' lang='lat' dir='ltr'><em>Qui</em></span> <span class='ocrx_word' id='word_1_308' title='bbox 1336 2872 1439 2923; x_wconf 84' lang='lat' dir='ltr'><em>plura</em></span> <span class='ocrx_word' id='word_1_309' title='bbox 1458 2870 1577 2920; x_wconf 83' lang='lat' dir='ltr'><em>cupit,</em></span> <span class='ocrx_word' id='word_1_310' title='bbox 1589 2867 1756 2906; x_wconf 87' lang='lat' dir='ltr'><em>consulat</em></span> <span class='ocrx_word' id='word_1_311' title='bbox 1774 2865 1927 2905; x_wconf 86' lang='lat' dir='ltr'><em>Walen-</em></span> 
     </span>
     <span class='ocr_line' id='line_1_34' title="bbox 243 2932 1925 2995; baseline -0.006 -16"><span class='ocrx_word' id='word_1_312' title='bbox 243 2954 325 2995; x_wconf 82' lang='lat' dir='ltr'><em>cap.</em></span> <span class='ocrx_word' id='word_1_313' title='bbox 350 2952 403 2994; x_wconf 71' lang='lat'><em>95</em></span> <span class='ocrx_word' id='word_1_314' title='bbox 431 2937 530 2979; x_wconf 85' lang='lat' dir='ltr'><em>Ibid.</em></span> <span class='ocrx_word' id='word_1_315' title='bbox 554 2947 642 2978; x_wconf 83' lang='lat' dir='ltr'><em>tom.</em></span> <span class='ocrx_word' id='word_1_316' title='bbox 660 2953 695 2979; x_wconf 77' lang='lat' dir='ltr'><em>v}</em></span> <span class='ocrx_word' id='word_1_317' title='bbox 708 2968 719 2985; x_wconf 91' lang='lat'><em>,</em></span> <span class='ocrx_word' id='word_1_318' title='bbox 738 2953 820 2991; x_wconf 83' lang='lat' dir='ltr'><em>pag.</em></span> <span class='ocrx_word' id='word_1_319' title='bbox 849 2937 942 2980; x_wconf 83' lang='lat'><em>358.</em></span> <span class='ocrx_word' id='word_1_320' title='bbox 1118 2939 1309 2990; x_wconf 78' lang='lat' dir='ltr'><em>burgieos,</em></span> <span class='ocrx_word' id='word_1_321' title='bbox 1327 2940 1368 2975; x_wconf 86' lang='lat' dir='ltr'><em>in</em></span> <span class='ocrx_word' id='word_1_322' title='bbox 1388 2942 1494 2974; x_wconf 83' lang='lat' dir='ltr'><em>tract.</em></span> <span class='ocrx_word' id='word_1_323' title='bbox 1508 2932 1567 2973; x_wconf 82' lang='lat' dir='ltr'><em>De</em></span> <span class='ocrx_word' id='word_1_324' title='bbox 1574 2940 1760 2986; x_wconf 77' lang='lat' dir='ltr'><em>perpetua</em></span> <span class='ocrx_word' id='word_1_325' title='bbox 1771 2933 1925 2985; x_wconf 80' lang='lat' dir='ltr'><em>probat.</em></span> 
     </span>
    </p>
   </div>
   <div class='ocr_carea' id='block_1_5' title="bbox 1117 3002 1834 3056">
    <p class='ocr_par' dir='ltr' id='par_1_9' title="bbox 1117 3002 1834 3056">
     <span class='ocr_line' id='line_1_35' title="bbox 1117 3002 1834 3056; baseline -0.007 -14"><span class='ocrx_word' id='word_1_326' title='bbox 1117 3002 1213 3054; x_wconf 76' lang='lat' dir='ltr'><em>fidei</em></span> <span class='ocrx_word' id='word_1_327' title='bbox 1232 3016 1307 3056; x_wconf 83' lang='lat' dir='ltr'><em>per</em></span> <span class='ocrx_word' id='word_1_328' title='bbox 1326 3007 1432 3039; x_wconf 78' lang='lat' dir='ltr'><em>testes</em></span> <span class='ocrx_word' id='word_1_329' title='bbox 1445 3027 1459 3048; x_wconf 86' lang='lat'><strong><em>,</em></strong></span> <span class='ocrx_word' id='word_1_330' title='bbox 1486 3013 1569 3052; x_wconf 86' lang='lat' dir='ltr'><em>cap.</em></span> <span class='ocrx_word' id='word_1_331' title='bbox 1593 3011 1641 3051; x_wconf 85' lang='lat'><em>27</em></span> <span class='ocrx_word' id='word_1_332' title='bbox 1666 3003 1704 3038; x_wconf 85' lang='lat' dir='ltr'><em>et</em></span> <span class='ocrx_word' id='word_1_333' title='bbox 1729 3012 1834 3051; x_wconf 81' lang='lat' dir='ltr'><em>seqq.</em></span> 
     </span>
    </p>
   </div>
  </div>
 </body>
</html>
