<?xml version="1.0" encoding="UTF-8"?>
<!DOCTYPE html PUBLIC "-//W3C//DTD XHTML 1.0 Transitional//EN"
    "http://www.w3.org/TR/xhtml1/DTD/xhtml1-transitional.dtd">
<html xmlns="http://www.w3.org/1999/xhtml" xml:lang="en" lang="en">
 <head>
  <title>
</title>
<meta http-equiv="Content-Type" content="text/html;charset=utf-8" />
  <meta name='ocr-system' content='tesseract 3.04.00' />
  <meta name='ocr-capabilities' content='ocr_page ocr_carea ocr_par ocr_line ocrx_word'/>
</head>
<body>
  <div class='ocr_page' id='page_1' title='image "./praelectionestheo08perruoft/praelectionestheo08perruoft_0341.png"; bbox 0 0 2028 3354; ppageno 0'>
   <div class='ocr_carea' id='block_1_1' title="bbox 382 170 1815 224">
    <p class='ocr_par' dir='ltr' id='par_1_1' title="bbox 382 170 1815 224">
     <span class='ocr_line' id='line_1_1' title="bbox 382 170 1815 224; baseline -0.002 -2"><span class='ocrx_word' id='word_1_1' title='bbox 382 195 511 224; x_wconf 77' lang='lat' dir='ltr'><strong>PART.</strong></span> <span class='ocrx_word' id='word_1_2' title='bbox 550 194 581 223; x_wconf 92' lang='lat'><strong>1.</strong></span> <span class='ocrx_word' id='word_1_3' title='bbox 621 192 745 222; x_wconf 67' lang='lat' dir='ltr'><strong>secr.</strong></span> <span class='ocrx_word' id='word_1_4' title='bbox 783 193 833 221; x_wconf 88' lang='lat'><strong>11.</strong></span> <span class='ocrx_word' id='word_1_5' title='bbox 872 191 969 222; x_wconf 78' lang='lat' dir='ltr'><strong>CAP.</strong></span> <span class='ocrx_word' id='word_1_6' title='bbox 1009 193 1040 220; x_wconf 87' lang='lat'><strong>1.</strong></span> <span class='ocrx_word' id='word_1_7' title='bbox 1077 192 1131 220; x_wconf 81' lang='lat' dir='ltr'><strong>DE</strong></span> <span class='ocrx_word' id='word_1_8' title='bbox 1167 190 1290 221; x_wconf 69' lang='lat' dir='ltr'><strong>rim-m</strong></span> <span class='ocrx_word' id='word_1_9' title='bbox 1327 190 1543 220; x_wconf 74' lang='grc' dir='ltr'><strong>ΡΜΜΑΤΠ.</strong></span> <span class='ocrx_word' id='word_1_10' title='bbox 1723 170 1815 219; x_wconf 76' lang='lat'><strong>329</strong></span> 
     </span>
    </p>
   </div>
   <div class='ocr_carea' id='block_1_2' title="bbox 104 301 1820 2733">
    <p class='ocr_par' dir='ltr' id='par_1_2' title="bbox 116 301 1820 676">
     <span class='ocr_line' id='line_1_2' title="bbox 121 301 1816 372; baseline 0 -21"><span class='ocrx_word' id='word_1_11' title='bbox 121 305 350 354; x_wconf 87' lang='lat' dir='ltr'><strong>scilicetet</strong></span> <span class='ocrx_word' id='word_1_12' title='bbox 362 308 563 366; x_wconf 87' lang='lat' dir='ltr'><strong>nummi,</strong></span> <span class='ocrx_word' id='word_1_13' title='bbox 578 309 626 353; x_wconf 87' lang='lat' dir='ltr'><strong>in</strong></span> <span class='ocrx_word' id='word_1_14' title='bbox 651 305 820 372; x_wconf 87' lang='lat' dir='ltr'><strong>quibus</strong></span> <span class='ocrx_word' id='word_1_15' title='bbox 836 305 1006 353; x_wconf 90' lang='lat' dir='ltr'><strong>Paulus</strong></span> <span class='ocrx_word' id='word_1_16' title='bbox 1023 305 1082 352; x_wconf 89' lang='lat' dir='ltr'><strong>ad</strong></span> <span class='ocrx_word' id='word_1_17' title='bbox 1096 305 1337 353; x_wconf 81' lang='lat' dir='ltr'><strong>dexteram</strong></span> <span class='ocrx_word' id='word_1_18' title='bbox 1352 341 1366 365; x_wconf 90' lang='lat'><strong>,</strong></span> <span class='ocrx_word' id='word_1_19' title='bbox 1387 306 1551 352; x_wconf 89' lang='lat' dir='ltr'><strong>Petrus</strong></span> <span class='ocrx_word' id='word_1_20' title='bbox 1572 301 1632 350; x_wconf 87' lang='lat' dir='ltr'><strong>ad</strong></span> <span class='ocrx_word' id='word_1_21' title='bbox 1649 302 1816 352; x_wconf 80' lang='lat' dir='ltr'><strong>laevam</strong></span> 
     </span>
     <span class='ocr_line' id='line_1_3' title="bbox 119 380 1820 447; baseline -0.001 -20"><span class='ocrx_word' id='word_1_22' title='bbox 119 383 315 445; x_wconf 81' lang='lat' dir='ltr'><strong>visitur3</strong></span> <span class='ocrx_word' id='word_1_23' title='bbox 355 383 437 430; x_wconf 83' lang='grc' dir='ltr'><strong>10ο</strong></span> <span class='ocrx_word' id='word_1_24' title='bbox 477 383 675 431; x_wconf 82' lang='lat' dir='ltr'>suadent</span> <span class='ocrx_word' id='word_1_25' title='bbox 717 383 918 447; x_wconf 88' lang='lat' dir='ltr'><strong>denique</strong></span> <span class='ocrx_word' id='word_1_26' title='bbox 952 383 1068 428; x_wconf 86' lang='lat' dir='ltr'><strong>sacta</strong></span> <span class='ocrx_word' id='word_1_27' title='bbox 1098 383 1196 447; x_wconf 90' lang='lat' dir='ltr'><strong>ipsa</strong></span> <span class='ocrx_word' id='word_1_28' title='bbox 1232 383 1365 428; x_wconf 86' lang='lat' dir='ltr'><strong>Rom.</strong></span> <span class='ocrx_word' id='word_1_29' title='bbox 1395 380 1699 440; x_wconf 89' lang='lat' dir='ltr'><strong>Pontificum,</strong></span> <span class='ocrx_word' id='word_1_30' title='bbox 1737 380 1820 445; x_wconf 66' lang='lat' dir='ltr'><strong>qui⁴</strong></span> 
     </span>
     <span class='ocr_line' id='line_1_4' title="bbox 117 456 1819 522; baseline 0 -19"><span class='ocrx_word' id='word_1_31' title='bbox 117 459 241 504; x_wconf 90' lang='lat' dir='ltr'><strong>Petri</strong></span> <span class='ocrx_word' id='word_1_32' title='bbox 261 469 308 505; x_wconf 90' lang='lat' dir='ltr'><strong>et</strong></span> <span class='ocrx_word' id='word_1_33' title='bbox 333 460 461 507; x_wconf 84' lang='lat' dir='ltr'><strong>Pauli</strong></span> <span class='ocrx_word' id='word_1_34' title='bbox 479 461 753 507; x_wconf 86' lang='lat' dir='ltr'><strong>auctoritate</strong></span> <span class='ocrx_word' id='word_1_35' title='bbox 769 477 817 506; x_wconf 90' lang='lat' dir='ltr'><strong>se</strong></span> <span class='ocrx_word' id='word_1_36' title='bbox 842 458 1055 505; x_wconf 88' lang='lat' dir='ltr'><strong>suffultos</strong></span> <span class='ocrx_word' id='word_1_37' title='bbox 1075 467 1306 517; x_wconf 87' lang='lat' dir='ltr'><strong>asserunt,</strong></span> <span class='ocrx_word' id='word_1_38' title='bbox 1330 457 1443 504; x_wconf 90' lang='lat' dir='ltr'><strong>dum</strong></span> <span class='ocrx_word' id='word_1_39' title='bbox 1465 456 1642 522; x_wconf 84' lang='lat' dir='ltr'><strong>aliquid</strong></span> <span class='ocrx_word' id='word_1_40' title='bbox 1661 456 1819 520; x_wconf 81' lang='lat' dir='ltr'><strong>magni</strong></span> 
     </span>
     <span class='ocr_line' id='line_1_5' title="bbox 116 532 1817 599; baseline 0 -20"><span class='ocrx_word' id='word_1_41' title='bbox 116 532 388 582; x_wconf 87' lang='lat' dir='ltr'><strong>decernunt.</strong></span> <span class='ocrx_word' id='word_1_42' title='bbox 426 537 506 582; x_wconf 87' lang='lat'><strong>110</strong></span> <span class='ocrx_word' id='word_1_43' title='bbox 540 538 658 584; x_wconf 80' lang='lat' dir='ltr'><strong>Sane</strong></span> <span class='ocrx_word' id='word_1_44' title='bbox 691 534 1033 599; x_wconf 85' lang='lat' dir='ltr'><strong>Papehrochius</strong></span> <span class='ocrx_word' id='word_1_45' title='bbox 1056 534 1185 581; x_wconf 92' lang='lat' dir='ltr'><strong>omni</strong></span> <span class='ocrx_word' id='word_1_46' title='bbox 1216 533 1607 580; x_wconf 85' lang='lat' dir='ltr'><strong>documentorum</strong></span> <span class='ocrx_word' id='word_1_47' title='bbox 1646 548 1817 596; x_wconf 80' lang='lat' dir='ltr'><strong>genere</strong></span> 
     </span>
     <span class='ocr_line' id='line_1_6' title="bbox 117 607 1607 676; baseline -0.001 -21"><span class='ocrx_word' id='word_1_48' title='bbox 117 610 351 671; x_wconf 73' lang='lat' dir='ltr'>ostendit,</span> <span class='ocrx_word' id='word_1_49' title='bbox 384 612 580 659; x_wconf 91' lang='lat' dir='ltr'><strong>Paulum</strong></span> <span class='ocrx_word' id='word_1_50' title='bbox 604 613 741 659; x_wconf 87' lang='lat' dir='ltr'><strong>fuisse</strong></span> <span class='ocrx_word' id='word_1_51' title='bbox 770 612 1045 676; x_wconf 86' lang='lat' dir='ltr'><strong>Episcopum</strong></span> <span class='ocrx_word' id='word_1_52' title='bbox 1075 626 1324 655; x_wconf 87' lang='lat' dir='ltr'><strong>romanum</strong></span> <span class='ocrx_word' id='word_1_53' title='bbox 1355 607 1442 670; x_wconf 91' lang='lat' dir='ltr'><strong>(l).</strong></span> <span class='ocrx_word' id='word_1_54' title='bbox 1475 610 1607 671; x_wconf 81' lang='lat' dir='ltr'><strong>Ergo.</strong></span> 
     </span>
    </p>

    <p class='ocr_par' dir='ltr' id='par_1_3' title="bbox 104 683 1816 1972">
     <span class='ocr_line' id='line_1_7' title="bbox 179 683 1814 751; baseline -0.001 -18"><span class='ocrx_word' id='word_1_55' title='bbox 179 686 289 734; x_wconf 78' lang='lat'>487.</span> <span class='ocrx_word' id='word_1_56' title='bbox 327 687 397 734; x_wconf 92' lang='lat' dir='ltr'><strong>Ad</strong></span> <span class='ocrx_word' id='word_1_57' title='bbox 428 690 491 735; x_wconf 67' lang='grc' dir='ltr'><strong>1αἱ</strong></span> <span class='ocrx_word' id='word_1_58' title='bbox 510 727 521 749; x_wconf 95' lang='lat'>7</span> <span class='ocrx_word' id='word_1_59' title='bbox 552 691 675 736; x_wconf 65' lang='lat' dir='ltr'><strong><em>Disc.</em></strong></span> <span class='ocrx_word' id='word_1_60' title='bbox 702 689 747 735; x_wconf 87' lang='lat' dir='ltr'><strong>Si</strong></span> <span class='ocrx_word' id='word_1_61' title='bbox 776 685 980 751; x_wconf 84' lang='lat' dir='ltr'><strong>Apostoli</strong></span> <span class='ocrx_word' id='word_1_62' title='bbox 998 721 1010 744; x_wconf 99' lang='lat'>7</span> <span class='ocrx_word' id='word_1_63' title='bbox 1029 694 1142 731; x_wconf 89' lang='lat' dir='ltr'><strong>tunc</strong></span> <span class='ocrx_word' id='word_1_64' title='bbox 1162 683 1303 731; x_wconf 89' lang='lat' dir='ltr'><strong>rudes</strong></span> <span class='ocrx_word' id='word_1_65' title='bbox 1332 683 1484 730; x_wconf 86' lang='lat' dir='ltr'><strong>adhuc</strong></span> <span class='ocrx_word' id='word_1_66' title='bbox 1502 719 1515 742; x_wconf 90' lang='lat'>7</span> <span class='ocrx_word' id='word_1_67' title='bbox 1544 685 1814 747; x_wconf 84' lang='lat' dir='ltr'><strong>promissio-</strong></span> 
     </span>
     <span class='ocr_line' id='line_1_8' title="bbox 114 759 1816 825; baseline 0.002 -18"><span class='ocrx_word' id='word_1_68' title='bbox 114 778 226 808; x_wconf 88' lang='lat' dir='ltr'><strong>nem</strong></span> <span class='ocrx_word' id='word_1_69' title='bbox 260 765 397 810; x_wconf 89' lang='lat' dir='ltr'><strong>Petro</strong></span> <span class='ocrx_word' id='word_1_70' title='bbox 427 765 595 812; x_wconf 85' lang='lat' dir='ltr'><strong>factam</strong></span> <span class='ocrx_word' id='word_1_71' title='bbox 624 763 710 811; x_wconf 91' lang='lat' dir='ltr'><strong>sub</strong></span> <span class='ocrx_word' id='word_1_72' title='bbox 729 762 923 825; x_wconf 89' lang='lat' dir='ltr'><strong>duplicis</strong></span> <span class='ocrx_word' id='word_1_73' title='bbox 948 760 1233 825; x_wconf 86' lang='lat' dir='ltr'><strong>metaphorae</strong></span> <span class='ocrx_word' id='word_1_74' title='bbox 1258 759 1491 807; x_wconf 84' lang='lat' dir='ltr'><strong>velamine</strong></span> <span class='ocrx_word' id='word_1_75' title='bbox 1513 761 1816 825; x_wconf 86' lang='lat' dir='ltr'><strong>probeintel-</strong></span> 
     </span>
     <span class='ocr_line' id='line_1_9' title="bbox 114 835 1815 898; baseline 0.001 -15"><span class='ocrx_word' id='word_1_76' title='bbox 114 835 335 886; x_wconf 78' lang='lat' dir='ltr'><strong>lexissent</strong></span> <span class='ocrx_word' id='word_1_77' title='bbox 351 876 362 898; x_wconf 90' lang='lat'>7</span> <span class='ocrx_word' id='word_1_78' title='bbox 393 849 543 888; x_wconf 79' lang='lat' dir='ltr'><strong>trans.</strong></span> <span class='ocrx_word' id='word_1_79' title='bbox 566 840 641 889; x_wconf 89' lang='lat' dir='ltr'><strong>vel</strong></span> <span class='ocrx_word' id='word_1_80' title='bbox 673 842 825 891; x_wconf 57' lang='grc' dir='ltr'><strong>σαντα,ἑ</strong></span> <span class='ocrx_word' id='word_1_81' title='bbox 851 838 888 884; x_wconf 89' lang='lat' dir='ltr'><strong>si</strong></span> <span class='ocrx_word' id='word_1_82' title='bbox 910 855 1012 884; x_wconf 84' lang='lat' dir='ltr'><strong>eam</strong></span> <span class='ocrx_word' id='word_1_83' title='bbox 1034 872 1049 896; x_wconf 90' lang='lat'>‚</span> <span class='ocrx_word' id='word_1_84' title='bbox 1081 836 1350 884; x_wconf 85' lang='lat' dir='ltr'><strong>omnimode</strong></span> <span class='ocrx_word' id='word_1_85' title='bbox 1376 835 1542 883; x_wconf 87' lang='lat' dir='ltr'><strong>saltem</strong></span> <span class='ocrx_word' id='word_1_86' title='bbox 1567 839 1579 895; x_wconf 90' lang='lat'>7</span> <span class='ocrx_word' id='word_1_87' title='bbox 1616 838 1815 885; x_wconf 85' lang='lat' dir='ltr'><strong>assecuti</strong></span> 
     </span>
     <span class='ocr_line' id='line_1_10' title="bbox 112 912 1812 980; baseline 0.002 -22"><span class='ocrx_word' id='word_1_88' title='bbox 112 930 210 959; x_wconf 90' lang='lat' dir='ltr'><strong>non</strong></span> <span class='ocrx_word' id='word_1_89' title='bbox 233 916 354 977; x_wconf 82' lang='lat' dir='ltr'><strong>sint,</strong></span> <span class='ocrx_word' id='word_1_90' title='bbox 383 934 483 980; x_wconf 67' lang='lat' dir='ltr'><strong>neq.</strong></span> <span class='ocrx_word' id='word_1_91' title='bbox 511 918 627 963; x_wconf 88' lang='lat' dir='ltr'><strong>Cum</strong></span> <span class='ocrx_word' id='word_1_92' title='bbox 664 924 877 978; x_wconf 82' lang='lat' dir='ltr'><strong>ageretur</strong></span> <span class='ocrx_word' id='word_1_93' title='bbox 913 914 973 961; x_wconf 89' lang='lat' dir='ltr'><strong>de</strong></span> <span class='ocrx_word' id='word_1_94' title='bbox 1002 914 1310 978; x_wconf 84' lang='lat' dir='ltr'><strong>promissione</strong></span> <span class='ocrx_word' id='word_1_95' title='bbox 1341 914 1392 960; x_wconf 89' lang='lat' dir='ltr'><strong>in</strong></span> <span class='ocrx_word' id='word_1_96' title='bbox 1421 913 1633 960; x_wconf 88' lang='lat' dir='ltr'><strong>futurum</strong></span> <span class='ocrx_word' id='word_1_97' title='bbox 1657 912 1812 961; x_wconf 89' lang='lat' dir='ltr'><strong>adim—</strong></span> 
     </span>
     <span class='ocr_line' id='line_1_11' title="bbox 111 988 1813 1055; baseline 0.002 -20"><span class='ocrx_word' id='word_1_98' title='bbox 111 988 286 1053; x_wconf 87' lang='lat' dir='ltr'><strong>plenda</strong></span> <span class='ocrx_word' id='word_1_99' title='bbox 319 1001 365 1038; x_wconf 90' lang='lat' dir='ltr'><strong>et</strong></span> <span class='ocrx_word' id='word_1_100' title='bbox 397 992 482 1038; x_wconf 88' lang='lat' dir='ltr'><strong>sub</strong></span> <span class='ocrx_word' id='word_1_101' title='bbox 512 993 707 1055; x_wconf 77' lang='lat' dir='ltr'><strong>figurata</strong></span> <span class='ocrx_word' id='word_1_102' title='bbox 739 990 971 1038; x_wconf 89' lang='lat' dir='ltr'><strong>locutione</strong></span> <span class='ocrx_word' id='word_1_103' title='bbox 1000 990 1146 1050; x_wconf 84' lang='lat' dir='ltr'><strong>facta,</strong></span> <span class='ocrx_word' id='word_1_104' title='bbox 1178 990 1245 1035; x_wconf 89' lang='lat' dir='ltr'><strong>nil</strong></span> <span class='ocrx_word' id='word_1_105' title='bbox 1274 994 1476 1049; x_wconf 87' lang='lat' dir='ltr'><strong>mirum,</strong></span> <span class='ocrx_word' id='word_1_106' title='bbox 1510 989 1549 1035; x_wconf 90' lang='lat' dir='ltr'><strong>si</strong></span> <span class='ocrx_word' id='word_1_107' title='bbox 1582 993 1679 1052; x_wconf 85' lang='lat' dir='ltr'><strong>ejus</strong></span> <span class='ocrx_word' id='word_1_108' title='bbox 1717 993 1813 1040; x_wconf 92' lang='lat' dir='ltr'><strong>vim</strong></span> 
     </span>
     <span class='ocr_line' id='line_1_12' title="bbox 112 1065 1814 1133; baseline 0.001 -22"><span class='ocrx_word' id='word_1_109' title='bbox 112 1066 250 1113; x_wconf 87' lang='lat' dir='ltr'><strong>rudes</strong></span> <span class='ocrx_word' id='word_1_110' title='bbox 279 1066 535 1114; x_wconf 85' lang='lat' dir='ltr'><strong>admodum</strong></span> <span class='ocrx_word' id='word_1_111' title='bbox 556 1067 764 1133; x_wconf 86' lang='lat' dir='ltr'><strong>Apostoli</strong></span> <span class='ocrx_word' id='word_1_112' title='bbox 788 1067 981 1114; x_wconf 82' lang='lat' dir='ltr'><strong>assecuti</strong></span> <span class='ocrx_word' id='word_1_113' title='bbox 999 1084 1095 1113; x_wconf 91' lang='lat' dir='ltr'><strong>non</strong></span> <span class='ocrx_word' id='word_1_114' title='bbox 1109 1065 1310 1127; x_wconf 78' lang='lat' dir='ltr'><strong>fuerint3</strong></span> <span class='ocrx_word' id='word_1_115' title='bbox 1333 1082 1439 1112; x_wconf 92' lang='lat' dir='ltr'><strong>cum</strong></span> <span class='ocrx_word' id='word_1_116' title='bbox 1460 1074 1620 1113; x_wconf 84' lang='lat' dir='ltr'><strong>tamen</strong></span> <span class='ocrx_word' id='word_1_117' title='bbox 1637 1066 1814 1131; x_wconf 87' lang='lat' dir='ltr'><strong>aliquid</strong></span> 
     </span>
     <span class='ocr_line' id='line_1_13' title="bbox 112 1141 1811 1209; baseline 0.001 -22"><span class='ocrx_word' id='word_1_118' title='bbox 112 1141 170 1188; x_wconf 91' lang='lat' dir='ltr'><strong>de</strong></span> <span class='ocrx_word' id='word_1_119' title='bbox 198 1142 354 1188; x_wconf 88' lang='lat' dir='ltr'><strong>futuro</strong></span> <span class='ocrx_word' id='word_1_120' title='bbox 376 1145 498 1190; x_wconf 86' lang='lat' dir='ltr'><strong>Petri</strong></span> <span class='ocrx_word' id='word_1_121' title='bbox 517 1145 722 1209; x_wconf 84' lang='lat' dir='ltr'><strong>primatu</strong></span> <span class='ocrx_word' id='word_1_122' title='bbox 740 1143 956 1208; x_wconf 88' lang='lat' dir='ltr'><strong>suspicati</strong></span> <span class='ocrx_word' id='word_1_123' title='bbox 981 1143 1174 1189; x_wconf 82' lang='lat' dir='ltr'><strong>fuissent</strong></span> <span class='ocrx_word' id='word_1_124' title='bbox 1190 1178 1203 1201; x_wconf 93' lang='lat'>7</span> <span class='ocrx_word' id='word_1_125' title='bbox 1231 1141 1336 1188; x_wconf 89' lang='lat' dir='ltr'><strong>ideo</strong></span> <span class='ocrx_word' id='word_1_126' title='bbox 1362 1151 1463 1188; x_wconf 83' lang='lat' dir='ltr'><strong>orta</strong></span> <span class='ocrx_word' id='word_1_127' title='bbox 1490 1151 1560 1188; x_wconf 89' lang='lat' dir='ltr'><strong>est</strong></span> <span class='ocrx_word' id='word_1_128' title='bbox 1571 1142 1695 1189; x_wconf 87' lang='lat' dir='ltr'><strong>inter</strong></span> <span class='ocrx_word' id='word_1_129' title='bbox 1707 1141 1811 1189; x_wconf 90' lang='lat' dir='ltr'><strong>illos</strong></span> 
     </span>
     <span class='ocr_line' id='line_1_14' title="bbox 111 1218 1812 1285; baseline 0.002 -22"><span class='ocrx_word' id='word_1_130' title='bbox 111 1219 348 1265; x_wconf 85' lang='lat' dir='ltr'><strong>contentio</strong></span> <span class='ocrx_word' id='word_1_131' title='bbox 370 1219 456 1284; x_wconf 77' lang='lat'><strong>(2).</strong></span> <span class='ocrx_word' id='word_1_132' title='bbox 487 1221 696 1268; x_wconf 88' lang='lat' dir='ltr'><strong>Christus</strong></span> <span class='ocrx_word' id='word_1_133' title='bbox 720 1238 859 1285; x_wconf 89' lang='lat' dir='ltr'><strong>porro</strong></span> <span class='ocrx_word' id='word_1_134' title='bbox 885 1237 1024 1266; x_wconf 89' lang='lat' dir='ltr'><strong>omne</strong></span> <span class='ocrx_word' id='word_1_135' title='bbox 1052 1218 1213 1266; x_wconf 89' lang='lat' dir='ltr'><strong>volens</strong></span> <span class='ocrx_word' id='word_1_136' title='bbox 1246 1236 1302 1265; x_wconf 73' lang='lat' dir='ltr'><strong>ex</strong></span> <span class='ocrx_word' id='word_1_137' title='bbox 1334 1218 1544 1283; x_wconf 88' lang='lat' dir='ltr'><strong>ipsorum</strong></span> <span class='ocrx_word' id='word_1_138' title='bbox 1566 1218 1704 1267; x_wconf 88' lang='lat' dir='ltr'><strong>corde</strong></span> <span class='ocrx_word' id='word_1_139' title='bbox 1717 1237 1812 1267; x_wconf 89' lang='lat' dir='ltr'><strong>am-</strong></span> 
     </span>
     <span class='ocr_line' id='line_1_15' title="bbox 110 1292 1811 1360; baseline 0.002 -21"><span class='ocrx_word' id='word_1_140' title='bbox 110 1292 300 1341; x_wconf 87' lang='lat' dir='ltr'><strong>bitionis</strong></span> <span class='ocrx_word' id='word_1_141' title='bbox 324 1295 451 1343; x_wconf 90' lang='lat' dir='ltr'><strong>ulcus</strong></span> <span class='ocrx_word' id='word_1_142' title='bbox 481 1297 775 1356; x_wconf 88' lang='lat' dir='ltr'><strong>convellere,</strong></span> <span class='ocrx_word' id='word_1_143' title='bbox 810 1313 886 1343; x_wconf 90' lang='lat' dir='ltr'><strong>eos</strong></span> <span class='ocrx_word' id='word_1_144' title='bbox 921 1294 1195 1360; x_wconf 79' lang='lat' dir='ltr'><strong>adhortatus</strong></span> <span class='ocrx_word' id='word_1_145' title='bbox 1228 1304 1298 1341; x_wconf 89' lang='lat' dir='ltr'><strong>est</strong></span> <span class='ocrx_word' id='word_1_146' title='bbox 1329 1293 1389 1341; x_wconf 87' lang='lat' dir='ltr'><strong>ad</strong></span> <span class='ocrx_word' id='word_1_147' title='bbox 1415 1295 1684 1342; x_wconf 85' lang='lat' dir='ltr'><strong>sectandam</strong></span> <span class='ocrx_word' id='word_1_148' title='bbox 1717 1295 1811 1342; x_wconf 89' lang='lat' dir='ltr'><strong>hu·-</strong></span> 
     </span>
     <span class='ocr_line' id='line_1_16' title="bbox 111 1371 1810 1439; baseline 0.002 -23"><span class='ocrx_word' id='word_1_149' title='bbox 111 1371 389 1431; x_wconf 86' lang='lat' dir='ltr'><strong>militatem,</strong></span> <span class='ocrx_word' id='word_1_150' title='bbox 427 1375 663 1439; x_wconf 86' lang='lat' dir='ltr'><strong>proposito</strong></span> <span class='ocrx_word' id='word_1_151' title='bbox 697 1373 937 1437; x_wconf 87' lang='lat' dir='ltr'><strong>suiipsius</strong></span> <span class='ocrx_word' id='word_1_152' title='bbox 976 1371 1205 1436; x_wconf 74' lang='lat' dir='ltr'><strong>exemplo.</strong></span> <span class='ocrx_word' id='word_1_153' title='bbox 1242 1371 1366 1418; x_wconf 81' lang='lat' dir='ltr'><strong>Licet</strong></span> <span class='ocrx_word' id='word_1_154' title='bbox 1404 1371 1531 1418; x_wconf 89' lang='lat' dir='ltr'><strong>enim</strong></span> <span class='ocrx_word' id='word_1_155' title='bbox 1567 1372 1665 1436; x_wconf 90' lang='lat' dir='ltr'><strong>ipse</strong></span> <span class='ocrx_word' id='word_1_156' title='bbox 1689 1373 1810 1421; x_wconf 87' lang='lat' dir='ltr'><strong>foret</strong></span> 
     </span>
     <span class='ocr_line' id='line_1_17' title="bbox 111 1447 1810 1512; baseline 0.002 -19"><span class='ocrx_word' id='word_1_157' title='bbox 111 1449 322 1494; x_wconf 89' lang='lat' dir='ltr'><strong>omnium</strong></span> <span class='ocrx_word' id='word_1_158' title='bbox 344 1451 561 1512; x_wconf 80' lang='lat' dir='ltr'><strong>magister</strong></span> <span class='ocrx_word' id='word_1_159' title='bbox 589 1460 636 1497; x_wconf 90' lang='lat' dir='ltr'><strong>et</strong></span> <span class='ocrx_word' id='word_1_160' title='bbox 657 1450 896 1507; x_wconf 88' lang='lat' dir='ltr'><strong>dominus,</strong></span> <span class='ocrx_word' id='word_1_161' title='bbox 920 1458 1129 1495; x_wconf 88' lang='lat' dir='ltr'><strong>attamen</strong></span> <span class='ocrx_word' id='word_1_162' title='bbox 1149 1448 1212 1494; x_wconf 87' lang='lat' dir='ltr'><strong>ita</strong></span> <span class='ocrx_word' id='word_1_163' title='bbox 1233 1464 1280 1494; x_wconf 90' lang='lat' dir='ltr'><strong>se</strong></span> <span class='ocrx_word' id='word_1_164' title='bbox 1302 1448 1455 1510; x_wconf 81' lang='lat' dir='ltr'><strong>gessit,</strong></span> <span class='ocrx_word' id='word_1_165' title='bbox 1476 1447 1672 1512; x_wconf 83' lang='lat' dir='ltr'><strong>perinde</strong></span> <span class='ocrx_word' id='word_1_166' title='bbox 1694 1466 1746 1496; x_wconf 90' lang='lat' dir='ltr'><strong>ac</strong></span> <span class='ocrx_word' id='word_1_167' title='bbox 1770 1449 1810 1496; x_wconf 91' lang='lat' dir='ltr'><strong>si</strong></span> 
     </span>
     <span class='ocr_line' id='line_1_18' title="bbox 111 1523 1810 1590; baseline 0.002 -21"><span class='ocrx_word' id='word_1_168' title='bbox 111 1533 231 1570; x_wconf 88' lang='lat' dir='ltr'><strong>esset</strong></span> <span class='ocrx_word' id='word_1_169' title='bbox 250 1526 461 1571; x_wconf 88' lang='lat' dir='ltr'><strong>omnium</strong></span> <span class='ocrx_word' id='word_1_170' title='bbox 495 1526 785 1573; x_wconf 87' lang='lat' dir='ltr'><strong>administer.</strong></span> <span class='ocrx_word' id='word_1_171' title='bbox 810 1527 875 1573; x_wconf 80' lang='lat' dir='ltr'><strong>Ex</strong></span> <span class='ocrx_word' id='word_1_172' title='bbox 905 1542 996 1590; x_wconf 86' lang='lat' dir='ltr'><strong>quo</strong></span> <span class='ocrx_word' id='word_1_173' title='bbox 1024 1523 1349 1586; x_wconf 78' lang='lat' dir='ltr'><strong>intelligimus,</strong></span> <span class='ocrx_word' id='word_1_174' title='bbox 1376 1523 1614 1571; x_wconf 87' lang='lat' dir='ltr'><strong>Christum</strong></span> <span class='ocrx_word' id='word_1_175' title='bbox 1631 1525 1680 1571; x_wconf 91' lang='lat' dir='ltr'><strong>in</strong></span> <span class='ocrx_word' id='word_1_176' title='bbox 1701 1524 1810 1573; x_wconf 88' lang='lat' dir='ltr'><strong>data</strong></span> 
     </span>
     <span class='ocr_line' id='line_1_19' title="bbox 111 1599 1811 1665; baseline 0.002 -20"><span class='ocrx_word' id='word_1_177' title='bbox 111 1601 413 1664; x_wconf 89' lang='lat' dir='ltr'><strong>responsione</strong></span> <span class='ocrx_word' id='word_1_178' title='bbox 446 1601 647 1649; x_wconf 90' lang='lat' dir='ltr'><strong>noluisse</strong></span> <span class='ocrx_word' id='word_1_179' title='bbox 684 1601 929 1649; x_wconf 75' lang='lat' dir='ltr'><strong>excludere</strong></span> <span class='ocrx_word' id='word_1_180' title='bbox 966 1600 1245 1663; x_wconf 79' lang='lat' dir='ltr'><strong>dignitatem</strong></span> <span class='ocrx_word' id='word_1_181' title='bbox 1275 1616 1327 1646; x_wconf 87' lang='lat' dir='ltr'><strong>ac</strong></span> <span class='ocrx_word' id='word_1_182' title='bbox 1357 1599 1703 1665; x_wconf 84' lang='lat' dir='ltr'><strong>principatum,</strong></span> <span class='ocrx_word' id='word_1_183' title='bbox 1726 1600 1811 1649; x_wconf 87' lang='lat' dir='ltr'><strong>sed</strong></span> 
     </span>
     <span class='ocr_line' id='line_1_20' title="bbox 112 1675 1810 1742; baseline 0.003 -21"><span class='ocrx_word' id='word_1_184' title='bbox 112 1675 263 1722; x_wconf 88' lang='lat' dir='ltr'><strong>solum</strong></span> <span class='ocrx_word' id='word_1_185' title='bbox 287 1676 516 1724; x_wconf 86' lang='lat' dir='ltr'><strong>ambitum</strong></span> <span class='ocrx_word' id='word_1_186' title='bbox 544 1688 592 1725; x_wconf 92' lang='lat' dir='ltr'><strong>et</strong></span> <span class='ocrx_word' id='word_1_187' title='bbox 619 1678 949 1726; x_wconf 88' lang='lat' dir='ltr'><strong>dominationis</strong></span> <span class='ocrx_word' id='word_1_188' title='bbox 983 1676 1195 1723; x_wconf 79' lang='lat' dir='ltr'><strong>abusum.</strong></span> <span class='ocrx_word' id='word_1_189' title='bbox 1224 1677 1321 1723; x_wconf 91' lang='lat' dir='ltr'><strong>Hoc</strong></span> <span class='ocrx_word' id='word_1_190' title='bbox 1350 1675 1515 1723; x_wconf 87' lang='lat' dir='ltr'><strong>melius</strong></span> <span class='ocrx_word' id='word_1_191' title='bbox 1540 1687 1735 1742; x_wconf 86' lang='lat' dir='ltr'><strong>apparet</strong></span> <span class='ocrx_word' id='word_1_192' title='bbox 1753 1695 1810 1726; x_wconf 79' lang='lat' dir='ltr'><strong>ex</strong></span> 
     </span>
     <span class='ocr_line' id='line_1_21' title="bbox 112 1753 1810 1820; baseline 0.003 -23"><span class='ocrx_word' id='word_1_193' title='bbox 112 1753 219 1798; x_wconf 82' lang='lat' dir='ltr'><strong>Luc.</strong></span> <span class='ocrx_word' id='word_1_194' title='bbox 259 1754 412 1812; x_wconf 81' lang='lat' dir='ltr'><strong>XXII,</strong></span> <span class='ocrx_word' id='word_1_195' title='bbox 443 1755 534 1813; x_wconf 73' lang='lat'><strong>267</strong></span> <span class='ocrx_word' id='word_1_196' title='bbox 566 1756 646 1820; x_wconf 89' lang='lat' dir='ltr'><strong>qui</strong></span> <span class='ocrx_word' id='word_1_197' title='bbox 675 1756 737 1803; x_wconf 87' lang='lat' dir='ltr'><strong>sic</strong></span> <span class='ocrx_word' id='word_1_198' title='bbox 766 1754 908 1804; x_wconf 82' lang='lat' dir='ltr'><strong>verba</strong></span> <span class='ocrx_word' id='word_1_199' title='bbox 941 1753 1111 1801; x_wconf 86' lang='lat' dir='ltr'><strong>Christi</strong></span> <span class='ocrx_word' id='word_1_200' title='bbox 1139 1753 1282 1799; x_wconf 84' lang='lat' dir='ltr'><strong>refert</strong></span> <span class='ocrx_word' id='word_1_201' title='bbox 1308 1771 1318 1799; x_wconf 72' lang='grc' dir='ltr'>ε</span> <span class='ocrx_word' id='word_1_202' title='bbox 1346 1753 1446 1816; x_wconf 77' lang='lat' dir='ltr'><strong>Qui</strong></span> <span class='ocrx_word' id='word_1_203' title='bbox 1475 1757 1631 1815; x_wconf 77' lang='lat' dir='ltr'><strong>major</strong></span> <span class='ocrx_word' id='word_1_204' title='bbox 1655 1764 1721 1801; x_wconf 71' lang='lat' dir='ltr'><strong>esc</strong></span> <span class='ocrx_word' id='word_1_205' title='bbox 1754 1759 1810 1802; x_wconf 76' lang='lat' dir='ltr'><strong>in</strong></span> 
     </span>
     <span class='ocr_line' id='line_1_22' title="bbox 109 1829 1809 1896; baseline 0.002 -22"><span class='ocrx_word' id='word_1_206' title='bbox 109 1830 241 1875; x_wconf 67' lang='lat' dir='ltr'><strong>vobis</strong></span> <span class='ocrx_word' id='word_1_207' title='bbox 255 1866 267 1885; x_wconf 85' lang='lat'><strong>,</strong></span> <span class='ocrx_word' id='word_1_208' title='bbox 279 1830 373 1891; x_wconf 78' lang='lat' dir='ltr'><strong>fiat</strong></span> <span class='ocrx_word' id='word_1_209' title='bbox 395 1833 520 1877; x_wconf 69' lang='lat' dir='ltr'><strong>sicut</strong></span> <span class='ocrx_word' id='word_1_210' title='bbox 535 1835 782 1889; x_wconf 72' lang='lat' dir='ltr'><strong>minister,</strong></span> <span class='ocrx_word' id='word_1_211' title='bbox 808 1840 850 1878; x_wconf 76' lang='lat' dir='ltr'><strong>et</strong></span> <span class='ocrx_word' id='word_1_212' title='bbox 868 1835 956 1894; x_wconf 76' lang='lat' dir='ltr'><strong>qui</strong></span> <span class='ocrx_word' id='word_1_213' title='bbox 970 1847 1229 1895; x_wconf 74' lang='lat' dir='ltr'><strong>proecessor</strong></span> <span class='ocrx_word' id='word_1_214' title='bbox 1252 1838 1318 1876; x_wconf 76' lang='lat' dir='ltr'><strong>est</strong></span> <span class='ocrx_word' id='word_1_215' title='bbox 1337 1829 1612 1892; x_wconf 75' lang='grc' dir='ltr'>(Ἠγούμενος,</span> <span class='ocrx_word' id='word_1_216' title='bbox 1632 1832 1809 1896; x_wconf 69' lang='lat' dir='ltr'><strong>Duce),</strong></span> 
     </span>
     <span class='ocr_line' id='line_1_23' title="bbox 104 1905 762 1972; baseline 0.008 -22"><span class='ocrx_word' id='word_1_217' title='bbox 104 1905 196 1966; x_wconf 82' lang='lat' dir='ltr'><strong>fi&#39;at</strong></span> <span class='ocrx_word' id='word_1_218' title='bbox 212 1907 340 1952; x_wconf 71' lang='lat' dir='ltr'><strong>sicut</strong></span> <span class='ocrx_word' id='word_1_219' title='bbox 355 1910 655 1955; x_wconf 76' lang='lat' dir='ltr'><strong>ministrator</strong></span> <span class='ocrx_word' id='word_1_220' title='bbox 673 1907 762 1972; x_wconf 83' lang='lat'>(3).</span> 
     </span>
    </p>

    <p class='ocr_par' dir='ltr' id='par_1_4' title="bbox 110 1981 1809 2733">
     <span class='ocr_line' id='line_1_24' title="bbox 177 1981 1808 2050; baseline 0.003 -23"><span class='ocrx_word' id='word_1_221' title='bbox 177 1981 289 2028; x_wconf 80' lang='lat'>488.</span> <span class='ocrx_word' id='word_1_222' title='bbox 329 1982 400 2030; x_wconf 82' lang='lat' dir='ltr'><strong>Ad</strong></span> <span class='ocrx_word' id='word_1_223' title='bbox 428 1984 495 2029; x_wconf 78' lang='lat'><strong>2¹1¹</strong></span> <span class='ocrx_word' id='word_1_224' title='bbox 519 2021 531 2043; x_wconf 94' lang='lat'>7</span> <span class='ocrx_word' id='word_1_225' title='bbox 562 1985 681 2049; x_wconf 71' lang='lat' dir='ltr'><strong>Neq.</strong></span> <span class='ocrx_word' id='word_1_226' title='bbox 720 1984 974 2050; x_wconf 90' lang='lat' dir='ltr'><strong>sequelam.</strong></span> <span class='ocrx_word' id='word_1_227' title='bbox 1005 1984 1189 2031; x_wconf 89' lang='lat' dir='ltr'><strong>Etenim</strong></span> <span class='ocrx_word' id='word_1_228' title='bbox 1221 2001 1279 2031; x_wconf 75' lang='lat' dir='ltr'><strong>ex</strong></span> <span class='ocrx_word' id='word_1_229' title='bbox 1317 2002 1396 2043; x_wconf 85' lang='lat' dir='ltr'><strong>eo7</strong></span> <span class='ocrx_word' id='word_1_230' title='bbox 1436 1983 1563 2050; x_wconf 89' lang='lat' dir='ltr'><strong>quod</strong></span> <span class='ocrx_word' id='word_1_231' title='bbox 1600 1984 1808 2032; x_wconf 87' lang='lat' dir='ltr'><strong>Christus</strong></span> 
     </span>
     <span class='ocr_line' id='line_1_25' title="bbox 111 2058 1808 2125; baseline 0.003 -21"><span class='ocrx_word' id='word_1_232' title='bbox 111 2058 352 2122; x_wconf 87' lang='lat' dir='ltr'><strong>Apostolos</strong></span> <span class='ocrx_word' id='word_1_233' title='bbox 384 2077 546 2108; x_wconf 90' lang='lat' dir='ltr'><strong>omnes</strong></span> <span class='ocrx_word' id='word_1_234' title='bbox 569 2061 925 2125; x_wconf 80' lang='lat' dir='ltr'><strong>interrogaverit</strong></span> <span class='ocrx_word' id='word_1_235' title='bbox 944 2097 956 2120; x_wconf 95' lang='lat'>7</span> <span class='ocrx_word' id='word_1_236' title='bbox 985 2078 1082 2106; x_wconf 89' lang='lat' dir='ltr'><strong>non</strong></span> <span class='ocrx_word' id='word_1_237' title='bbox 1111 2061 1336 2125; x_wconf 85' lang='lat' dir='ltr'><strong>sequitur,</strong></span> <span class='ocrx_word' id='word_1_238' title='bbox 1364 2060 1424 2108; x_wconf 84' lang='lat' dir='ltr'><strong>ad</strong></span> <span class='ocrx_word' id='word_1_239' title='bbox 1449 2079 1609 2108; x_wconf 89' lang='lat' dir='ltr'><strong>omnes</strong></span> <span class='ocrx_word' id='word_1_240' title='bbox 1643 2061 1808 2109; x_wconf 86' lang='lat' dir='ltr'><strong>eadem</strong></span> 
     </span>
     <span class='ocr_line' id='line_1_26' title="bbox 111 2137 1809 2204; baseline 0.003 -23"><span class='ocrx_word' id='word_1_241' title='bbox 111 2137 291 2183; x_wconf 87' lang='lat' dir='ltr'><strong>ratione</strong></span> <span class='ocrx_word' id='word_1_242' title='bbox 316 2147 526 2203; x_wconf 84' lang='lat' dir='ltr'><strong>spectare</strong></span> <span class='ocrx_word' id='word_1_243' title='bbox 545 2138 705 2199; x_wconf 88' lang='lat' dir='ltr'><strong>verba,</strong></span> <span class='ocrx_word' id='word_1_244' title='bbox 727 2138 894 2204; x_wconf 87' lang='lat' dir='ltr'><strong>quibus</strong></span> <span class='ocrx_word' id='word_1_245' title='bbox 919 2139 1018 2203; x_wconf 86' lang='lat' dir='ltr'><strong>ipse</strong></span> <span class='ocrx_word' id='word_1_246' title='bbox 1042 2148 1367 2185; x_wconf 87' lang='lat' dir='ltr'><strong>remuneratus</strong></span> <span class='ocrx_word' id='word_1_247' title='bbox 1392 2148 1461 2186; x_wconf 92' lang='lat' dir='ltr'><strong>est</strong></span> <span class='ocrx_word' id='word_1_248' title='bbox 1479 2139 1619 2185; x_wconf 89' lang='lat' dir='ltr'><strong>fidem</strong></span> <span class='ocrx_word' id='word_1_249' title='bbox 1634 2148 1681 2186; x_wconf 88' lang='lat' dir='ltr'><strong>et</strong></span> <span class='ocrx_word' id='word_1_250' title='bbox 1702 2156 1809 2186; x_wconf 83' lang='lat' dir='ltr'><strong>con-</strong></span> 
     </span>
     <span class='ocr_line' id='line_1_27' title="bbox 113 2211 1806 2280; baseline 0.004 -23"><span class='ocrx_word' id='word_1_251' title='bbox 113 2211 358 2261; x_wconf 86' lang='lat' dir='ltr'><strong>sessionem</strong></span> <span class='ocrx_word' id='word_1_252' title='bbox 379 2216 519 2263; x_wconf 91' lang='lat' dir='ltr'><strong>Petri.</strong></span> <span class='ocrx_word' id='word_1_253' title='bbox 545 2217 691 2275; x_wconf 89' lang='lat' dir='ltr'><strong>Nam,</strong></span> <span class='ocrx_word' id='word_1_254' title='bbox 718 2216 769 2261; x_wconf 90' lang='lat'><strong>10</strong></span> <span class='ocrx_word' id='word_1_255' title='bbox 793 2215 954 2262; x_wconf 84' lang='lat' dir='ltr'><strong>ceteris</strong></span> <span class='ocrx_word' id='word_1_256' title='bbox 973 2213 1295 2261; x_wconf 79' lang='lat' dir='ltr'><strong>haesitantibus</strong></span> <span class='ocrx_word' id='word_1_257' title='bbox 1321 2214 1550 2280; x_wconf 85' lang='lat' dir='ltr'><strong>Apostolis</strong></span> <span class='ocrx_word' id='word_1_258' title='bbox 1574 2224 1621 2262; x_wconf 92' lang='lat' dir='ltr'><strong>et</strong></span> <span class='ocrx_word' id='word_1_259' title='bbox 1646 2224 1806 2263; x_wconf 87' lang='lat' dir='ltr'><strong>tacen—</strong></span> 
     </span>
     <span class='ocr_line' id='line_1_28' title="bbox 113 2285 1808 2355; baseline 0.005 -24"><span class='ocrx_word' id='word_1_260' title='bbox 113 2285 237 2333; x_wconf 87' lang='lat' dir='ltr'><strong>tibus</strong></span> <span class='ocrx_word' id='word_1_261' title='bbox 253 2324 265 2346; x_wconf 94' lang='lat'>7</span> <span class='ocrx_word' id='word_1_262' title='bbox 286 2289 408 2337; x_wconf 91' lang='lat' dir='ltr'><strong>solus</strong></span> <span class='ocrx_word' id='word_1_263' title='bbox 435 2292 598 2338; x_wconf 91' lang='lat' dir='ltr'><strong>Petrus</strong></span> <span class='ocrx_word' id='word_1_264' title='bbox 616 2328 628 2350; x_wconf 90' lang='lat'><strong>,</strong></span> <span class='ocrx_word' id='word_1_265' title='bbox 651 2292 721 2338; x_wconf 89' lang='lat' dir='ltr'><strong>cui</strong></span> <span class='ocrx_word' id='word_1_266' title='bbox 746 2293 879 2338; x_wconf 86' lang='lat' dir='ltr'><strong>Pater</strong></span> <span class='ocrx_word' id='word_1_267' title='bbox 898 2290 1192 2338; x_wconf 87' lang='lat' dir='ltr'><strong>revelaverat</strong></span> <span class='ocrx_word' id='word_1_268' title='bbox 1217 2300 1443 2338; x_wconf 84' lang='lat' dir='ltr'><strong>aeternam</strong></span> <span class='ocrx_word' id='word_1_269' title='bbox 1466 2291 1547 2337; x_wconf 91' lang='lat' dir='ltr'><strong>filii</strong></span> <span class='ocrx_word' id='word_1_270' title='bbox 1573 2292 1644 2338; x_wconf 91' lang='lat' dir='ltr'><strong>sui</strong></span> <span class='ocrx_word' id='word_1_271' title='bbox 1665 2309 1808 2355; x_wconf 84' lang='lat' dir='ltr'><strong>gene-</strong></span> 
     </span>
     <span class='ocr_line' id='line_1_29' title="bbox 114 2363 1807 2433; baseline 0.005 -25"><span class='ocrx_word' id='word_1_272' title='bbox 114 2363 356 2425; x_wconf 84' lang='lat' dir='ltr'><strong>rationem,</strong></span> <span class='ocrx_word' id='word_1_273' title='bbox 371 2368 641 2433; x_wconf 87' lang='lat' dir='ltr'><strong>respondit:</strong></span> <span class='ocrx_word' id='word_1_274' title='bbox 666 2368 798 2416; x_wconf 75' lang='lat' dir='ltr'><strong>Tues</strong></span> <span class='ocrx_word' id='word_1_275' title='bbox 819 2367 1036 2415; x_wconf 66' lang='lat' dir='ltr'><strong>Christus</strong></span> <span class='ocrx_word' id='word_1_276' title='bbox 1050 2368 1211 2414; x_wconf 78' lang='lat' dir='ltr'><strong>Fili-us</strong></span> <span class='ocrx_word' id='word_1_277' title='bbox 1226 2370 1323 2414; x_wconf 72' lang='lat' dir='ltr'><strong>Dei</strong></span> <span class='ocrx_word' id='word_1_278' title='bbox 1338 2371 1453 2422; x_wconf 59' lang='lat' dir='ltr'><strong>vim}</strong></span> <span class='ocrx_word' id='word_1_279' title='bbox 1468 2369 1541 2414; x_wconf 90' lang='lat' dir='ltr'><strong>cui</strong></span> <span class='ocrx_word' id='word_1_280' title='bbox 1558 2377 1807 2433; x_wconf 88' lang='lat' dir='ltr'><strong>propterea</strong></span> 
     </span>
     <span class='ocr_line' id='line_1_30' title="bbox 114 2440 1806 2510; baseline 0.004 -24"><span class='ocrx_word' id='word_1_281' title='bbox 114 2440 265 2487; x_wconf 88' lang='lat' dir='ltr'><strong>vicem</strong></span> <span class='ocrx_word' id='word_1_282' title='bbox 282 2444 544 2506; x_wconf 89' lang='lat' dir='ltr'><strong>rependens</strong></span> <span class='ocrx_word' id='word_1_283' title='bbox 563 2444 770 2492; x_wconf 87' lang='lat' dir='ltr'><strong>Christus</strong></span> <span class='ocrx_word' id='word_1_284' title='bbox 792 2443 1000 2510; x_wconf 89' lang='lat' dir='ltr'><strong>reposuit</strong></span> <span class='ocrx_word' id='word_1_285' title='bbox 1019 2461 1029 2490; x_wconf 75' lang='grc' dir='ltr'>ε</span> <span class='ocrx_word' id='word_1_286' title='bbox 1053 2446 1229 2490; x_wconf 76' lang='lat' dir='ltr'><strong>Beatus</strong></span> <span class='ocrx_word' id='word_1_287' title='bbox 1248 2462 1292 2491; x_wconf 77' lang='lat' dir='ltr'><strong>es</strong></span> <span class='ocrx_word' id='word_1_288' title='bbox 1305 2480 1318 2504; x_wconf 84' lang='lat'>7</span> <span class='ocrx_word' id='word_1_289' title='bbox 1341 2446 1507 2491; x_wconf 78' lang='lat' dir='ltr'><strong>Simon</strong></span> <span class='ocrx_word' id='word_1_290' title='bbox 1528 2445 1806 2502; x_wconf 57' lang='lat' dir='ltr'><strong>Bar-finum,</strong></span> 
     </span>
     <span class='ocr_line' id='line_1_31' title="bbox 113 2520 1807 2586; baseline 0.004 -24"><span class='ocrx_word' id='word_1_291' title='bbox 113 2520 233 2579; x_wconf 73' lang='lat' dir='ltr'><strong>quia</strong></span> <span class='ocrx_word' id='word_1_292' title='bbox 252 2534 364 2564; x_wconf 81' lang='lat' dir='ltr'><strong>caro</strong></span> <span class='ocrx_word' id='word_1_293' title='bbox 386 2528 429 2564; x_wconf 78' lang='lat' dir='ltr'><strong>et</strong></span> <span class='ocrx_word' id='word_1_294' title='bbox 441 2524 639 2583; x_wconf 68' lang='lat' dir='ltr'><strong>sanquis</strong></span> <span class='ocrx_word' id='word_1_295' title='bbox 657 2538 753 2568; x_wconf 77' lang='lat' dir='ltr'><strong>non</strong></span> <span class='ocrx_word' id='word_1_296' title='bbox 771 2522 994 2567; x_wconf 77' lang='lat' dir='ltr'><strong>revelavit</strong></span> <span class='ocrx_word' id='word_1_297' title='bbox 1009 2520 1123 2574; x_wconf 71' lang='lat' dir='ltr'><strong>tihi,</strong></span> <span class='ocrx_word' id='word_1_298' title='bbox 1149 2521 1231 2567; x_wconf 81' lang='lat' dir='ltr'><strong>sed</strong></span> <span class='ocrx_word' id='word_1_299' title='bbox 1253 2521 1403 2567; x_wconf 80' lang='lat' dir='ltr'><strong>Pater</strong></span> <span class='ocrx_word' id='word_1_300' title='bbox 1422 2538 1568 2568; x_wconf 75' lang='lat' dir='ltr'><strong>meus.</strong></span> <span class='ocrx_word' id='word_1_301' title='bbox 1588 2520 1807 2586; x_wconf 87' lang='lat' dir='ltr'><strong>Adeoque</strong></span> 
     </span>
     <span class='ocr_line' id='line_1_32' title="bbox 112 2591 1807 2663; baseline 0.004 -25"><span class='ocrx_word' id='word_1_302' title='bbox 112 2591 247 2639; x_wconf 88' lang='lat' dir='ltr'><strong>illum</strong></span> <span class='ocrx_word' id='word_1_303' title='bbox 270 2593 421 2641; x_wconf 90' lang='lat' dir='ltr'><strong>solum</strong></span> <span class='ocrx_word' id='word_1_304' title='bbox 445 2595 652 2642; x_wconf 90' lang='lat' dir='ltr'><strong>Christus</strong></span> <span class='ocrx_word' id='word_1_305' title='bbox 666 2597 905 2643; x_wconf 89' lang='lat' dir='ltr'><strong>constituit</strong></span> <span class='ocrx_word' id='word_1_306' title='bbox 926 2604 1108 2661; x_wconf 88' lang='lat' dir='ltr'><strong>petram</strong></span> <span class='ocrx_word' id='word_1_307' title='bbox 1133 2596 1343 2644; x_wconf 84' lang='lat' dir='ltr'><strong>Ecclesiae</strong></span> <span class='ocrx_word' id='word_1_308' title='bbox 1363 2614 1458 2644; x_wconf 86' lang='lat' dir='ltr'><strong>suae</strong></span> <span class='ocrx_word' id='word_1_309' title='bbox 1475 2634 1487 2657; x_wconf 93' lang='lat'>7</span> <span class='ocrx_word' id='word_1_310' title='bbox 1514 2614 1655 2663; x_wconf 88' lang='lat' dir='ltr'><strong>quem</strong></span> <span class='ocrx_word' id='word_1_311' title='bbox 1670 2600 1807 2645; x_wconf 86' lang='lat' dir='ltr'><strong>Pater</strong></span> 
     </span>
     <span class='ocr_line' id='line_1_33' title="bbox 110 2668 1803 2733; baseline 0.002 -17"><span class='ocrx_word' id='word_1_312' title='bbox 110 2668 410 2733; x_wconf 81' lang='lat' dir='ltr'><strong>praeelegerat</strong></span> <span class='ocrx_word' id='word_1_313' title='bbox 442 2670 503 2718; x_wconf 90' lang='lat' dir='ltr'><strong>ad</strong></span> <span class='ocrx_word' id='word_1_314' title='bbox 532 2671 922 2720; x_wconf 87' lang='lat' dir='ltr'><strong>manifestandam</strong></span> <span class='ocrx_word' id='word_1_315' title='bbox 958 2671 1252 2721; x_wconf 89' lang='lat' dir='ltr'><strong>divinitatem</strong></span> <span class='ocrx_word' id='word_1_316' title='bbox 1284 2673 1383 2720; x_wconf 90' lang='lat' dir='ltr'><strong>Filii</strong></span> <span class='ocrx_word' id='word_1_317' title='bbox 1412 2674 1507 2733; x_wconf 74' lang='lat' dir='ltr'><strong>sui,</strong></span> <span class='ocrx_word' id='word_1_318' title='bbox 1541 2673 1614 2722; x_wconf 89' lang='lat' dir='ltr'><strong>hic</strong></span> <span class='ocrx_word' id='word_1_319' title='bbox 1646 2682 1803 2721; x_wconf 87' lang='lat' dir='ltr'><strong>autem</strong></span> 
     </span>
    </p>
   </div>
   <div class='ocr_carea' id='block_1_3' title="bbox 110 2853 1802 3046">
    <p class='ocr_par' dir='ltr' id='par_1_5' title="bbox 110 2853 1802 3046">
     <span class='ocr_line' id='line_1_34' title="bbox 165 2853 1690 2912; baseline 0.005 -20"><span class='ocrx_word' id='word_1_320' title='bbox 165 2856 216 2906; x_wconf 77' lang='lat' dir='ltr'><strong>(l)</strong></span> <span class='ocrx_word' id='word_1_321' title='bbox 244 2853 299 2894; x_wconf 78' lang='lat' dir='ltr'><strong>In</strong></span> <span class='ocrx_word' id='word_1_322' title='bbox 308 2857 469 2896; x_wconf 65' lang='lat' dir='ltr'><strong>exhibit.</strong></span> <span class='ocrx_word' id='word_1_323' title='bbox 488 2871 608 2897; x_wconf 80' lang='lat' dir='ltr'><strong>error.</strong></span> <span class='ocrx_word' id='word_1_324' title='bbox 630 2867 726 2910; x_wconf 84' lang='lat' dir='ltr'><strong>part.</strong></span> <span class='ocrx_word' id='word_1_325' title='bbox 747 2872 777 2907; x_wconf 84' lang='lat'><strong>1,</strong></span> <span class='ocrx_word' id='word_1_326' title='bbox 792 2867 861 2898; x_wconf 81' lang='lat' dir='ltr'><strong>art.</strong></span> <span class='ocrx_word' id='word_1_327' title='bbox 877 2871 917 2910; x_wconf 78' lang='lat'><strong>⁴7,</strong></span> <span class='ocrx_word' id='word_1_328' title='bbox 986 2858 1234 2912; x_wconf 85' lang='lat' dir='ltr'><strong>Hieronymus</strong></span> <span class='ocrx_word' id='word_1_329' title='bbox 1248 2889 1262 2910; x_wconf 85' lang='lat'><strong>,</strong></span> <span class='ocrx_word' id='word_1_330' title='bbox 1285 2863 1325 2899; x_wconf 86' lang='lat' dir='ltr'><strong>in</strong></span> <span class='ocrx_word' id='word_1_331' title='bbox 1344 2875 1426 2912; x_wconf 84' lang='lat' dir='ltr'><strong>cap.</strong></span> <span class='ocrx_word' id='word_1_332' title='bbox 1441 2874 1530 2900; x_wconf 86' lang='lat' dir='ltr'><strong>xvm</strong></span> <span class='ocrx_word' id='word_1_333' title='bbox 1550 2860 1690 2900; x_wconf 78' lang='lat' dir='ltr'><strong>Matth.</strong></span> 
     </span>
     <span class='ocr_line' id='line_1_35' title="bbox 110 2921 1802 2978; baseline 0.002 -19"><span class='ocrx_word' id='word_1_334' title='bbox 110 2921 157 2959; x_wconf 85' lang='lat' dir='ltr'><strong>ad</strong></span> <span class='ocrx_word' id='word_1_335' title='bbox 182 2932 341 2964; x_wconf 82' lang='lat' dir='ltr'><strong>accusat.</strong></span> <span class='ocrx_word' id='word_1_336' title='bbox 372 2922 414 2963; x_wconf 90' lang='lat'><strong>5.</strong></span> <span class='ocrx_word' id='word_1_337' title='bbox 1043 2923 1093 2975; x_wconf 81' lang='lat'><strong>(3)</strong></span> <span class='ocrx_word' id='word_1_338' title='bbox 1123 2925 1200 2966; x_wconf 84' lang='lat' dir='ltr'><strong>Cfr.</strong></span> <span class='ocrx_word' id='word_1_339' title='bbox 1229 2925 1341 2966; x_wconf 82' lang='lat' dir='ltr'><strong>Card.</strong></span> <span class='ocrx_word' id='word_1_340' title='bbox 1368 2926 1428 2965; x_wconf 88' lang='lat' dir='ltr'><strong>Du</strong></span> <span class='ocrx_word' id='word_1_341' title='bbox 1451 2926 1587 2966; x_wconf 86' lang='lat' dir='ltr'><strong>Perron</strong></span> <span class='ocrx_word' id='word_1_342' title='bbox 1604 2956 1615 2976; x_wconf 91' lang='lat'><strong>,</strong></span> <span class='ocrx_word' id='word_1_343' title='bbox 1646 2939 1706 2978; x_wconf 91' lang='lat' dir='ltr'><strong>op.</strong></span> <span class='ocrx_word' id='word_1_344' title='bbox 1739 2926 1802 2962; x_wconf 80' lang='lat' dir='ltr'><strong>eit.</strong></span> 
     </span>
     <span class='ocr_line' id='line_1_36' title="bbox 166 2986 1401 3046; baseline 0.005 -20"><span class='ocrx_word' id='word_1_345' title='bbox 166 2986 221 3039; x_wconf 72' lang='grc'><strong>(2)</strong></span> <span class='ocrx_word' id='word_1_346' title='bbox 250 2988 306 3028; x_wconf 83' lang='lat' dir='ltr'><strong>Ita</strong></span> <span class='ocrx_word' id='word_1_347' title='bbox 350 2988 528 3044; x_wconf 83' lang='lat' dir='ltr'><strong>Origenes</strong></span> <span class='ocrx_word' id='word_1_348' title='bbox 547 3020 558 3037; x_wconf 90' lang='lat'>‚</span> <span class='ocrx_word' id='word_1_349' title='bbox 600 2990 881 3042; x_wconf 78' lang='lat' dir='ltr'><strong>Chrysostomus</strong></span> <span class='ocrx_word' id='word_1_350' title='bbox 908 3023 918 3041; x_wconf 93' lang='lat'><strong><em>‚</em></strong></span> <span class='ocrx_word' id='word_1_351' title='bbox 987 3004 1073 3044; x_wconf 85' lang='lat' dir='ltr'><strong>cap.</strong></span> <span class='ocrx_word' id='word_1_352' title='bbox 1097 2990 1150 3031; x_wconf 89' lang='lat'><strong>56</strong></span> <span class='ocrx_word' id='word_1_353' title='bbox 1165 3022 1176 3041; x_wconf 94' lang='lat'>‚</span> <span class='ocrx_word' id='word_1_354' title='bbox 1201 3007 1286 3046; x_wconf 84' lang='lat' dir='ltr'><strong>pag.</strong></span> <span class='ocrx_word' id='word_1_355' title='bbox 1308 2990 1401 3043; x_wconf 76' lang='grc'><strong>455.</strong></span> 
     </span>
    </p>
   </div>
  </div>
 </body>
</html>
