2028 3354
1703 162 1805 210 267*

434 179 559 210 PART.
598 180 633 209 1.
672 179 773 210 CAP.
807 180 873 211 IV.
908 180 965 211 DE
996 180 1215 212 ECCLESIAE
1249 179 1444 211 DOTIBUS.

110 293 391 342 mulandum
419 309 517 339 esse
552 308 658 339 cum
696 291 1058 353 reluctantibus,
1103 292 1250 342 donec
1276 292 1500 359 temporis
1539 300 1690 340 tractu
1725 309 1799 342 res

106 369 273 417 melius
307 370 357 415 in
386 377 546 433 aperto
581 378 864 433 poneretur,
889 370 960 416 uti
984 370 1155 417 factum
1189 379 1259 417 est
1284 370 1371 435 (l).
1404 367 1623 417 Tenebris
1642 369 1798 435 itaque

107 445 340 511 dissipatis
358 481 371 502 ,
393 445 437 490 S.
463 445 710 508 Gregorius
738 447 797 494 M.
828 447 1068 493 neminem
1086 446 1144 493 ad
1164 446 1372 493 Ecclesiae
1393 463 1554 511 pacem
1579 444 1767 493 admisit
1782 482 1796 506 ,

108 523 221 587 quin
251 523 381 587 prius
411 530 694 568 contestatus
723 532 868 581 esset,
907 539 955 568 se
983 522 1020 567 V
1047 521 1177 568 illam
1209 521 1448 585 Synodum
1477 521 1724 570 admittere
1752 530 1799 569 et

107 597 350 655 venerari,
372 596 729 662 damnassetque
750 597 836 644 tria
857 596 1073 661 capitula.
1099 599 1197 643 Imo
1216 605 1455 659 receptum
1477 605 1573 658 est,
1596 606 1667 657 ut,
1693 614 1800 646 cum

105 673 278 721 Praesul
306 672 472 738 aliquis
501 673 883 737 inauguraretur,
919 670 1131 719 debuerit
1158 672 1392 736 profiteri,
1424 689 1473 719 se
1501 671 1632 720 illam
1650 674 1800 739 Syno-

103 749 219 797 dum
244 751 455 815 vrecipere
475 748 560 813 (2).

167 827 279 874 407.
322 826 392 874 Ad
417 826 510 887 4¹1¹,
540 827 663 873 Dist.
700 823 1005 871 Bellarminus
1033 833 1081 871 et
1110 824 1333 871 Baronius
1361 824 1420 872 de
1456 825 1650 873 Honorii
1685 843 1798 891 per-

104 920 232 964 sona,
247 903 456 968 adeoque
479 902 538 949 de
557 902 673 948 facto
699 917 826 947 mere
844 899 1079 966 personali
1101 900 1243 948 locuti
1261 910 1372 948 sunt
1390 938 1402 960 ,
1423 919 1582 957 oonc.‚·
1601 901 1660 950 de
1678 902 1799 951 facto

103 979 364 1042 dogmatico
380 1014 393 1039 ,
440 995 543 1041 neq.
585 976 637 1023 Id
674 976 821 1042 liquet
864 978 913 1023 1ο
953 994 1008 1024 ex
1050 977 1292 1043 utriusque
1336 978 1574 1044 scriptoris
1618 979 1792 1027 verbis.

101 1057 286 1103 Etenim
314 1054 619 1102 Bellarminus
644 1052 825 1101 disserit
845 1052 903 1100 de
926 1070 998 1112 eo,
1019 1053 1068 1100 in
1090 1071 1183 1118 quo
1207 1062 1364 1120 patres
1388 1056 1446 1102 VI
1459 1056 1632 1120 Synodi
1645 1055 1798 1122 decipi

98 1140 356 1197 potuerunt
372 1167 384 1189 ,
413 1131 638 1177 nimirum
654 1148 710 1176 em
724 1131 868 1194 falsis
897 1132 1178 1178 rumoribus
1191 1167 1204 1190 ,
1235 1138 1278 1178 et
1299 1149 1396 1178 non
1423 1134 1670 1180 intellectis
1691 1135 1799 1181 Ho-

98 1211 235 1254 norii
253 1209 486 1270 epistolis,
512 1224 683 1272 nempe
712 1207 866 1272 quoad
897 1207 1141 1254 consilium
1163 1208 1355 1255 Honorii
1375 1209 1425 1255 in
1446 1209 1668 1274 sopienda
1690 1228 1801 1258 con*

102 1285 325 1331 troversia
369 1301 454 1350 per
493 1283 749 1349 quamdam
792 1284 1116 1331 oeconomiam.
1161 1284 1269 1331 Jam
1307 1302 1416 1333 vero
1453 1286 1641 1333 nonnisi
1676 1287 1794 1335 facta

100 1360 394 1426 particularia
418 1370 558 1425 atque
583 1358 841 1425 personalia
861 1378 886 1407 a
907 1359 1030 1407 falsis
1050 1359 1315 1408 rumoribus
1334 1361 1546 1426 pendent
1563 1399 1575 1422 ,
1600 1362 1797 1428 perinde

99 1453 150 1483 ac
163 1454 189 1483 a
209 1446 369 1485 mente
387 1436 622 1502 personali
638 1436 873 1501 scriptoris
890 1435 1132 1483 consilium
1152 1437 1268 1483 circa
1284 1436 1449 1501 agendi
1465 1439 1693 1487 rationem
1707 1438 1791 1504 (3).

153 1613 207 1666 (1)
239 1614 286 1653 Et
313 1614 390 1653 haee
406 1616 632 1653 cohaerenter
664 1616 711 1654 ad
741 1616 913 1667 praeclara

96 1679 168 1717 hac
200 1680 246 1718 de
284 1694 323 1718 re
354 1681 449 1719 edita
478 1694 497 1718 a
534 1680 575 1719 S.
600 1680 803 1732 Augustino
830 1695 912 1720 mo-

96 1745 170 1781 nita
188 1772 199 1794 ,
224 1744 309 1797 qui,
333 1744 443 1784 Cont.
470 1746 729 1786 Parmenion.
757 1746 825 1786 lib.
843 1760 908 1794 111,

94 1823 174 1860 cap.
199 1823 221 1847 2
240 1839 250 1857 ,
277 1824 316 1847 n.
346 1811 391 1849 13
408 1839 419 1857 ‚
442 1813 592 1858 statuit,
614 1820 703 1851 tunc
724 1826 910 1864 quemque

95 1876 372 1928 percellendum
405 1878 664 1926 anathemate,
699 1879 770 1916 ubi
800 1880 909 1932 peri-

96 1940 227 1979 eulum
267 1941 482 1980 schismatis
522 1942 674 1982 nullum
708 1951 762 1982 est
789 1974 799 1988 ,
847 1952 910 1983 aut

93 2007 250 2058 quando
270 2009 326 2045 ita
343 2010 480 2060 cuique
507 2011 657 2048 crimen
678 2017 805 2049 aetum
828 2019 880 2049 est
896 2041 906 2059 ,

93 2081 132 2110 et
150 2075 328 2113 omnibus
352 2075 562 2114 execrabile
584 2084 767 2131 apparet,
788 2085 831 2116 ut
853 2077 911 2116 vel

95 2137 219 2176 nullos
239 2153 401 2191 prorsus
418 2170 428 2189 ,
456 2140 515 2179 vel
536 2155 614 2180 non
652 2142 743 2181 tales
773 2141 910 2181 habeat

97 2200 335 2254 defensores,
363 2220 436 2258 per
468 2220 561 2258 quos
583 2208 710 2259 possit
741 2207 907 2254 schisma

97 2269 325 2321 cominqere.
339 2272 383 2310 Et
394 2274 542 2320 iterum,
555 2272 684 2326 Epist.
699 2287 784 2321 xxii,
797 2288 836 2314 n.
850 2273 876 2313 5
892 2287 904 2315 ε

98 2332 189 2371 Non
208 2348 337 2387 aspere
353 2366 363 2384 ,
393 2345 580 2389 quantum
600 2340 778 2377 existimo
792 2369 801 2387 ,
828 2353 907 2379 non

97 2397 268 2448 duriter,
286 2413 363 2439 non
380 2404 488 2442 modo
511 2405 717 2457 imperioso
734 2407 819 2443 ἐσίω
835 2405 906 2444 ἰοῖ-η

96 2463 231 2503 luntur
244 2479 262 2513 ;
276 2469 399 2518 Μαρία
413 2468 577 2508 docendo
596 2484 710 2522 quam
717 2471 904 2521 jubendo,

96 2532 222 2582 maqis
251 2534 434 2572 monendo
462 2549 578 2587 quam
611 2538 814 2580 minando.
839 2541 906 2577 Sic

96 2598 201 2635 enim
227 2598 416 2649 aqendum
441 2607 496 2638 est
524 2614 610 2639 cum
634 2603 905 2649 multitudine;

96 2665 277 2701 severitas
300 2670 426 2702 autem
451 2667 660 2706 exercenda
680 2676 734 2707 est
758 2671 803 2707 in
820 2681 905 2721 peo-

95 2734 181 2765 cata
200 2742 426 2781 paucorum.
455 2732 526 2771 Hie
549 2741 671 2771 autem
692 2735 810 2773 obiter
832 2737 908 2774 ani-

97 2784 305 2843 madverto,
336 2796 434 2834 hanc
452 2798 703 2838 difficultatem
718 2830 728 2846 ,
756 2814 836 2852 quae
857 2802 904 2840 ab

98 2857 312 2902 adversariis
344 2870 492 2913 urgetur
528 2877 573 2902 ex
607 2866 736 2917 agendi
766 2869 909 2907 ratione

96 2937 224 2963 eorum
239 2956 248 2974 ,
271 2930 334 2979 qui
354 2931 564 2969 restiterunt
589 2931 797 2970 definitioni
812 2933 911 2973 Con-

979 1615 1040 1653 eili
1062 1614 1111 1663 V,
1137 1629 1179 1654 eo
1195 1615 1295 1668 quod
1320 1620 1544 1656 contrarium
1568 1619 1689 1671 ipsum
1705 1633 1792 1658 cen-

975 1683 1113 1719 suerint
1137 1681 1420 1721 definitionibus
1435 1684 1540 1722 editis
1555 1688 1595 1723 in
1619 1685 1786 1725 Concilio

974 1744 1265 1786 chalcedonensi
1282 1777 1291 1795 ,
1304 1762 1383 1786 rem
1396 1757 1560 1788 nostram
1572 1753 1690 1803 magis
1705 1766 1792 1803 pro-

973 1810 1073 1849 bare.
1099 1811 1179 1850 Nisi
1202 1815 1301 1851 enim
1325 1827 1391 1866 pro
1423 1824 1519 1854 certo
1551 1815 1603 1855 illi
1636 1816 1790 1857 habuis-

972 1885 1051 1915 sent
1078 1908 1090 1923 ,
1125 1880 1351 1918 oecumenica
1383 1878 1546 1919 Concilia
1577 1882 1789 1921 infallibilia

971 1956 1048 1981 esse
1072 1945 1112 1981 in
1132 1943 1237 1982 factis
1263 1944 1479 1996 dogmaticis
1502 1976 1512 1996 ,
1543 1947 1647 1985 nulla
1679 1962 1788 1987 eausa

971 2007 1098 2047 fuisset
1109 2040 1124 2057 ‚
1150 2023 1263 2061 quare
1295 2013 1492 2057 restiterint
1514 2012 1668 2052 decretis
1691 2013 1789 2053 Con-

969 2072 1046 2111 eilii
1067 2077 1271 2125 posterioris
1290 2105 1300 2124 ,
1319 2089 1383 2115 seu
1399 2075 1537 2130 Synodi
1562 2077 1611 2126 V,
1636 2080 1789 2130 perinde

970 2152 1011 2176 ac
1036 2141 1065 2178 si
1086 2140 1167 2179 haee
1190 2142 1445 2182 adversaretur
1477 2144 1622 2183 decreto
1644 2145 1785 2184 infalli-

967 2202 1033 2242 bili
1060 2205 1216 2245 Concilii
1245 2207 1579 2256 Chalcedonensis,
1610 2210 1710 2262 quod
1740 2209 1786 2249 ab

969 2271 1141 2308 omnibus
1174 2280 1214 2310 ut
1254 2276 1525 2312 oecumenicum
1557 2274 1787 2324 habebatur;

968 2334 1207 2374 dubitabatur
1226 2345 1348 2377 autem
1377 2338 1424 2376 ab
1445 2341 1540 2389 istis,
1556 2349 1679 2379 utrum
1703 2342 1786 2380 talis

967 2403 1099 2452 pariter
1120 2403 1302 2442 censenda
1325 2411 1419 2443 esset
1444 2407 1576 2458 quinta
1596 2404 1783 2458 Synodus.

1023 2464 1078 2518 (2)
1119 2468 1198 2507 Cfr.
1243 2470 1342 2521 apud
1390 2469 1498 2510 Joan.
1559 2469 1785 2513 Garnerium

966 2529 1008 2569 S.
1022 2530 1062 2572 J.
1084 2532 1206 2571 Liber
1215 2534 1383 2572 diurnus
1397 2534 1655 2574 Romanorum
1673 2537 1783 2576 Pon-

967 2597 1113 2648 tificum
1128 2628 1139 2649 ,
1161 2600 1275 2640 Paris.
1297 2599 1397 2640 1680
1416 2630 1428 2649 ,
1451 2604 1491 2640 in
1513 2603 1676 2642 secunda
1696 2604 1783 2643 fidei

971 2663 1193 2714 professione
1207 2697 1216 2713 ,
1235 2680 1318 2718 pag.
1335 2665 1404 2717 35,
1421 2676 1455 2706 et
1474 2683 1556 2720 pag.
1575 2667 1629 2708 38
1649 2678 1686 2708 et
1702 2683 1781 2722 seq.

1027 2739 1080 2789 (2)
1109 2741 1183 2781 Cfr.
1204 2744 1346 2782 erudita
1367 2743 1523 2783 Relatio
1556 2744 1676 2785 Card.
1705 2743 1781 2784 Ca-

971 2803 1048 2842 roli
1075 2806 1223 2847 Alberci
1264 2808 1497 2849 canali-hini
1520 2811 1704 2862 ponentis
1738 2810 1781 2849 in

979 2884 1097 2911 causa
1129 2887 1218 2916 ven.
1264 2877 1367 2914 servi
1398 2873 1477 2915 Dei
1509 2876 1744 2915 Bellarmini
1767 2905 1779 2924 ,

977 2936 1101 2977 Romae
1128 2940 1227 2993 1753
1241 2968 1254 2989 ,
1281 2955 1320 2980 n.
1340 2939 1415 2994 267
1432 2950 1468 2983 et
1486 2956 1589 2996 seqq.
1608 2955 1691 2995 pag.
1702 2939 1783 2981 208
