2028 3354
183 203 279 251 502
663 224 825 254 'rr-acan
862 226 916 255 na
952 227 1070 256 roms
1106 228 1402 262 mnoroclcls.

186 335 488 395 adversariis,
516 352 646 383 secus
676 353 728 384 ac
756 338 873 385 ferat
900 357 1061 388 sensus
1094 342 1383 408 antiquitatis
1405 347 1596 413 ipsaque
1621 348 1688 396 rei
1711 357 1878 397 natura

182 412 240 461 de
269 431 358 478 qua
386 412 536 476 agitur
563 414 660 480 (l),
692 425 928 480 postrema
949 417 1109 478 verba,
1142 425 1350 483 etportae
1377 427 1532 487 inferi
1568 442 1663 472 own
1680 443 1880 488 prtem-

180 490 344 535 lehunt
367 490 598 538 adversus
622 508 726 538 eam
742 527 760 550 ,
787 511 883 540 non
911 494 969 540 ad
992 504 1176 560 petram
1192 532 1204 555 ,
1236 497 1318 543 sed
1340 498 1399 544 ad
1426 501 1669 548 Ecclesiam
1690 503 1876 562 referri3

180 573 418 624 attamen,
446 566 535 615 nisi
568 566 769 616 velimus
792 569 1028 617 Christum
1057 572 1126 619 uti
1153 572 1350 619 stultum
1379 575 1683 624 architectum
1714 578 1881 625 tradu-

180 656 311 699 cere,
353 642 434 705 qui
481 642 541 689 ad
588 643 917 691 sustinendum
966 647 1316 713 regendumque
1363 649 1602 698 aedificium
1649 663 1880 702 aeternum

178 724 364 780 petram
385 717 577 782 elegerit
597 719 809 783 fragilem
830 730 877 768 et
897 723 1136 787 ineptam,
1170 725 1412 772 fatendum
1437 735 1524 785 est,
1559 728 1727 775 exinde
1745 730 1880 777 infal-

177 791 446 841 libilitatem
483 795 607 842 Petri
635 813 715 842 seu
740 814 858 844 rom.
892 799 1148 859 pontificis,
1180 801 1230 847 in
1267 802 1320 847 iis
1346 820 1449 867 quae
1476 802 1536 850 ad
1561 804 1703 852 fidem
1733 807 1882 870 perti-

178 879 313 930 nent,
344 871 592 919 evidenter
624 873 926 926 constabiliri.
954 878 1004 921 In
1034 880 1274 924 communi
1303 881 1431 927 enim
1462 881 1716 929 hominum
1742 900 1882 931 sensu

176 963 271 992 non
300 956 429 1010 petra
457 965 538 995 seu
565 948 928 996 fundamentum
957 951 1239 999 soliditatem
1271 955 1639 1023 firmitatemque
1669 977 1800 1006 suam
1821 959 1882 1007 ab

176 1021 369 1069 aedificio
397 1025 620 1087 acquirit,
649 1024 729 1071 sed
753 1042 778 1071 e
807 1042 1032 1073 converso
1056 1027 1302 1077 aedificium
1327 1047 1353 1076 a
1383 1032 1707 1083 fundamento.
1734 1035 1823 1081 Sed
1846 1036 1885 1082 si

177 1101 341 1146 Petrus
377 1100 426 1146 in
464 1100 572 1147 fidei
611 1100 806 1148 decretis
845 1102 1090 1150 reformari
1137 1102 1195 1149 ab
1238 1104 1434 1152 Ecclesia
1478 1120 1631 1172 posset
1655 1147 1666 1169 ,
1718 1121 1887 1176 praeter

178 1174 382 1222 absurda
395 1175 492 1234 illa,
519 1176 577 1223 de
597 1176 765 1240 quibus
784 1178 924 1242 paulo
944 1189 1054 1227 ante
1066 1179 1288 1235 diximus,
1312 1192 1600 1246 sequeretur,
1628 1203 1724 1232 non
1738 1188 1887 1235 Eccle-

177 1252 294 1299 siam
333 1269 414 1299 scu
450 1251 697 1300 aedificium
730 1272 755 1300 a
789 1256 956 1314 Petro,
989 1256 1299 1304 fundamento
1333 1257 1534 1318 scilicet,
1576 1261 1881 1323 consolidari,

178 1328 258 1375 sed
292 1330 510 1389 Petrum,
543 1345 716 1394 nempe
755 1330 1122 1379 fundamentum
1157 1350 1183 1379 a
1222 1343 1541 1398 superstructo
1577 1334 1797 1391 aedificio,
1835 1339 1885 1385 id

181 1403 307 1470 quod
333 1404 506 1451 Christi
535 1405 811 1453 adversatur
838 1409 1098 1456 sententiae.
1132 1410 1194 1455 Eo
1223 1410 1366 1472 magis
1394 1411 1521 1474 quod
1551 1411 1759 1459 Christus
1780 1413 1885 1461 ideo

180 1480 381 1527 stultum
410 1482 648 1529 vocaverit
675 1482 943 1543 hominem,
971 1488 1100 1547 cujus
1130 1485 1297 1532 domus
1324 1486 1492 1533 cecidit
1520 1505 1577 1535 ex
1600 1489 1884 1537 irruentibus

178 1556 410 1604 imbribus
454 1568 501 1605 et
533 1558 755 1605 flantibus
788 1561 971 1620 ventis,
1008 1562 1115 1626 quia
1148 1561 1280 1609 illam
1313 1580 1411 1609 non
1442 1563 1708 1612 aedificasset
1746 1583 1886 1630 super

181 1633 367 1680 firmam
398 1642 582 1698 petram
598 1670 610 1692 ,
632 1634 714 1681 sed
735 1636 889 1701 potius
912 1637 1178 1685 inordinate
1203 1656 1344 1703 super
1372 1656 1563 1687 arenam
1588 1641 1884 1689 extruxisset.

180 1710 241 1757 At
272 1710 337 1756 ita
379 1727 427 1757 se
474 1710 683 1757 Christus
707 1712 757 1757 in
781 1712 1154 1761 adversariorum
1182 1715 1427 1780 hypothesi
1467 1717 1607 1782 plane
1635 1718 1848 1781 gessisset
1871 1753 1884 1775 ,

182 1786 308 1851 quod
337 1786 412 1833 vel
439 1787 642 1852 cogitare
672 1786 904 1835 absonum
933 1800 980 1837 et
1013 1791 1211 1856 impium
1245 1801 1380 1839 esset.

260 1861 372 1908 735.
414 1862 621 1909 Tertium
669 1862 871 1928 denique
913 1865 1047 1913 nobis
1096 1867 1366 1931 suppeditat
1399 1869 1442 1915 S.
1474 1870 1709 1927 Joannes,
1743 1869 1883 1926 XXI,

186 1937 245 1984 15
274 1947 321 1985 et
351 1955 448 2003 seq.
477 1939 526 1984 in
556 1938 645 1985 illis
678 1939 832 1986 verbis
861 1959 886 1987 a
916 1941 1103 1989 Christo
1132 1942 1343 1990 redivivo
1378 1945 1516 1990 Petro
1543 1943 1676 1991 dictis
1700 1961 1710 1989 :
1736 1944 1887 1990 Pasce

181 2032 325 2079 aynos
349 2032 514 2062 meos...
538 2033 681 2077 pasce
709 2033 809 2063 oves
839 2035 981 2065 meas.
1010 2018 1209 2065 Pastoris
1231 2018 1371 2081 hujus
1411 2037 1585 2066 munus
1611 2037 1708 2066 non
1735 2018 1886 2066 solum

181 2091 230 2137 in
258 2090 669 2139 Sacramentorum
697 2093 1124 2155 administratione,
1149 2112 1315 2141 verum
1337 2095 1480 2142 etiam
1496 2132 1509 2155 ,
1543 2096 1637 2142 imo
1659 2094 1897 2158 praecipue'

184 2169 232 2212 in
261 2184 380 2215 verae
401 2167 626 2214 doctrinae
647 2169 909 2216 ministerio
932 2171 1154 2217 consistit.
1184 2173 1324 2218 Porro
1348 2171 1560 2218 Christus
1581 2187 1666 2236 per
1687 2169 1887 2216 adducta

184 2242 328 2290 verba
359 2245 550 2292 Petrum
580 2246 784 2294 universi
818 2247 968 2310 gregis
996 2248 1093 2307 sui,
1126 2264 1355 2310 agnorum
1383 2257 1431 2295 et
1460 2248 1616 2296 ovium
1650 2255 1888 2311 pastorem

184 2320 452 2379 constituit3
483 2338 626 2387 quare
641 2358 654 2380 ,
687 2321 795 2369 licet
813 2323 1024 2388 Episcopi
1048 2332 1256 2388 pastores
1283 2324 1376 2370 sint
1396 2332 1611 2387 respectu
1635 2321 1758 2369 illius
1780 2339 1887 2386 gre-

185 2395 251 2457 gis
273 2397 500 2459 portionis
520 2434 532 2456 ,
567 2398 894 2462 quaeipsorum
923 2415 1041 2446 curae
1060 2400 1303 2446 commissa
1331 2408 1401 2446 est
1431 2417 1441 2447 :
1468 2400 1686 2458 Pascite,
1719 2403 1812 2461 qui
1832 2402 1886 2445 z'n

180 2473 311 2517 vohis
339 2481 405 2518 est
429 2491 619 2537 yreqewn
659 2475 779 2528 Dei,
812 2484 1023 2523 attamen
1055 2485 1102 2524 et
1132 2476 1219 2540 ipsi
1260 2476 1367 2539 agni
1396 2485 1476 2523 aut
1509 2493 1617 2523 oves
1648 2483 1759 2522 sunt
1787 2492 1885 2523 res-

178 2556 318 2611 pectu
345 2551 556 2613 supremi
586 2551 809 2613 pastoris,
846 2552 1020 2600 scilicet
1058 2551 1183 2601 Petri
1218 2568 1298 2599 seu
1334 2569 1456 2599 rom.
1492 2552 1726 2600 Pontificis
1746 2555 1880 2614 juxta

237 2746 288 2797 (1)
313 2746 389 2787 Cfr.
403 2748 656 2789 ibid.necnon
678 2749 901 2791 Emmanuel
927 2751 972 2791 Sa
986 2783 996 2801 ‚
1064 2765 1159 2791 rom.
1179 2751 1390 2801 pontificis,
1418 2767 1504 2792 cum
1525 2769 1604 2792 non
1625 2754 1691 2793 alia
1713 2752 1759 2790 de
1775 2765 1885 2790 causa

181 2808 337 2851 Scholia
348 2815 392 2851 in
405 2821 570 2865 quatuor
586 2814 622 2853 E
623 2815 801 2867 vanqelia
814 2847 825 2865 ,
842 2819 881 2855 in
895 2818 998 2856 hunc
1064 2819 1209 2857 dicatur
1228 2834 1247 2857 a
1260 2819 1409 2859 Christo
1421 2820 1587 2861 Domino
1601 2850 1611 2868 ,
1632 2827 1755 2872 portas
1770 2820 1881 2859 inferi

182 2875 277 2927 loc.;
292 2882 460 2930 quamvis
476 2894 562 2920 vero
576 2879 812 2920 Maldonatus
829 2888 867 2921 et
882 2882 995 2923 Corn.
1065 2885 1263 2935 praevalere
1294 2900 1370 2924 non
1413 2900 1518 2938 posse
1550 2885 1724 2924 adversus
1755 2885 1881 2925 Eccle-

182 2957 202 2981 a
229 2943 367 2995 Lapide
395 2945 604 2997 intelligant
625 2946 671 2985 de
689 2946 875 2995 Ecclesia,
904 2957 996 2988 atta·
1063 2952 1153 2991 siam
1173 2979 1183 2996 ‚
1224 2965 1334 3003 quam
1374 2953 1474 3003 quod
1511 2952 1589 3006 haec
1624 2952 1801 2991 aedificata
1834 2954 1880 2991 sit

178 3021 264 3046 men
302 3009 434 3049 exinde
471 3011 650 3062 colligunt
685 3011 990 3053 infallibilitatem
1062 3028 1171 3066 supra
1191 3016 1335 3055 firmam
1361 3025 1514 3067 petram.
