2028 3354
223 172 314 220 120

680 188 834 221 TRAGT.
874 190 928 219 DE
962 190 1083 221 mels
1118 190 1418 222 THEOLOGICIS.

221 303 351 352 Alex.
367 302 456 366 (l)⁷
476 300 758 365 Epiphanius
770 300 841 364 (2)
857 337 870 360 .‚
892 304 1086 367 Optatus
1104 304 1173 367 (3)
1188 342 1200 364 ‚
1217 305 1416 353 Hilarius
1429 306 1499 371 (4)
1517 342 1529 366 ,
1551 305 1814 353 Ambrosius
1828 307 1898 370 (5)

224 378 453 441 ceterique
484 374 833 439 subsequentes.
878 377 931 423 In
960 394 1013 423 eo
1045 395 1204 426 omnes
1237 382 1520 429 conveniunt
1546 417 1559 440 ⁷
1599 382 1899 429 necessariam

223 470 320 502 esse
339 451 805 499 communicationem
819 468 924 498 cum
942 460 1100 498 centro
1120 454 1311 502 unitatis
1326 491 1338 513 ,
1363 465 1416 503 ut
1444 456 1651 503 Ecclesiae
1667 455 1901 503 catholicae

221 526 430 575 membra
460 525 620 573 haberi
661 536 847 590 queant.
882 529 1052 574 Eorum
1087 529 1278 576 Patrum
1305 529 1440 578 effata
1483 548 1565 578 suo
1608 532 1706 577 loco
1739 532 1901 578 effere-

220 619 338 650 mus.
384 603 437 648 In
477 618 530 648 eo
562 603 846 649 conveniunt
875 603 1044 650 iterum
1076 619 1264 662 omnes,
1302 612 1352 649 ut
1391 605 1630 653 affirment
1660 605 1903 653 Ecclesiam

218 677 365 724 scindi
393 675 525 724 nullo
553 677 692 724 modo
722 694 856 742 posse
881 676 969 742 (6).
1003 678 1174 724 Mirum
1209 687 1278 725 est
1306 687 1411 742 post
1440 679 1552 726 adeo
1581 680 1823 729 luculenta
1853 688 1900 726 et

219 752 402 816 vulgata
424 742 694 800 testimonia
714 788 725 811 n
758 752 1075 801 adversarium
1104 752 1335 801 affirmare
1354 754 1557 818 potuisse
1574 790 1587 814 ,
1612 773 1667 802 ex
1690 754 1903 801 Patribus

219 845 317 875 non
338 828 570 888 constare,
594 828 824 875 unitatem
850 844 948 875 esse
967 826 1145 876 debere
1171 828 1398 876 actualem
1415 865 1428 888 ,
1454 829 1709 893 perfectam
1728 847 1779 877 ac
1804 830 1903 877 sine

216 904 573 969 interruptione.

282 978 395 1025 205.
436 977 504 1025 Ad
534 979 625 1038 6¹1²,
646 978 767 1041 Ney.
797 977 872 1026 vel
901 979 1009 1025 dist.
1046 978 1237 1025 Constat
1265 995 1320 1025 ex
1355 977 1545 1025 historia
1572 977 1870 1026 ecclesiastica
1889 1013 1902 1038 ‚

220 1053 458 1101 interdum
484 1053 611 1103 salva
641 1054 820 1100 unitate
843 1054 1221 1101 communionem
1247 1054 1561 1118 interruptam
1590 1055 1727 1100 fuisse
1745 1053 1898 1101 schis-

213 1138 341 1177 mate
369 1128 628 1187 materiali‚
657 1137 738 1175 aut
769 1128 1111 1193 interruptione
1137 1127 1433 1193 imperfecta,
1465 1144 1619 1182 cono.,·
1650 1128 1904 1174 schismate

214 1203 398 1251 formali
418 1219 470 1249 ac
494 1203 835 1267 interruptione
860 1203 1064 1267 perfecta
1085 1240 1097 1263 ‚
1131 1220 1222 1267 qua
1247 1220 1355 1254 vere
1383 1203 1432 1249 in
1461 1212 1617 1268 partes
1640 1202 1823 1249 discissa
1847 1202 1907 1250 sit

216 1279 412 1326 Ecclesia
426 1315 439 1334 ,
461 1295 562 1341 my.
588 1279 675 1325 Res
692 1278 830 1343 plana
845 1279 925 1326 fiet
943 1295 999 1326 ex
1023 1278 1307 1343 singulorum
1325 1314 1337 1336 ,
1363 1295 1465 1343 quae
1491 1278 1789 1341 obficiuntur,
1809 1278 1907 1325 fac—

219 1362 376 1402 torum
401 1353 702 1401 discussione.

223 1516 401 1555 unitatem
435 1513 671 1553 commendat
697 1543 708 1562 ,
740 1521 919 1567 vocatque
949 1516 1028 1566 ejus

222 1580 489 1621 excellentiam.
532 1577 608 1617 Cfr.
640 1579 730 1619 edit.
758 1579 903 1622 xPotteri
920 1608 931 1626 ,
956 1578 1029 1617 Ve-

225 1653 305 1684 net.
349 1644 448 1698 1757
480 1673 491 1692 ,
539 1651 630 1682 tom.
662 1655 688 1682 n
720 1673 731 1693 ,
775 1657 813 1695 p.
850 1642 951 1696 898.
994 1651 1031 1682 et

229 1723 311 1761 seq.

280 1775 335 1825 (1)
362 1773 492 1826 Epist.
526 1784 596 1822 111,
619 1772 670 1810 ad
703 1772 916 1814 Novatian.
942 1787 1029 1825 opp.

226 1838 317 1878 edit.
338 1838 394 1876 De
418 1837 601 1887 Magistris
617 1865 628 1887 ‚
648 1837 774 1877 Romae
800 1837 900 1892 1796
916 1868 927 1888 ,
945 1850 1029 1890 pag.

228 1917 243 1942 1
254 1904 303 1942 23
315 1931 329 1952 ,
352 1906 392 1941 ἰ11
404 1917 516 1955 quam
525 1903 595 1942 cfr.
607 1911 689 1942 not.
705 1905 837 1943 editor.
855 1905 927 1944 loc.
940 1909 1032 1942 item

223 1967 355 2020 Epist.
367 1982 402 2006 1x
411 1968 461 2006 ad
472 1968 724 2020 Dionysium,
739 1983 819 2022 quae
835 1978 890 2009 est
899 1983 953 2018 vi,
970 1968 1034 2007 De

225 2034 442 2085 Baptismo‚
471 2033 565 2072 ibid.
591 2047 671 2085 pag.
701 2032 789 2072 160.

282 2098 335 2148 (2)
366 2098 502 2137 Haeres.
516 2112 607 2137 Lxxx
620 2127 631 2145 ‚
658 2113 700 2137 n.
735 2111 781 2136 ιο
800 2107 835 2137 et
862 2112 876 2137 1
889 2112 903 2137 1
919 2128 929 2147 ,
945 2099 1032 2137 edit.

227 2161 351 2201 Petav.
369 2165 455 2202 item
467 2165 506 2201 in
517 2161 883 2216 Empositionefidei,
899 2177 973 2216 cap.
988 2161 1030 2212 6,

228 2227 295 2267 ubi
316 2228 362 2266 ad
394 2242 471 2267 rem
494 2234 656 2267 nostram
685 2228 851 2279 praeclare
883 2229 1033 2267 adnotat

228 2292 269 2332 S.
293 2293 520 2345 Epiphanius
534 2324 545 2342 ‚
568 2295 640 2332 hoc
661 2294 882 2332 intercedere
907 2295 1033 2332 discri-

228 2372 315 2397 men
342 2361 436 2398 inter
458 2359 659 2398 Ecclesiam
689 2366 851 2398 sanctam
875 2359 1031 2397 catholi-

227 2436 310 2461 cam
329 2431 363 2460 et
384 2431 522 2470 sectas,
551 2425 651 2477 quod
678 2425 740 2462 illa
763 2425 863 2474 virgo
890 2437 1032 2474 semper

229 2488 276 2526 sit
289 2516 300 2534 ‚
325 2489 537 2527 intemerata
552 2518 562 2536 ‚
586 2502 629 2527 ae
643 2501 722 2525 una
737 2502 882 2539 semper
894 2515 908 2536 ‚
930 2497 1033 2527 sectae

228 2566 314 2593 vero
337 2552 413 2591 sive
432 2554 582 2593 haereses
602 2555 642 2592 in
663 2554 785 2605 plures
807 2562 922 2605 partes
936 2556 1033 2593 scin-

228 2617 377 2656 dantur.
398 2618 454 2655 En
466 2621 543 2670 ejus
556 2618 664 2657 verba
687 2632 698 2656 :
716 2616 835 2657 Ἀλλοὲ
851 2616 913 2657 καὶ
931 2620 1033 2659 ἐκεῖνο

232 2680 490 2735 παρατηρητέον
502 2713 513 2732 ,
534 2680 586 2722 ἔτι
605 2682 786 2726 πολλάκις
804 2686 893 2723 καθ’
914 2683 1034 2729 intorti»

232 2745 340 2786 πάλιν
356 2747 487 2791 ἑκάστη
514 2749 644 2800 αἵρεε-ις
662 2748 829 2798 exso-aroc
845 2752 891 2792 εἰς
912 2751 1034 2790 πολλοὶ

231 2812 321 2866 μέρη
335 2844 346 2863 ,
358 2812 417 2853 καὶ
436 2812 591 2864 {ripun-x
605 2813 748 2864 διέστη,
761 2834 796 2854 x..
811 2833 848 2854 τ.
861 2816 945 2855 λ.Ῑά
956 2825 1010 2855 est
1022 2831 1034 2856 t

231 2879 342 2933 Quin
370 2887 406 2918 et
440 2879 537 2918 illud
572 2880 827 2920 observatione
868 2881 1033 2933 diqnum

1094 1514 1268 1552 hoeresim
1291 1515 1449 1552 scissam
1464 1543 1474 1562 ‚
1499 1527 1544 1552 ac
1576 1515 1741 1554 divisam.
1769 1516 1910 1555 varias

1095 1580 1140 1617 in
1167 1585 1320 1630 partes,
1344 1586 1381 1617 et
1402 1579 1581 1618 vocabula
1599 1570 1794 1630 distrahi,
1821 1589 1891 1620 etc.

1153 1644 1207 1696 (3)
1234 1646 1319 1684 Lib.
1336 1659 1364 1683 11
1381 1675 1392 1695 ,
1413 1660 1497 1699 pag.
1513 1644 1582 1698 48,
1599 1648 1687 1686 edit.
1712 1645 1906 1699 Albaspin.

1098 1711 1213 1750 Paris.
1242 1710 1360 1750 1631.
1807 1756 1810 1759 Δ

1155 1776 1206 1826 (Ii)
1236 1775 1300 1813 De
1328 1775 1476 1816 Trinit.
1498 1776 1568 1815 lib.
1602 1789 1691 1824 vm,
1722 1791 1829 1816 num.
1862 1775 1904 1826 4.

1154 1840 1205 1890 (5)
1235 1840 1322 1879 Loc.
1349 1842 1412 1879 cit.
1442 1841 1571 1880 collato
1593 1855 1678 1880 cum
1696 1841 1764 1880 lib.
1794 1853 1808 1879 1
1842 1840 1908 1879 De

1094 1904 1174 1956 fide
1196 1919 1279 1957 cap.
1314 1918 1327 1942 1
1347 1933 1359 1952 ‚
1387 1920 1428 1944 n.
1454 1918 1510 1954 11,
1534 1905 1599 1944 ubi
1623 1908 1801 1957 exponit,
1832 1919 1907 1958 quo

1099 1984 1208 2009 sensu
1250 1970 1385 2009 dixerit
1415 1971 1614 2010 Ecclesiam
1657 1984 1780 2009 unum
1826 1984 1909 2009 cor-

1099 2049 1167 2087 pus
1181 2062 1195 2083 ,
1222 2043 1292 2074 etc.
1317 2036 1478 2074 scribens
1499 2036 1612 2074 :Non
1631 2037 1735 2074 enim
1760 2035 1905 2073 dividi-

1098 2109 1163 2139 tur
1193 2102 1325 2139 unitas
1372 2114 1441 2139 neo
1482 2102 1697 2149 scinditur,
1732 2106 1769 2138 et
1820 2100 1904 2139 ideo

1098 2179 1168 2205 nec
1200 2166 1419 2218 corrupteloe
1464 2166 1643 2204 subditur
1682 2178 1751 2205 ‘nec
1785 2171 1905 2206 oetati.

1098 2232 1189 2271 edit.
1218 2232 1339 2270 Maur.
1366 2231 1477 2270 Juxta
1501 2230 1643 2270 Palmer
1672 2245 1756 2270 vero
1783 2234 1906 2270 unitas

1099 2297 1269 2335 Ecclesiae
1292 2305 1412 2348 posset
1435 2299 1651 2349 interrumpi
1686 2305 1720 2335 et
1757 2296 1901 2345 scindi,

1098 2375 1162 2414 per
1170 2361 1388 2400 diuturnum
1400 2376 1563 2415 quoque,
1577 2364 1651 2401 imo
1665 2361 1904 2401 indefinitum

1098 2435 1258 2478 tempus.

1153 2491 1204 2542 (6)
1233 2491 1365 2529 Praeter
1388 2498 1527 2530 textum
1547 2491 1610 2531 hic
1631 2491 1832 2530 adductum
1855 2503 1901 2529 ex

1098 2556 1140 2595 S.
1167 2555 1361 2596 Ambrosio
1378 2587 1388 2606 ‚
1413 2556 1450 2595 S.
1475 2557 1585 2596 Joan.
1604 2558 1898 2609 Chrysostomus,

1099 2619 1221 2660 Hom.
1247 2635 1288 2659 111
1311 2622 1355 2658 in
1381 2623 1491 2673 epist.
1517 2621 1569 2660 ad
1589 2620 1735 2673 Ephes.
1754 2628 1850 2658 totus
1860 2621 1900 2659 in

1101 2699 1143 2724 eo
1168 2693 1235 2735 est,
1263 2694 1303 2725 ut
1328 2687 1512 2735 ostendat,
1533 2686 1700 2724 Ecclesiae
1725 2687 1903 2723 unitatem

1101 2752 1219 2790 scindi
1252 2752 1355 2791 nullo
1392 2753 1501 2791 modo
1539 2765 1641 2803 posse
1686 2758 1749 2789 aut
1789 2753 1902 2790 inter-

1099 2819 1256 2868 rumpi,
1293 2818 1360 2856 cfr.
1397 2831 1439 2857 n.
1477 2816 1525 2864 3,
1552 2814 1603 2864 4.
1633 2814 1681 2863 5,
1706 2814 1748 2855 6.
1776 2816 1903 2868 Quoad

1098 2881 1237 2938 reliqua
1248 2883 1449 2922 testimonia
1463 2880 1780 2931 cfr.Thomassini‚
1794 2889 1900 2921 tract.

223 2951 278 2982 est
292 2973 303 2992 ,
328 2958 424 2998 saepe
442 2958 599 2985 numero
625 2945 833 2997 quamlibet
845 2959 918 2998 per
943 2935 1021 2986 sese
1087 2949 1150 2986 cit.
1173 2945 1231 2989 De
1249 2947 1382 2987 Punite
1402 2945 1448 2985 de
1460 2932 1618 2997 tssqlise
1630 2964 1647 2994 ,·
1666 2947 1753 2988 item
1774 2951 1901 3000 cpusc.
