2028 3354
424 212 549 240 mur.
588 210 618 239 1.
653 210 749 238 car.
790 208 858 237 111·
898 209 950 237 1111
986 206 1197 237 auctusne
1230 204 1372 235 noris.
1649 186 1739 235 125

71 329 208 375 fuisse
231 325 290 374 ad
307 326 413 373 fidei
439 324 514 374 vel
542 323 796 390 disciplinae
815 322 1149 371 controversias
1174 320 1455 368 dirimendas
1478 320 1599 368 inter
1626 321 1742 368 exis⁴

71 413 220 451 tentes
250 400 621 458 communioneS,
657 417 757 464 quae
785 398 1177 445 christianismum
1198 397 1476 462 profitentur
1497 395 1583 459 (1).
1606 397 1736 460 Ergo.

134 478 245 525 214.
286 480 419 541 Resp.
447 476 566 540 Ney.
587 483 685 523 ant.
710 474 781 522 Ad
808 475 869 521 1ω
897 471 1029 539 prob.
1062 474 1184 521 Disc.
1212 471 1264 517 Id
1294 480 1391 530 est,
1426 489 1520 519 una
1544 481 1662 519 esset
1682 489 1741 520 ex

69 553 336 620 praecipuis,
368 568 520 606 conc.;
547 553 710 609 unica,
736 567 836 613 neq.
873 551 967 596 Nec
987 548 1112 595 enim
1141 555 1369 593 coarctare
1390 548 1595 608 cogimur
1620 546 1742 597 divi-

69 647 184 676 num
202 628 517 676 testimonium
544 627 603 673 ad
623 624 1042 672 manifestationem
1062 621 1314 668 sanctitatis
1331 656 1343 679 7
1369 621 1565 685 vigentis
1584 623 1634 668 in
1655 625 1743 671 Ec·-

69 704 201 750 clesia
231 721 338 763 sua,
373 721 456 768 per
483 702 579 748 sola
607 699 824 748 miracula
848 707 895 744 et
913 696 1091 761 reliqua
1115 695 1420 756 charismata,
1452 713 1559 743 cum
1582 697 1740 761 plures

67 781 151 844 ipsi
172 780 255 828 viae
276 787 526 844 suppetant
543 777 703 824 adhoc
726 772 1066 839 praestandum3
1094 772 1217 818 ultro
1240 780 1395 818 tamen
1414 771 1628 832 fatemur,
1658 774 1743 820 mi-

67 854 219 901 racula
242 873 387 901 unum
414 871 511 901 esse
538 870 591 899 ex
616 849 859 915 praecipuis
875 884 888 904 .,
917 847 1106 914 quando
1132 849 1387 911 praesertim
1420 847 1597 896 donum
1618 853 1742 910 ejus·

67 930 194 976 modi
225 929 505 976 ordinarium
543 934 613 973 est
642 941 693 971 ac
720 941 956 990 perenne,
988 933 1039 970 ut
1067 922 1205 988 paulo
1236 933 1345 971 ante
1385 923 1734 971 declaravimus.

69 1006 164 1052 Hoc
192 1023 330 1070 porro
356 1020 491 1051 sensu
516 1001 707 1066 quaestio
739 999 797 1047 de
824 999 1058 1047 miraculis
1075 1036 1087 1059 ,
1113 1008 1166 1046 ut
1195 998 1399 1064 loquitur
1424 999 1737 1059 adversarius,

67 1098 161 1127 non
184 1081 329 1126 solum
358 1077 535 1141 ingredi
557 1085 736 1142 potest,
767 1077 848 1123 sed
873 1093 981 1123 vere
1008 1074 1266 1138 ingreditur
1285 1075 1334 1122 in
1356 1084 1487 1122 notas
1513 1093 1631 1124 verae
1654 1078 1742 1124 Ec-

69 1156 212 1203 clesiae
233 1191 245 1214 7
281 1171 385 1200 cum
413 1157 545 1215 juxta
575 1153 693 1200 dicta
719 1152 928 1200 Christus
963 1151 1141 1198 donum
1167 1150 1254 1198 hoc
1279 1151 1329 1197 in
1355 1161 1636 1216 perpetuum
1662 1154 1742 1200 Ec-

68 1231 212 1278 clesiae
232 1247 321 1277 suae
345 1229 572 1295 pollicitus
593 1229 755 1289 fuerit,
779 1237 825 1275 et
843 1227 972 1275 nulla
990 1227 1196 1286 societas,
1220 1243 1321 1292 quae
1340 1226 1510 1274 Christi
1530 1244 1626 1275 non
1651 1228 1739 1290 sit,

67 1306 145 1354 tali
167 1305 288 1353 dono
319 1307 509 1352 fruatur.

128 1382 244 1446 215,
280 1381 350 1428 Ad
382 1382 449 1427 2¹1¹
470 1417 483 1440 ,
522 1381 642 1444 Ncy.
676 1382 830 1444 Longa
868 1380 1097 1446 siquidem
1138 1379 1460 1445 disquisitione
1490 1399 1606 1447 opus
1642 1398 1740 1428 non

66 1467 159 1517 est,
186 1476 289 1505 cum
306 1457 434 1504 nulla
454 1466 573 1504 secta
594 1457 846 1503 contendat
861 1492 873 1514 ,
888 1474 1029 1521 penes
1054 1473 1102 1503 se
1125 1456 1302 1504 donum
1322 1445 1649 1504 miraculorum
1672 1475 1743 1505 or-

67 1534 299 1581 dinarium
329 1550 379 1579 ac
404 1538 512 1595 juge
532 1549 842 1598 perseverare.
870 1532 1003 1590 Quod
1030 1533 1067 1578 si
1092 1532 1256 1596 aliquae
1282 1532 1374 1579 sint
1391 1569 1403 1592 ,
1432 1550 1533 1597 quae
1556 1533 1641 1580 sibi
1661 1534 1745 1580 tri-

65 1609 212 1656 buant
225 1608 447 1655 nonnulla
466 1607 682 1655 miracula
701 1643 713 1665 ,
736 1607 835 1654 haec
849 1607 907 1653 ad
919 1625 1154 1654 summum
1168 1608 1283 1654 facta
1298 1617 1451 1655 essent
1473 1609 1739 1672 singularia,

69 1694 114 1733 et
142 1685 265 1750 quod
292 1694 428 1749 caput
452 1693 546 1744 est,
601 1685 728 1729 omni
746 1683 961 1730 historico
980 1683 1285 1730 fundamento
1306 1685 1548 1742 destituta,
1568 1695 1615 1732 et
1632 1703 1742 1750 quo-

67 1778 170 1808 rum
186 1760 375 1807 futilitas
394 1759 526 1808 brevi
547 1759 725 1806 detecta
746 1769 831 1817 est,
850 1760 919 1806 uti
935 1760 1267 1824 opportuniore
1284 1760 1385 1808 loco
1404 1763 1740 1825 expendemus.

129 1837 240 1883 216.
280 1836 351 1883 Ad
379 1835 467 1894 3¹12,
508 1837 630 1883 Dist.
666 1834 875 1882 Solitarie
900 1844 1132 1900 spectata,
1173 1844 1318 1883 trans.
1329 1853 1347 1892 ;
1385 1854 1477 1884 una
1514 1855 1621 1884 cum
1649 1838 1740 1885 ad-

60 1913 249 1975 junctis,
282 1929 384 1977 quae
411 1911 740 1958 ‘miraculorum
766 1912 1084 1976 operationem
1124 1913 1428 1973 comitantur,
1465 1931 1568 1978 neq.
1603 1914 1740 1963 Haud

66 1988 342 2048 inficiamur,
357 1987 563 2035 absolute
583 1986 818 2052 loquendo
842 1988 1062 2035 miracula
1082 1989 1275 2037 minime
1296 1993 1547 2037 necessaria
1571 2007 1667 2037 esse
1680 1989 1741 2038 ad

66 2065 358 2112 sanctitatem
374 2100 387 2124 7
415 2063 792 2130 quandoquidem
813 2063 926 2111 haec
948 2081 1053 2110 cum
1081 2064 1170 2111 illis
1195 2075 1242 2113 et
1264 2066 1362 2112 sine
1382 2066 1473 2112 illis
1493 2066 1740 2114 consistere

67 2140 243 2200 valeat,
286 2157 436 2205 neque
474 2140 531 2187 de
566 2139 654 2187 hoc
688 2141 781 2186 ulla
818 2149 1033 2188 movetur
1067 2142 1394 2190 controversia.
1431 2143 1599 2189 Verum
1628 2158 1739 2189 con-

70 2216 327 2276 tendimus,
361 2233 456 2262 non
477 2233 611 2280 posse
634 2218 784 2262 Deum
810 2215 1107 2264 cohonestare
1136 2227 1309 2265 coetum
1330 2218 1554 2283 aliquem,
1577 2217 1655 2282 qui
1674 2217 1741 2264 di·

70 2290 229 2338 vinam
279 2292 365 2339 sibi
405 2309 650 2357 perperam
700 2301 877 2355 arroget
920 2293 1142 2355 originem
1187 2303 1325 2357 atque
1366 2294 1738 2352 institutionem,

72 2365 313 2430 multiplici
327 2375 372 2413 et
384 2368 647 2413 continuata
659 2367 983 2414 miraculorum
996 2369 1108 2416 serie
1120 2378 1470 2434 ceterorumque
1487 2369 1740 2418 charisma—

70 2449 170 2487 tum
217 2458 301 2503 per
346 2441 535 2506 longum
566 2441 826 2491 seculorum
864 2452 1064 2491 tractum
1085 2481 1097 2504 ,
1149 2461 1319 2510 nempe
1361 2444 1418 2493 ab
1469 2452 1575 2492 ortu
1616 2445 1739 2493 illius

122 2591 175 2644 (1)
203 2590 256 2630 Ita
275 2592 347 2631 fere
365 2592 522 2639 Palmer,
545 2607 605 2644 op.
634 2594 699 2649 cit.
716 2602 810 2645 part.
832 2609 867 2642 1,
938 2598 1072 2634 mex-cio
1092 2598 1189 2636 inter
1204 2598 1368 2636 animam
1388 2604 1423 2636 et
1437 2610 1565 2649 corpus
1581 2626 1594 2649 ,
1607 2600 1737 2651 partim

71 2671 151 2710 cap.
172 2657 223 2707 6,
252 2673 333 2710 pag.
357 2656 426 2708 141
453 2672 529 2711 seq.
564 2658 628 2696 ubi
659 2657 763 2710 plura
782 2674 872 2699 con·
939 2662 1094 2712 expendi
1117 2663 1346 2702 commodius
1370 2662 1532 2714 possint,
1556 2677 1641 2702 cum
1658 2678 1739 2717 age-

71 2725 161 2774 gerit
171 2724 217 2763 ad
226 2723 491 2762 infirmandum
501 2725 873 2777 argumentum,qu0d
939 2740 1021 2764 mus
1037 2726 1083 2765 de
1104 2728 1342 2779 applicatione
1355 2737 1529 2768 notarum
1540 2729 1588 2768 ad
1614 2729 1739 2769 Eccle-

73 2787 263 2828 deducitur
283 2803 328 2828 ex
351 2789 548 2838 miraculis,
564 2789 697 2841 quibus
715 2789 873 2828 adstrui·
941 2792 1031 2829 siam
1059 2790 1261 2832 Romanam
1276 2824 1290 2841 ,
1321 2793 1381 2831 hic
1399 2807 1442 2832 ea
1469 2797 1615 2833 tantum
1637 2803 1735 2834 attu-

72 2860 132 2891 tur
153 2852 321 2892 Ecclesiae
350 2857 537 2893 sanctitas.
573 2853 756 2905 Quoniam
784 2868 868 2894 vero
931 2856 1064 2900 limus,
1079 2869 1159 2910 quae
1179 2872 1298 2909 presse
1324 2859 1436 2910 magis
1458 2858 1504 2897 ad
1524 2867 1737 2910 praesentem

73 2932 153 2971 quae
174 2918 235 2958 hic
261 2919 484 2973 objiciuntur
501 2949 513 2968 ,
543 2922 676 2972 partim
704 2922 868 2973 superius
932 2921 1138 2974 generalem
1158 2925 1397 2976 quaestionem
1418 2924 1640 2976 spectabant.

74 2984 318 3037 disjecerimus
334 3014 345 3035 ‚
373 2999 457 3026 cum
482 2999 669 3037 ageremus
689 2986 735 3025 de
768 2999 868 3026 com-
