2028 3354
245 192 339 240 392
709 214 866 244 Tum.
908 216 961 243 nn
997 216 1116 244 mois
1152 217 1453 249 muciocims.

244 326 388 383 rexit,
420 327 740 389 occupaverit,
771 336 839 373 est
864 328 937 375 vel
968 345 1064 375 esse
1100 339 1276 393 potest3
1306 350 1417 396 ergo
1447 334 1568 381 solus
1597 337 1731 382 Rom.
1773 339 1924 384 Ponti-

245 401 318 447 fex
351 402 473 447 Petri
504 402 732 465 primatus
761 406 866 463 jure
898 404 1058 452 divino
1088 404 1233 453 haeres
1267 418 1362 457 est.
1402 427 1481 456 seu
1520 411 1687 473 gaudet
1719 412 1923 476 primatu

236 480 340 537 jure
359 475 536 524 divino.
632 536 636 541 .
1402 532 1406 534 ,

306 551 414 598 574.
451 554 571 600 Sane
609 554 800 614 Petrus7
838 559 915 622 qui
941 560 1125 606 ratione
1154 558 1434 622 apostolatus
1457 562 1524 608 sui
1558 563 1781 627 potuisset
1815 564 1925 611 nul,-

242 627 334 675 Iam
364 628 451 675 sibi
473 639 645 677 certam
677 632 832 679 sedem
853 633 1019 697 eligere
1036 672 1047 691 ‚
1077 652 1136 681 ne
1166 637 1351 682 incerta
1377 648 1671 700 permaneret
1698 650 1803 703 post
1823 639 1926 687 obi-

243 713 344 750 tum
380 722 514 751 suum
554 709 780 770 primatus
813 710 881 755 sui
921 712 1165 771 successio,
1199 721 1447 776 postquam
1481 703 1814 762 Antiochenam
1840 733 1925 780 per

241 779 415 843 aliquot
445 799 591 828 annos
625 785 817 830 rexisset
854 786 1124 836 Ecclesiam.
1172 787 1238 832 uti
1268 788 1358 834 fert
1385 787 1572 851 antiqua
1610 790 1795 837 traditio
1826 792 1923 855 (l),

240 857 433 902 Romam
463 859 591 904 venit
607 895 618 916 7
649 861 966 924 episcopatum
992 862 1226 919 instituit,
1248 862 1473 926 illumque
1495 863 1552 909 ad
1575 874 1773 911 mortem
1794 884 1923 913 suam

237 948 380 996 usque
411 934 653 998 occupavit
689 952 739 981 ac
773 937 937 982 tenuit.
987 939 1105 984 Dum
1161 955 1269 985 vero
1307 941 1467 986 Petrus
1508 958 1753 987 romanum
1790 945 1926 1005 gessit

237 1008 555 1071 episcopatum
573 1045 584 1066 a
614 1011 750 1056 etiam
778 1012 1027 1074 primatum
1059 1012 1145 1058 sibi
1169 1012 1391 1061 divinitus
1417 1016 1638 1063 collatum
1666 1017 1716 1063 in
1738 1019 1927 1064 univer-

236 1100 331 1128 sam
373 1085 510 1145 gessit
553 1085 825 1145 Ecclesiam,
863 1097 1006 1152 atque
1048 1089 1112 1134 uti
1143 1089 1391 1153 Episcopus
1432 1109 1648 1138 romanus
1695 1095 1924 1141 unitatem

239 1157 445 1205 Ecclesiae
466 1161 513 1206 in
533 1178 605 1220 se,
629 1171 679 1207 ut
703 1162 767 1208 ita
793 1161 983 1228 loquarv7
1005 1166 1402 1227 parsowificabat,
1423 1166 1533 1213 adeo
1561 1178 1612 1214 ut
1636 1186 1755 1215 uuus
1785 1170 1927 1217 idem-

239 1251 329 1298 que
363 1244 482 1282 esset
516 1237 764 1302 Episcopus
800 1256 1019 1287 romanus
1054 1250 1101 1287 et
1137 1240 1343 1289 Ecclesiae
1384 1242 1608 1290 universae
1642 1244 1843 1308 primam,
1876 1264 1928 1293 ac

235 1311 425 1357 unitatis
445 1312 650 1359 Ecclesiae
669 1323 899 1362 centrum.
932 1317 1018 1374 Qui
1038 1327 1282 1382 propterea
1302 1318 1421 1364 Petri
1434 1319 1746 1388 episcopatum
1765 1321 1923 1385 adepti

239 1395 377 1444 sunt.
409 1388 514 1448 jure
553 1390 750 1437 naturali
792 1393 1087 1439 successionis
1116 1403 1367 1457 utrumque
1393 1404 1502 1439 sunt
1532 1412 1699 1441 munus
1732 1397 1919 1462 adepti,

240 1463 527 1527 episcopatus
560 1466 730 1513 scilicet
759 1475 805 1512 et
830 1469 1080 1531 primatus,
1117 1468 1285 1534 quibus
1320 1470 1443 1516 Petri
1483 1488 1674 1534 persona
1710 1472 1924 1536 potieba-

238 1547 340 1598 tur3
376 1548 515 1603 atque
538 1541 830 1588 essentialem
856 1544 1062 1590 Ecclesiae
1087 1546 1316 1591 unitatem
1344 1563 1427 1610 per
1454 1548 1707 1610 primatum
1733 1565 1924 1596 romano

238 1614 546 1679 episcopatui,
579 1626 631 1663 ut
660 1619 723 1664 ita
758 1618 938 1678 dicam,
969 1637 993 1665 a
1025 1624 1157 1667 Petro
1179 1620 1464 1668 inoculatum
1489 1631 1535 1669 et
1566 1623 1794 1670 insertum
1819 1641 1926 1671 con-

237 1690 497 1737 tinuarunt.
538 1693 569 1738 A
604 1695 727 1740 Petri
764 1694 896 1742 obitu
930 1697 981 1742 in
1016 1698 1282 1762 episcopatu
1316 1715 1508 1744 romano
1550 1708 1744 1763 utraque
1773 1700 1926 1762 digni-

240 1772 310 1810 tas
334 1764 654 1830 inseparabilis.
679 1771 855 1823 evasit.
883 1773 947 1818 sic
970 1781 1020 1818 ut
1050 1772 1192 1820 altera
1222 1772 1279 1819 ab
1299 1774 1441 1821 altera
1467 1776 1566 1835 jam
1587 1774 1783 1838 dispesci
1802 1775 1927 1822 haud

240 1840 440 1903 amplius
469 1845 688 1907 potuerit.
737 1845 948 1910 Alioquin
984 1849 1204 1911 quaelibet
1234 1850 1472 1913 peculiaris
1510 1850 1638 1897 sedes
1671 1852 1927 1914 primatum

242 1914 330 1961 sibi
354 1917 586 1966 vindicare
607 1923 831 1984 potuisset
850 1934 929 1969 aut
947 1924 1387 1989 iudependeutiamg
1415 1936 1661 1990 actumque
1682 1937 1924 1992 propterea

238 1991 397 2038 fuisset
425 1994 483 2040 de
510 1995 719 2044 Ecclesiae
754 1999 951 2058 unitate,
973 2017 1055 2063 per
1075 2002 1298 2064 primatus
1333 2002 1675 2049 institutionem
1695 2019 1720 2049 a
1744 2003 1926 2049 Christo

237 2067 437 2115 intenta.
476 2071 635 2117 Merito
672 2073 868 2137 proinde
890 2076 1133 2122 Bossuetus
1171 2095 1180 2122 2
1213 2076 1369 2133 Petri,
1403 2078 1582 2143 inquit,
1616 2093 1924 2137 successores,

302 2218 356 2268 (l)
385 2218 507 2270 Hujus
524 2219 731 2259 traditionis
746 2230 850 2260 testes
868 2233 952 2262 sunt
972 2224 1054 2263 Ori-
1123 2225 1165 2263 S.
1190 2223 1338 2264 Thea-lm
1356 2256 1366 2272 ‚
1388 2225 1453 2264 lib.
1482 2240 1520 2274 1,
1538 2242 1620 2279 pag.
1643 2228 1733 2281 276.
1753 2231 1841 2269 edit.
1858 2230 1927 2270 Pa·

242 2296 349 2334 genes
367 2312 378 2332 ⁷
407 2284 528 2325 Hom.
565 2300 625 2334 vi,
651 2289 688 2324 in
719 2288 826 2336 Luc.;
850 2289 1051 2337 Eusebius,
1121 2293 1182 2328 ris.
1218 2290 1339 2341 {6223
1363 2292 1578 2342 Fulgentius
1595 2323 1604 2338 ,
1622 2292 1760 2333 lib.De
1778 2294 1925 2335 Trinie.

245 2350 285 2386 in
301 2347 517 2399 Chronico,-
538 2350 755 2403 Hieronym.
781 2355 820 2390 in
844 2354 1051 2394 comment.
1122 2369 1202 2408 cap.
1225 2370 1263 2404 13
1285 2356 1474 2408 Gregorius
1500 2358 1551 2397 Μ.
1581 2358 1712 2410 Epist.
1734 2361 1786 2398 ad
1808 2360 1929 2400 Eulo-

250 2415 295 2450 ἐπ
324 2416 433 2464 epist.
463 2417 515 2453 ad
538 2415 669 2456 Galat.
690 2432 770 2470 cap.
789 2431 837 2466 2,
867 2422 952 2458 etin
982 2420 1056 2458 Ca·
1121 2422 1229 2472 qiam
1260 2419 1397 2473 Epicu.
1423 2422 1541 2462 Alex.
1567 2425 1703 2462 Auctor
1721 2425 1804 2464 libri
1828 2425 1925 2464 Pon-

247 2477 386 2527 tal0905
417 2480 527 2520 Joan.
545 2481 737 2534 Chrysost.
757 2490 847 2523 tom.
874 2499 913 2532 ι,
932 2485 1051 2524 Hom.
1124 2486 1285 2533 tifioalis;
1323 2487 1507 2525 Maximus
1536 2490 1708 2528 Antioch.
1735 2490 1857 2543 Episc.
1885 2491 1925 2528 in

249 2557 321 2581 xm
338 2573 347 2590 ,
370 2553 403 2582 et
431 2554 519 2584 tom.
546 2561 591 2591 v,
629 2562 711 2600 pag.
746 2548 818 2587 180
840 2578 850 2597 ‚
879 2559 913 2588 et
941 2552 1053 2607 alibi3
1125 2552 1288 2591 Concilio
1306 2553 1479 2593 Chalced.
1497 2554 1578 2595 Act.
1594 2569 1666 2603 vu,
1683 2555 1924 2609 aliiqueapud

251 2608 490 2647 Innocentius
506 2624 520 2647 1
535 2640 544 2657 ‚
562 2611 692 2663 Epist.
712 2626 771 2652 x1v
783 2643 795 2662 ‚
809 2615 861 2651 ad
873 2614 1054 2667 Bonifac.
1125 2618 1353 2670 Fogginium,
1379 2633 1439 2670 op.
1458 2622 1519 2658 cit.
1537 2624 1685 2660 exercit.
1704 2634 1744 2674 9.
1761 2621 1858 2659 Adeo
1881 2627 1924 2658 ut

252 2683 285 2711 et
324 2674 454 2725 Epist.
484 2690 571 2713 xviu
587 2705 597 2723 ,
628 2679 680 2715 ad
702 2678 893 2720 Alexand.
920 2683 1057 2720 Antio·-
1126 2686 1259 2722 mirum
1283 2687 1351 2732 sit,
1376 2685 1597 2738 Basnagium
1614 2716 1624 2732 ‚
1645 2687 1692 2725 ad
1712 2699 1823 2741 anno.
1845 2683 1920 2734 4ο,

246 2739 406 2777 ebenum,
434 2739 591 2792 Episo.‚·
617 2742 688 2781 Leo
712 2745 763 2783 M.
792 2744 913 2784 Serm.
941 2762 976 2796 1,
1013 2749 1057 2785 in
1126 2764 1164 2787 n.
1190 2763 1261 2797 20,
1290 2753 1446 2801 potuisse
1470 2751 1741 2789 Antiochenam
1764 2748 1802 2789 S.
1829 2749 1924 2789 Petri

245 2803 381 2842 Natali
403 2803 476 2844 SS.
500 2807 669 2858 Apostol.
706 2810 812 2846 Petri
841 2818 875 2847 ec
910 2811 1052 2860 Pauli,
1125 2818 1372 2866 episcopatum
1391 2817 1502 2854 veluti
1526 2822 1776 2855 commentum
1800 2815 1924 2854 tradu*

248 2878 283 2907 et
303 2867 380 2920 Ep.
417 2884 485 2908 txu
507 2900 518 2918 ,
543 2871 595 2908 ad
623 2873 843 2911 Maximum
874 2876 1053 2915 Antioclc·
1122 2894 1203 2919 cere
1238 2881 1283 2918 ab
1298 2882 1618 2931 Reeoqnitionum
1640 2877 1838 2920 Clementis
1868 2880 1923 2920 la-

248 2935 402 2988 Ep1·so.,-
430 2936 675 2977 Theodoretus
691 2970 701 2987 ‚
722 2939 801 2991 Ep.
827 2955 953 2982 txxxw
974 2974 984 2990 ‚
1002 2945 1054 2982 ad
1120 2947 1224 2983 cunis
1248 2954 1424 2984 exortum.

246 2998 427 3041 Flauiam.
451 3001 607 3042 Basilius
627 3003 884 3056 seleuciensis,
899 3011 934 3046 in
954 3008 1051 3047 Vita
