2028 3354
245 195 342 242 226
673 224 676 228 Δ
720 209 876 239 ruer.
913 210 967 239 na
1002 211 1120 241 Locis
1156 211 1454 241 rnnorocicls.

247 322 518 374 Antichristi
556 320 736 369 cladem
775 329 934 385 gentes
962 339 1124 370 omnes
1153 331 1200 370 et
1227 323 1381 371 Judaei
1414 322 1500 388 ipsi
1533 321 1834 370 convertendi
1869 324 1929 370 ad

247 400 483 449 Christum
512 397 635 456 sint,
676 415 834 446 veram
864 392 1110 444 Ecclesiam
1137 397 1265 445 nulla
1295 402 1474 447 ratione
1504 399 1816 446 internoscere
1836 414 1929 445 am-

244 475 366 540 plius
399 482 588 539 possent
628 473 716 537 (l).
760 473 976 533 Accedit,
1009 473 1145 536 longe
1174 474 1464 521 verisimilius
1501 474 1643 523 verba
1681 473 1852 521 Christi
1875 474 1930 520 de

236 551 358 614 fidei
368 552 655 613 perfectione
673 550 723 596 in
741 548 979 615 pluribus,
1009 566 1105 595 non
1132 556 1289 596 autem
1309 547 1480 610 defide
1503 551 1600 615 ipsa
1626 548 1836 597 absolute
1852 548 1930 597 de·

242 625 354 675 bere
380 624 576 689 intelligi
602 624 688 690 (2).
1160 637 1162 639 ’
1478 627 1480 631 ’

893 766 1205 810 ARTICULUS
1236 768 1291 809 11.

729 892 803 939 De
829 892 1051 939 Ecclesiae
1081 876 1454 955 infallibilitate.

301 1044 415 1092 347.
451 1045 573 1090 Dum
601 1042 793 1091 Ecclesia
822 1042 1019 1091 docendi
1048 1061 1241 1091 munere
1263 1043 1471 1107 fungitur
1488 1079 1500 1102 a
1534 1043 1704 1109 triplex
1729 1044 1931 1093 officium

241 1121 514 1186 exequitur,
542 1123 667 1166 testis
696 1118 867 1166 scilicet
885 1155 898 1178 7
908 1120 1099 1181 judicis
1126 1128 1172 1166 et
1201 1122 1460 1182 magyistroe.
1485 1119 1632 1167 Testis
1658 1121 1848 1185 quidem
1881 1123 1931 1168 in

240 1194 557 1262 proponendis
577 1194 686 1242 fidei
715 1194 1013 1256 veritatibus,
1051 1212 1162 1259 quas
1187 1212 1213 1241 a
1247 1194 1430 1241 Christo
1454 1195 1657 1260 accepit3
1685 1196 1854 1257 judicis
1879 1198 1930 1244 in

232 1271 517 1335 ‘dirimendis
549 1271 903 1330 controversiis,
935 1286 1035 1335 quae
1070 1270 1145 1318 vel
1168 1270 1308 1317 fidem
1343 1271 1608 1334 attingunt,
1644 1272 1717 1320 vel
1738 1272 1798 1319 ad
1826 1290 1930 1320 eam

239 1349 530 1406 referuntur3
557 1347 790 1410 magistrae
813 1345 1013 1411 denique
1033 1346 1081 1393 in
1103 1346 1357 1394 ministerio
1383 1346 1653 1411 quotidiano
1675 1384 1687 1407 7
1712 1365 1804 1413 quo
1824 1349 1931 1398 viva

241 1440 353 1472 voce
383 1432 429 1471 et
457 1423 589 1488 praxi
621 1421 779 1469 fideles
813 1422 868 1468 iis
901 1421 1116 1468 omnibus
1142 1422 1361 1481 instruit,
1390 1439 1490 1487 quae
1515 1422 1624 1487 ipsis
1653 1424 1930 1471 intemerata

241 1499 451 1546 doctrina
478 1507 525 1545 et
549 1496 756 1544 moribus
779 1496 1087 1544 informandis
1117 1498 1387 1559 conferunt,
1416 1515 1585 1562 eosque
1616 1499 1762 1547 veluti
1789 1518 1931 1547 manu

241 1575 370 1622 ducit
398 1574 459 1621 ad
486 1582 671 1621 aeternae
693 1572 852 1619 salutis
876 1573 964 1620 iter
992 1572 1342 1636 capessendum.

305 1650 415 1698 348.
455 1649 524 1697 Ad
566 1648 743 1712 singula
786 1648 883 1695 haec
922 1647 1187 1713 praestanda
1227 1648 1462 1695 Christum
1499 1648 1758 1697 Ecclesiam
1797 1667 1930 1698 suam

238 1726 570 1775 infallibilitate
595 1724 866 1771 instruxisse
898 1724 1191 1771 contendunt
1227 1723 1482 1784 Catholici,
1525 1725 1792 1772 inficiantur
1825 1743 1931 1773 aca-

238 1803 399 1851 tholici
425 1817 586 1848 omnes
606 1835 620 1860 ,
654 1808 707 1846 ut
733 1800 774 1846 ei
798 1798 1084 1846 substituant
1112 1808 1361 1864 systemata
1391 1799 1467 1848 vel
1498 1800 1685 1865 spiritus
1723 1802 1926 1866 privati,

240 1878 317 1925 vel
351 1876 582 1924 interioris
607 1876 761 1922 nescio
794 1876 922 1937 cujus
955 1874 1133 1922 afflatus
1171 1876 1367 1941 Spiritus
1398 1876 1585 1936 Sancti,
1625 1876 1699 1925 vel
1730 1878 1927 1943 privatae

242 1953 587 2018 Scripturarum
605 1950 1001 2015 interpretationis
1019 1986 1031 2010 ἡ
1052 1960 1131 1997 aut
1155 1951 1342 1998 alterius
1361 1950 1563 2018 cujusvis
1587 1953 1797 2014 inventi,
1819 1971 1928 2019 pos-

242 2029 403 2076 tremis
429 2026 684 2092 praesertim
713 2025 1001 2091 temporibus
1027 2027 1269 2092 excogitati
1298 2026 1357 2073 ad
1390 2027 1727 2076 excludendam
1756 2028 1815 2075 ab
1842 2031 1929 2076 Ec-

242 2105 378 2152 clesia
392 2101 733 2150 infallibilitatis
753 2101 911 2149 dotem
929 2139 940 2162 a
962 2120 1052 2168 qua
1071 2101 1214 2150 semel
1233 2102 1431 2150 admissa
1448 2138 1461 2163 ,
1483 2105 1660 2151 sectarii
1676 2121 1725 2151 se
1739 2105 1926 2169 penitus

240 2180 495 2228 contritum
524 2179 582 2226 iri
610 2179 920 2243 persentiunt.

308 2256 421 2303 349.
454 2256 564 2306 Jam
585 2270 696 2303 vero
723 2255 977 2301 necessaria
998 2254 1085 2301 hac
1111 2255 1411 2319 praerogativa
1442 2254 1527 2301 sub
1553 2255 1751 2321 triplici,
1784 2274 1925 2322 quem
1983 2250 1989 2261 ἡ

242 2332 445 2379 diximus
462 2367 475 2392 ,
502 2339 715 2395 respectu
744 2329 988 2377 Ecclesiam
1009 2348 1033 2377 a
1057 2330 1241 2378 Christo
1267 2331 1542 2383 instructam
1562 2348 1659 2379 esse
1681 2333 1925 2382 ostendere

241 2407 549 2471 aggredimur.
573 2408 643 2453 Ne
662 2414 820 2453 autem
839 2441 851 2464 ‚
876 2423 976 2470 quae
1005 2423 1162 2453 sumus
1190 2408 1466 2472 exposituri,
1485 2407 1624 2455 simul
1643 2408 1832 2457 collecta
1853 2410 1923 2457 le-

241 2483 367 2545 genti
402 2481 619 2529 tenebras
651 2480 897 2528 offundant
916 2517 928 2541 ,
967 2481 1288 2530 constituimus
1320 2478 1553 2547 integram
1585 2484 1705 2532 hanc
1746 2484 1921 2548 gravis-

240 2558 408 2604 simam
451 2557 756 2622 quaestionem
795 2557 846 2603 in
882 2556 994 2604 duas
1032 2558 1195 2623 partiri
1226 2560 1590 2624 propositiones,
1632 2560 1681 2606 in
1723 2575 1919 2625 quarum

241 2632 386 2679 altera
410 2632 668 2695 generatim
701 2632 989 2681 vindicemus
1022 2632 1403 2683 infallibilitatem
1433 2635 1636 2683 Ecclesiae
1666 2634 1714 2681 in
1745 2651 1920 2699 propo-

240 2707 407 2756 nendis
428 2707 740 2773 docendisque
764 2709 837 2769 iis,
861 2725 962 2775 quae
986 2709 1046 2757 ad
1072 2709 1214 2758 fidem
1233 2720 1279 2758 et
1307 2728 1460 2759 mores
1484 2712 1721 2776 pertinent
1736 2745 1749 2769 ,
1781 2719 1918 2775 atque

241 2785 291 2834 in
316 2782 589 2831 dirimendis
617 2785 960 2848 controversiis,
985 2802 1088 2851 quae
1105 2787 1220 2834 circa
1241 2786 1403 2835 eadem
1422 2786 1597 2848 objecta
1619 2784 1786 2833 exoriri
1806 2803 1918 2852 pos-

296 2982 351 3033 (l)
380 2980 457 3020 Cfr.
480 2980 590 3019 Rom.
617 2994 677 3029 xi,
704 2979 770 3020 25.
1151 2983 1207 3034 (2)
1234 2981 1312 3021 Cfr.
1342 2981 1512 3022 Bellarm.
1539 2983 1608 3022 loc.
1638 2985 1700 3022 cit.
