<?xml version="1.0" encoding="UTF-8"?>
<!DOCTYPE html PUBLIC "-//W3C//DTD XHTML 1.0 Transitional//EN"
    "http://www.w3.org/TR/xhtml1/DTD/xhtml1-transitional.dtd">
<html xmlns="http://www.w3.org/1999/xhtml" xml:lang="en" lang="en">
 <head>
  <title>
</title>
<meta http-equiv="Content-Type" content="text/html;charset=utf-8" />
  <meta name='ocr-system' content='tesseract 3.04.00' />
  <meta name='ocr-capabilities' content='ocr_page ocr_carea ocr_par ocr_line ocrx_word'/>
</head>
<body>
  <div class='ocr_page' id='page_1' title='image "./praelectionestheo08perruoft/praelectionestheo08perruoft_0035.png"; bbox 0 0 2028 3354; ppageno 0'>
   <div class='ocr_carea' id='block_1_1' title="bbox 1781 194 1844 240">
    <p class='ocr_par' dir='ltr' id='par_1_1' title="bbox 1781 194 1844 240">
     <span class='ocr_line' id='line_1_1' title="bbox 1781 194 1844 240; baseline 0 0"><span class='ocrx_word' id='word_1_1' title='bbox 1781 194 1844 240; x_wconf 81' lang='lat'>23</span> 
     </span>
    </p>
   </div>
   <div class='ocr_carea' id='block_1_2' title="bbox 329 207 1678 240">
    <p class='ocr_par' dir='ltr' id='par_1_2' title="bbox 329 207 1678 240">
     <span class='ocr_line' id='line_1_2' title="bbox 329 207 1678 240; baseline 0 -2"><span class='ocrx_word' id='word_1_2' title='bbox 329 208 448 240; x_wconf 76' lang='lat' dir='ltr'><strong>PARS.</strong></span> <span class='ocrx_word' id='word_1_3' title='bbox 486 207 519 236; x_wconf 84' lang='lat'>1·</span> <span class='ocrx_word' id='word_1_4' title='bbox 555 208 650 238; x_wconf 78' lang='lat' dir='ltr'><strong>GAP.</strong></span> <span class='ocrx_word' id='word_1_5' title='bbox 687 208 718 236; x_wconf 89' lang='lat'>1.</span> <span class='ocrx_word' id='word_1_6' title='bbox 759 209 811 236; x_wconf 75' lang='grc' dir='ltr'>ΒΕ</span> <span class='ocrx_word' id='word_1_7' title='bbox 846 207 1016 237; x_wconf 74' lang='lat' dir='ltr'>cumsrt</span> <span class='ocrx_word' id='word_1_8' title='bbox 1053 209 1172 239; x_wconf 85' lang='lat' dir='ltr'>ECGL.</span> <span class='ocrx_word' id='word_1_9' title='bbox 1214 209 1429 239; x_wconf 75' lang='lat' dir='ltr'>ms&#39;ri&#39;rU&#39;r.</span> <span class='ocrx_word' id='word_1_10' title='bbox 1470 210 1522 238; x_wconf 84' lang='lat' dir='ltr'>ET</span> <span class='ocrx_word' id='word_1_11' title='bbox 1556 207 1678 239; x_wconf 73' lang='lat' dir='ltr'>ome..</span> 
     </span>
    </p>
   </div>
   <div class='ocr_carea' id='block_1_3' title="bbox 132 322 1847 1750">
    <p class='ocr_par' dir='ltr' id='par_1_3' title="bbox 132 322 1847 1525">
     <span class='ocr_line' id='line_1_3' title="bbox 168 322 1841 389; baseline 0.001 -19"><span class='ocrx_word' id='word_1_12' title='bbox 168 322 449 370; x_wconf 88' lang='lat' dir='ltr'>connubium</span> <span class='ocrx_word' id='word_1_13' title='bbox 481 322 578 368; x_wconf 86' lang='lat' dir='ltr'>fieri</span> <span class='ocrx_word' id='word_1_14' title='bbox 600 322 811 387; x_wconf 88' lang='lat' dir='ltr'>coepisset</span> <span class='ocrx_word' id='word_1_15' title='bbox 839 331 942 387; x_wconf 88' lang='lat' dir='ltr'>post</span> <span class='ocrx_word' id='word_1_16' title='bbox 969 322 1305 387; x_wconf 83' lang='lat' dir='ltr'>dispersionem</span> <span class='ocrx_word' id='word_1_17' title='bbox 1335 322 1536 373; x_wconf 80' lang='lat' dir='ltr'>hebraici</span> <span class='ocrx_word' id='word_1_18' title='bbox 1567 322 1731 388; x_wconf 89' lang='lat' dir='ltr'>populi</span> <span class='ocrx_word' id='word_1_19' title='bbox 1758 341 1841 389; x_wconf 89' lang='lat' dir='ltr'>per</span> 
     </span>
     <span class='ocr_line' id='line_1_4' title="bbox 169 397 1837 463; baseline 0.001 -18"><span class='ocrx_word' id='word_1_20' title='bbox 169 398 396 463; x_wconf 81' lang='lat' dir='ltr'>duplicem</span> <span class='ocrx_word' id='word_1_21' title='bbox 419 397 763 461; x_wconf 74' lang='lat' dir='ltr'>captivitatem,</span> <span class='ocrx_word' id='word_1_22' title='bbox 796 398 946 462; x_wconf 90' lang='lat' dir='ltr'>primo</span> <span class='ocrx_word' id='word_1_23' title='bbox 975 398 1134 445; x_wconf 88' lang='lat' dir='ltr'>decem</span> <span class='ocrx_word' id='word_1_24' title='bbox 1164 398 1370 445; x_wconf 87' lang='lat' dir='ltr'>tribuum</span> <span class='ocrx_word' id='word_1_25' title='bbox 1401 398 1486 445; x_wconf 85' lang='lat' dir='ltr'>sub</span> <span class='ocrx_word' id='word_1_26' title='bbox 1515 399 1805 446; x_wconf 87' lang='lat' dir='ltr'>Salmanasar</span> <span class='ocrx_word' id='word_1_27' title='bbox 1824 436 1837 458; x_wconf 62' lang='lat' dir='ltr'>a</span> 
     </span>
     <span class='ocr_line' id='line_1_5' title="bbox 170 472 1843 539; baseline 0.001 -18"><span class='ocrx_word' id='word_1_28' title='bbox 170 474 337 522; x_wconf 90' lang='lat' dir='ltr'>deinde</span> <span class='ocrx_word' id='word_1_29' title='bbox 378 473 575 519; x_wconf 80' lang='lat' dir='ltr'>duarum</span> <span class='ocrx_word' id='word_1_30' title='bbox 620 473 902 538; x_wconf 81' lang='lat' dir='ltr'>reliquarum</span> <span class='ocrx_word' id='word_1_31' title='bbox 943 472 1028 520; x_wconf 90' lang='lat' dir='ltr'>sub</span> <span class='ocrx_word' id='word_1_32' title='bbox 1070 474 1532 533; x_wconf 68' lang='lat' dir='ltr'>Nabuchodonosoi¹3</span> <span class='ocrx_word' id='word_1_33' title='bbox 1587 475 1843 539; x_wconf 86' lang='lat' dir='ltr'>perfectum</span> 
     </span>
     <span class='ocr_line' id='line_1_6' title="bbox 170 550 1840 615; baseline 0.002 -19"><span class='ocrx_word' id='word_1_34' title='bbox 170 550 368 613; x_wconf 87' lang='lat' dir='ltr'>denique</span> <span class='ocrx_word' id='word_1_35' title='bbox 408 557 525 596; x_wconf 83' lang='lat' dir='ltr'>esset</span> <span class='ocrx_word' id='word_1_36' title='bbox 557 567 635 596; x_wconf 89' lang='lat' dir='ltr'>seu</span> <span class='ocrx_word' id='word_1_37' title='bbox 678 558 1076 608; x_wconf 86' lang='lat' dir='ltr'>consummatum,</span> <span class='ocrx_word' id='word_1_38' title='bbox 1110 559 1356 613; x_wconf 82' lang='lat' dir='ltr'><strong>postquam</strong></span> <span class='ocrx_word' id='word_1_39' title='bbox 1393 550 1648 597; x_wconf 89' lang='lat' dir='ltr'>multitudo</span> <span class='ocrx_word' id='word_1_40' title='bbox 1675 552 1840 615; x_wconf 80' lang='lat' dir='ltr'>ingens</span> 
     </span>
     <span class='ocr_line' id='line_1_7' title="bbox 166 624 1842 690; baseline 0.003 -19"><span class='ocrx_word' id='word_1_41' title='bbox 166 625 431 671; x_wconf 86' lang='lat' dir='ltr'>Judaeorum</span> <span class='ocrx_word' id='word_1_42' title='bbox 463 626 663 689; x_wconf 84' lang='lat' dir='ltr'>profecta</span> <span class='ocrx_word' id='word_1_43' title='bbox 702 635 770 672; x_wconf 88' lang='lat' dir='ltr'>est</span> <span class='ocrx_word' id='word_1_44' title='bbox 808 626 856 671; x_wconf 91' lang='lat' dir='ltr'>in</span> <span class='ocrx_word' id='word_1_45' title='bbox 897 625 1170 688; x_wconf 76' lang='lat' dir='ltr'>AEgyptum,</span> <span class='ocrx_word' id='word_1_46' title='bbox 1216 624 1402 689; x_wconf 78' lang='lat' dir='ltr'>ibique⁷</span> <span class='ocrx_word' id='word_1_47' title='bbox 1428 627 1686 690; x_wconf 81' lang='lat' dir='ltr'>praesertim</span> <span class='ocrx_word' id='word_1_48' title='bbox 1730 645 1842 676; x_wconf 87' lang='lat' dir='ltr'>vero</span> 
     </span>
     <span class='ocr_line' id='line_1_8' title="bbox 169 698 1847 764; baseline 0.002 -16"><span class='ocrx_word' id='word_1_49' title='bbox 169 701 452 749; x_wconf 77' lang='lat' dir='ltr'>Alexandriae</span> <span class='ocrx_word' id='word_1_50' title='bbox 479 736 491 760; x_wconf 88' lang='lat'>,</span> <span class='ocrx_word' id='word_1_51' title='bbox 532 718 780 764; x_wconf 79' lang='lat' dir='ltr'>synagogas</span> <span class='ocrx_word' id='word_1_52' title='bbox 816 708 862 745; x_wconf 86' lang='lat' dir='ltr'>et</span> <span class='ocrx_word' id='word_1_53' title='bbox 891 698 1069 744; x_wconf 87' lang='lat' dir='ltr'>scholas</span> <span class='ocrx_word' id='word_1_54' title='bbox 1099 698 1380 747; x_wconf 83' lang='lat' dir='ltr'>habuerunt.</span> <span class='ocrx_word' id='word_1_55' title='bbox 1424 703 1565 747; x_wconf 82' lang='lat' dir='ltr'>Porro</span> <span class='ocrx_word' id='word_1_56' title='bbox 1594 702 1750 749; x_wconf 90' lang='lat' dir='ltr'>nullus</span> <span class='ocrx_word' id='word_1_57' title='bbox 1778 713 1847 751; x_wconf 89' lang='lat' dir='ltr'>est</span> 
     </span>
     <span class='ocr_line' id='line_1_9' title="bbox 168 775 1844 840; baseline 0.001 -15"><span class='ocrx_word' id='word_1_58' title='bbox 168 779 386 827; x_wconf 80' lang='lat' dir='ltr'>doctrinae</span> <span class='ocrx_word' id='word_1_59' title='bbox 411 777 651 835; x_wconf 74' lang='lat' dir='ltr'>articulus,</span> <span class='ocrx_word' id='word_1_60' title='bbox 685 777 763 840; x_wconf 92' lang='lat' dir='ltr'>qui</span> <span class='ocrx_word' id='word_1_61' title='bbox 797 784 924 821; x_wconf 88' lang='lat' dir='ltr'>ortus</span> <span class='ocrx_word' id='word_1_62' title='bbox 960 775 1162 823; x_wconf 82' lang='lat' dir='ltr'>traditur</span> <span class='ocrx_word' id='word_1_63' title='bbox 1191 794 1245 824; x_wconf 77' lang='lat' dir='ltr'>ex</span> <span class='ocrx_word' id='word_1_64' title='bbox 1278 777 1464 824; x_wconf 89' lang='lat' dir='ltr'>illarum</span> <span class='ocrx_word' id='word_1_65' title='bbox 1495 777 1706 825; x_wconf 85' lang='lat' dir='ltr'>idearum</span> <span class='ocrx_word' id='word_1_66' title='bbox 1736 796 1844 828; x_wconf 89' lang='lat' dir='ltr'>con-</span> 
     </span>
     <span class='ocr_line' id='line_1_10' title="bbox 168 852 1845 918; baseline 0.001 -17"><span class='ocrx_word' id='word_1_67' title='bbox 168 855 438 911; x_wconf 77' lang='lat' dir='ltr'>sociatione,</span> <span class='ocrx_word' id='word_1_68' title='bbox 475 855 599 912; x_wconf 82' lang='lat' dir='ltr'>cujus</span> <span class='ocrx_word' id='word_1_69' title='bbox 628 860 707 896; x_wconf 82' lang='lat' dir='ltr'>aut</span> <span class='ocrx_word' id='word_1_70' title='bbox 739 868 952 916; x_wconf 76' lang='lat' dir='ltr'>expressa</span> <span class='ocrx_word' id='word_1_71' title='bbox 984 852 1159 898; x_wconf 88' lang='lat' dir='ltr'>mentio</span> <span class='ocrx_word' id='word_1_72' title='bbox 1185 870 1279 899; x_wconf 91' lang='lat' dir='ltr'>non</span> <span class='ocrx_word' id='word_1_73' title='bbox 1310 855 1397 918; x_wconf 16' lang='lat' dir='ltr'>fiat*</span> <span class='ocrx_word' id='word_1_74' title='bbox 1424 854 1475 900; x_wconf 89' lang='lat' dir='ltr'>in</span> <span class='ocrx_word' id='word_1_75' title='bbox 1507 854 1845 918; x_wconf 82' lang='lat' dir='ltr'>antiquioribus</span> 
     </span>
     <span class='ocr_line' id='line_1_11' title="bbox 168 925 1842 995; baseline 0.002 -19"><span class='ocrx_word' id='word_1_76' title='bbox 168 929 463 977; x_wconf 80' lang='lat' dir='ltr'>Hebraeorum</span> <span class='ocrx_word' id='word_1_77' title='bbox 487 925 642 984; x_wconf 84' lang='lat' dir='ltr'>libris,</span> <span class='ocrx_word' id='word_1_78' title='bbox 674 935 754 973; x_wconf 87' lang='lat' dir='ltr'>aut</span> <span class='ocrx_word' id='word_1_79' title='bbox 779 927 946 974; x_wconf 85' lang='lat' dir='ltr'>saltem</span> <span class='ocrx_word' id='word_1_80' title='bbox 970 945 1065 974; x_wconf 91' lang='lat' dir='ltr'>non</span> <span class='ocrx_word' id='word_1_81' title='bbox 1086 939 1330 976; x_wconf 87' lang='lat' dir='ltr'>occurrant</span> <span class='ocrx_word' id='word_1_82' title='bbox 1353 928 1527 977; x_wconf 85' lang='lat' dir='ltr'>ibidem</span> <span class='ocrx_word' id='word_1_83' title='bbox 1551 929 1738 993; x_wconf 82' lang='lat' dir='ltr'>vestigia</span> <span class='ocrx_word' id='word_1_84' title='bbox 1757 931 1842 995; x_wconf 89' lang='lat'><strong>(1).</strong></span> 
     </span>
     <span class='ocr_line' id='line_1_12' title="bbox 132 990 1846 1070; baseline 0.001 -19"><span class='ocrx_word' id='word_1_85' title='bbox 132 990 134 992; x_wconf 21' lang='grc' dir='ltr'>Ι</span> <span class='ocrx_word' id='word_1_86' title='bbox 170 1007 285 1052; x_wconf 91' lang='lat' dir='ltr'>Cum</span> <span class='ocrx_word' id='word_1_87' title='bbox 298 1006 447 1067; x_wconf 88' lang='lat' dir='ltr'>itaque</span> <span class='ocrx_word' id='word_1_88' title='bbox 461 1001 628 1048; x_wconf 82' lang='lat' dir='ltr'>falsum</span> <span class='ocrx_word' id='word_1_89' title='bbox 646 1003 706 1069; x_wconf 89' lang='lat' dir='ltr'>sit</span> <span class='ocrx_word' id='word_1_90' title='bbox 718 1006 1011 1068; x_wconf 87' lang='lat' dir='ltr'>assumptum</span> <span class='ocrx_word' id='word_1_91' title='bbox 1024 1005 1395 1052; x_wconf 88' lang='lat' dir='ltr'>adversariorum</span> <span class='ocrx_word' id='word_1_92' title='bbox 1408 1042 1420 1065; x_wconf 80' lang='lat'>.,</span> <span class='ocrx_word' id='word_1_93' title='bbox 1436 1006 1524 1052; x_wconf 92' lang='lat' dir='ltr'>hoc</span> <span class='ocrx_word' id='word_1_94' title='bbox 1536 1005 1846 1070; x_wconf 87' lang='lat' dir='ltr'>ipsoconcidit</span> 
     </span>
     <span class='ocr_line' id='line_1_13' title="bbox 169 1078 1845 1143; baseline 0.002 -17"><span class='ocrx_word' id='word_1_95' title='bbox 169 1087 530 1143; x_wconf 85' lang='lat' dir='ltr'>superstructum</span> <span class='ocrx_word' id='word_1_96' title='bbox 572 1078 814 1125; x_wconf 84' lang='lat' dir='ltr'>aedificium</span> <span class='ocrx_word' id='word_1_97' title='bbox 857 1079 914 1126; x_wconf 91' lang='lat' dir='ltr'>de</span> <span class='ocrx_word' id='word_1_98' title='bbox 942 1082 1353 1143; x_wconf 77' lang='lat' dir='ltr'>personifi’catione</span> <span class='ocrx_word' id='word_1_99' title='bbox 1381 1090 1482 1128; x_wconf 87' lang='lat' dir='ltr'>orta</span> <span class='ocrx_word' id='word_1_100' title='bbox 1519 1098 1577 1129; x_wconf 82' lang='lat' dir='ltr'>ex</span> <span class='ocrx_word' id='word_1_101' title='bbox 1613 1081 1845 1129; x_wconf 88' lang='lat' dir='ltr'>connubio</span> 
     </span>
     <span class='ocr_line' id='line_1_14' title="bbox 166 1153 1846 1221; baseline 0.003 -20"><span class='ocrx_word' id='word_1_102' title='bbox 166 1155 400 1218; x_wconf 90' lang='lat' dir='ltr'>utriusque</span> <span class='ocrx_word' id='word_1_103' title='bbox 424 1153 645 1201; x_wconf 80' lang='lat' dir='ltr'>doctrinae</span> <span class='ocrx_word' id='word_1_104' title='bbox 662 1190 674 1212; x_wconf 96' lang='lat'>,</span> <span class='ocrx_word' id='word_1_105' title='bbox 696 1173 799 1220; x_wconf 79' lang='lat' dir='ltr'>quae</span> <span class='ocrx_word' id='word_1_106' title='bbox 823 1156 940 1203; x_wconf 85' lang='lat' dir='ltr'>facta</span> <span class='ocrx_word' id='word_1_107' title='bbox 970 1156 1029 1202; x_wconf 90' lang='lat' dir='ltr'>sit</span> <span class='ocrx_word' id='word_1_108' title='bbox 1058 1156 1107 1201; x_wconf 88' lang='lat' dir='ltr'>in</span> <span class='ocrx_word' id='word_1_109' title='bbox 1129 1157 1310 1203; x_wconf 89' lang='lat' dir='ltr'>Christo</span> <span class='ocrx_word' id='word_1_110' title='bbox 1334 1158 1362 1204; x_wconf 84' lang='lat' dir='ltr'>J</span> <span class='ocrx_word' id='word_1_111' title='bbox 1366 1174 1461 1205; x_wconf 90' lang='lat' dir='ltr'>esu.</span> <span class='ocrx_word' id='word_1_112' title='bbox 1490 1157 1605 1203; x_wconf 90' lang='lat' dir='ltr'>Cum</span> <span class='ocrx_word' id='word_1_113' title='bbox 1626 1165 1846 1221; x_wconf 79' lang='lat' dir='ltr'>praeterea</span> 
     </span>
     <span class='ocr_line' id='line_1_15' title="bbox 163 1231 1839 1299; baseline 0.004 -23"><span class='ocrx_word' id='word_1_114' title='bbox 163 1248 269 1276; x_wconf 91' lang='lat' dir='ltr'>usus</span> <span class='ocrx_word' id='word_1_115' title='bbox 305 1231 630 1295; x_wconf 80' lang='lat' dir='ltr'>prosopopaeiae</span> <span class='ocrx_word' id='word_1_116' title='bbox 668 1231 1009 1295; x_wconf 83' lang='lat' dir='ltr'>vulgatissimus</span> <span class='ocrx_word' id='word_1_117' title='bbox 1044 1242 1164 1279; x_wconf 90' lang='lat' dir='ltr'>esset</span> <span class='ocrx_word' id='word_1_118' title='bbox 1201 1233 1327 1298; x_wconf 88' lang='lat' dir='ltr'>apud</span> <span class='ocrx_word' id='word_1_119' title='bbox 1356 1234 1572 1299; x_wconf 86' lang='lat' dir='ltr'>antiquos</span> <span class='ocrx_word' id='word_1_120' title='bbox 1593 1234 1839 1298; x_wconf 87' lang='lat' dir='ltr'>scriptores</span> 
     </span>
     <span class='ocr_line' id='line_1_16' title="bbox 165 1306 1842 1375; baseline 0.003 -23"><span class='ocrx_word' id='word_1_121' title='bbox 165 1322 342 1366; x_wconf 81' lang='lat' dir='ltr'>sacros,</span> <span class='ocrx_word' id='word_1_122' title='bbox 369 1308 447 1370; x_wconf 82' lang='lat' dir='ltr'>qui</span> <span class='ocrx_word' id='word_1_123' title='bbox 474 1306 645 1353; x_wconf 85' lang='lat' dir='ltr'>factum</span> <span class='ocrx_word' id='word_1_124' title='bbox 672 1315 766 1368; x_wconf 77' lang='lat' dir='ltr'>est,</span> <span class='ocrx_word' id='word_1_125' title='bbox 790 1317 842 1354; x_wconf 87' lang='lat' dir='ltr'>ut</span> <span class='ocrx_word' id='word_1_126' title='bbox 864 1325 1108 1373; x_wconf 88' lang='lat' dir='ltr'>nunquam</span> <span class='ocrx_word' id='word_1_127' title='bbox 1132 1308 1242 1355; x_wconf 87' lang='lat' dir='ltr'>alias</span> <span class='ocrx_word' id='word_1_128' title='bbox 1263 1310 1487 1374; x_wconf 81' lang='lat' dir='ltr'>originem</span> <span class='ocrx_word' id='word_1_129' title='bbox 1508 1309 1689 1357; x_wconf 84' lang='lat' dir='ltr'>dederit</span> <span class='ocrx_word' id='word_1_130' title='bbox 1731 1318 1842 1375; x_wconf 81' lang='lat' dir='ltr'>typo</span> 
     </span>
     <span class='ocr_line' id='line_1_17' title="bbox 160 1380 1846 1447; baseline 0.004 -20"><span class='ocrx_word' id='word_1_131' title='bbox 160 1380 435 1444; x_wconf 59' lang='lat' dir='ltr'>symbolico⁷</span> <span class='ocrx_word' id='word_1_132' title='bbox 480 1383 739 1444; x_wconf 83' lang='lat' dir='ltr'>cujusmodi</span> <span class='ocrx_word' id='word_1_133' title='bbox 775 1384 965 1447; x_wconf 77' lang='lat' dir='ltr'>fingitur</span> <span class='ocrx_word' id='word_1_134' title='bbox 997 1384 1237 1447; x_wconf 82' lang='lat' dir='ltr'>contigisse</span> <span class='ocrx_word' id='word_1_135' title='bbox 1259 1386 1310 1431; x_wconf 88' lang='lat' dir='ltr'>in</span> <span class='ocrx_word' id='word_1_136' title='bbox 1347 1385 1528 1432; x_wconf 88' lang='lat' dir='ltr'>Christo</span> <span class='ocrx_word' id='word_1_137' title='bbox 1564 1384 1711 1433; x_wconf 75' lang='lat' dir='ltr'>Jesu‘?</span> <span class='ocrx_word' id='word_1_138' title='bbox 1736 1387 1846 1434; x_wconf 78' lang='lat' dir='ltr'>Haec</span> 
     </span>
     <span class='ocr_line' id='line_1_18' title="bbox 160 1457 1841 1525; baseline 0.003 -21"><span class='ocrx_word' id='word_1_139' title='bbox 160 1457 333 1505; x_wconf 89' lang='lat' dir='ltr'>scilicet</span> <span class='ocrx_word' id='word_1_140' title='bbox 365 1459 540 1504; x_wconf 87' lang='lat' dir='ltr'>somnia</span> <span class='ocrx_word' id='word_1_141' title='bbox 572 1469 681 1506; x_wconf 87' lang='lat' dir='ltr'>sunt</span> <span class='ocrx_word' id='word_1_142' title='bbox 704 1496 715 1518; x_wconf 82' lang='grc'><em>,</em></span> <span class='ocrx_word' id='word_1_143' title='bbox 746 1477 848 1524; x_wconf 86' lang='lat' dir='ltr'>quae</span> <span class='ocrx_word' id='word_1_144' title='bbox 880 1461 1055 1525; x_wconf 86' lang='lat' dir='ltr'>respuit</span> <span class='ocrx_word' id='word_1_145' title='bbox 1089 1477 1250 1507; x_wconf 89' lang='lat' dir='ltr'>sensus</span> <span class='ocrx_word' id='word_1_146' title='bbox 1286 1460 1532 1508; x_wconf 89' lang='lat' dir='ltr'>hominum</span> <span class='ocrx_word' id='word_1_147' title='bbox 1562 1464 1841 1509; x_wconf 72' lang='lat' dir='ltr'>communis.</span> 
     </span>
    </p>

    <p class='ocr_par' dir='ltr' id='par_1_4' title="bbox 162 1532 1844 1750">
     <span class='ocr_line' id='line_1_19' title="bbox 228 1532 1843 1600; baseline 0.004 -21"><span class='ocrx_word' id='word_1_148' title='bbox 228 1532 306 1579; x_wconf 81' lang='lat'>39.</span> <span class='ocrx_word' id='word_1_149' title='bbox 353 1534 420 1580; x_wconf 90' lang='lat' dir='ltr'>Ad</span> <span class='ocrx_word' id='word_1_150' title='bbox 445 1534 537 1592; x_wconf 77' lang='lat'>4¹1¹,</span> <span class='ocrx_word' id='word_1_151' title='bbox 571 1535 689 1598; x_wconf 71' lang='lat' dir='ltr'>Ney.</span> <span class='ocrx_word' id='word_1_152' title='bbox 713 1536 963 1598; x_wconf 80' lang='lat' dir='ltr'>gratuitam</span> <span class='ocrx_word' id='word_1_153' title='bbox 986 1537 1350 1600; x_wconf 88' lang='lat' dir='ltr'>suppositionem</span> <span class='ocrx_word' id='word_1_154' title='bbox 1368 1536 1765 1596; x_wconf 65' lang='lat' dir='ltr'>adversariorum,</span> <span class='ocrx_word' id='word_1_155' title='bbox 1789 1548 1843 1585; x_wconf 92' lang='lat' dir='ltr'>ut</span> 
     </span>
     <span class='ocr_line' id='line_1_20' title="bbox 162 1608 1844 1676; baseline 0.003 -21"><span class='ocrx_word' id='word_1_156' title='bbox 162 1617 291 1673; x_wconf 87' lang='lat' dir='ltr'>patet</span> <span class='ocrx_word' id='word_1_157' title='bbox 331 1625 387 1655; x_wconf 79' lang='lat' dir='ltr'>ex</span> <span class='ocrx_word' id='word_1_158' title='bbox 428 1608 566 1656; x_wconf 88' lang='lat' dir='ltr'>modo</span> <span class='ocrx_word' id='word_1_159' title='bbox 611 1610 762 1657; x_wconf 90' lang='lat' dir='ltr'>dictis.</span> <span class='ocrx_word' id='word_1_160' title='bbox 799 1612 902 1657; x_wconf 85' lang='lat' dir='ltr'>Jam</span> <span class='ocrx_word' id='word_1_161' title='bbox 943 1610 1052 1657; x_wconf 88' lang='lat' dir='ltr'>alias</span> <span class='ocrx_word' id='word_1_162' title='bbox 1081 1611 1520 1671; x_wconf 86' lang='lat' dir='ltr'>animadvertimus,</span> <span class='ocrx_word' id='word_1_163' title='bbox 1550 1612 1844 1676; x_wconf 78' lang='lat' dir='ltr'>evangelium</span> 
     </span>
     <span class='ocr_line' id='line_1_21' title="bbox 163 1685 1838 1750; baseline 0.003 -20"><span class='ocrx_word' id='word_1_164' title='bbox 163 1700 410 1731; x_wconf 85' lang='lat' dir='ltr'>aramaeum</span> <span class='ocrx_word' id='word_1_165' title='bbox 446 1702 570 1732; x_wconf 89' lang='lat' dir='ltr'>nunc</span> <span class='ocrx_word' id='word_1_166' title='bbox 602 1685 660 1731; x_wconf 90' lang='lat' dir='ltr'>ab</span> <span class='ocrx_word' id='word_1_167' title='bbox 689 1686 798 1750; x_wconf 90' lang='lat' dir='ltr'>ipsis</span> <span class='ocrx_word' id='word_1_168' title='bbox 834 1686 1133 1733; x_wconf 88' lang='lat' dir='ltr'>rationalistis</span> <span class='ocrx_word' id='word_1_169' title='bbox 1160 1688 1398 1734; x_wconf 87' lang='lat' dir='ltr'>contemni</span> <span class='ocrx_word' id='word_1_170' title='bbox 1433 1688 1521 1750; x_wconf 74' lang='lat'>(2).</span> <span class='ocrx_word' id='word_1_171' title='bbox 1559 1687 1693 1746; x_wconf 88' lang='lat' dir='ltr'>Quod</span> <span class='ocrx_word' id='word_1_172' title='bbox 1726 1704 1838 1736; x_wconf 88' lang='lat' dir='ltr'>vero</span> 
     </span>
    </p>
   </div>
   <div class='ocr_carea' id='block_1_4' title="bbox 161 1826 968 3056">
    <p class='ocr_par' dir='ltr' id='par_1_5' title="bbox 161 1826 967 2792">
     <span class='ocr_line' id='line_1_22' title="bbox 217 1826 967 1880; baseline 0.004 -17"><span class='ocrx_word' id='word_1_173' title='bbox 217 1827 265 1877; x_wconf 85' lang='lat'>(1)</span> <span class='ocrx_word' id='word_1_174' title='bbox 291 1826 384 1864; x_wconf 82' lang='lat' dir='ltr'>Sane</span> <span class='ocrx_word' id='word_1_175' title='bbox 414 1826 459 1864; x_wconf 89' lang='lat' dir='ltr'>de</span> <span class='ocrx_word' id='word_1_176' title='bbox 483 1826 588 1878; x_wconf 84' lang='lat' dir='ltr'>lapsu</span> <span class='ocrx_word' id='word_1_177' title='bbox 612 1827 851 1866; x_wconf 79' lang='lat' dir='ltr'>humanitatis</span> <span class='ocrx_word' id='word_1_178' title='bbox 870 1829 967 1880; x_wconf 84' lang='lat' dir='ltr'>jam-</span> 
     </span>
     <span class='ocr_line' id='line_1_23' title="bbox 162 1891 965 1943; baseline 0.002 -14"><span class='ocrx_word' id='word_1_179' title='bbox 162 1892 224 1929; x_wconf 89' lang='lat' dir='ltr'>diu</span> <span class='ocrx_word' id='word_1_180' title='bbox 242 1892 453 1930; x_wconf 82' lang='lat' dir='ltr'>disseruerat</span> <span class='ocrx_word' id='word_1_181' title='bbox 470 1891 625 1943; x_wconf 76' lang='lat' dir='ltr'>Moyses,</span> <span class='ocrx_word' id='word_1_182' title='bbox 644 1892 774 1930; x_wconf 72' lang='lat' dir='ltr'>Genea.</span> <span class='ocrx_word' id='word_1_183' title='bbox 797 1906 851 1930; x_wconf 87' lang='grc' dir='ltr'><strong>ιιι.</strong></span> <span class='ocrx_word' id='word_1_184' title='bbox 874 1893 965 1931; x_wconf 84' lang='lat' dir='ltr'>Item</span> 
     </span>
     <span class='ocr_line' id='line_1_24' title="bbox 163 1957 965 2009; baseline 0.002 -15"><span class='ocrx_word' id='word_1_185' title='bbox 163 1957 209 1995; x_wconf 88' lang='lat' dir='ltr'>de</span> <span class='ocrx_word' id='word_1_186' title='bbox 238 1958 464 2008; x_wconf 83' lang='lat' dir='ltr'>apparitione</span> <span class='ocrx_word' id='word_1_187' title='bbox 499 1958 729 2009; x_wconf 82' lang='lat' dir='ltr'>angelorum,</span> <span class='ocrx_word' id='word_1_188' title='bbox 756 1971 797 1996; x_wconf 89' lang='lat' dir='ltr'>ac</span> <span class='ocrx_word' id='word_1_189' title='bbox 828 1957 873 1996; x_wconf 90' lang='lat' dir='ltr'>de</span> <span class='ocrx_word' id='word_1_190' title='bbox 895 1960 965 1995; x_wconf 91' lang='lat' dir='ltr'>im-</span> 
     </span>
     <span class='ocr_line' id='line_1_25' title="bbox 163 2022 966 2061; baseline 0.002 -2"><span class='ocrx_word' id='word_1_191' title='bbox 163 2022 318 2059; x_wconf 87' lang='lat' dir='ltr'>mediata</span> <span class='ocrx_word' id='word_1_192' title='bbox 358 2023 500 2060; x_wconf 86' lang='lat' dir='ltr'>actione</span> <span class='ocrx_word' id='word_1_193' title='bbox 531 2036 592 2061; x_wconf 83' lang='lat' dir='ltr'>seu</span> <span class='ocrx_word' id='word_1_194' title='bbox 631 2024 966 2061; x_wconf 79' lang='lat' dir='ltr'>communicatione</span> 
     </span>
     <span class='ocr_line' id='line_1_26' title="bbox 161 2086 967 2140; baseline 0.001 -16"><span class='ocrx_word' id='word_1_195' title='bbox 161 2086 358 2124; x_wconf 81' lang='lat' dir='ltr'>divinitatis</span> <span class='ocrx_word' id='word_1_196' title='bbox 366 2100 448 2124; x_wconf 89' lang='lat' dir='ltr'>cum</span> <span class='ocrx_word' id='word_1_197' title='bbox 459 2088 672 2126; x_wconf 88' lang='lat' dir='ltr'>hominibus</span> <span class='ocrx_word' id='word_1_198' title='bbox 682 2089 852 2140; x_wconf 85' lang='lat' dir='ltr'>frequens</span> <span class='ocrx_word' id='word_1_199' title='bbox 864 2102 967 2126; x_wconf 90' lang='lat' dir='ltr'>men-</span> 
     </span>
     <span class='ocr_line' id='line_1_27' title="bbox 163 2152 966 2203; baseline 0.002 -14"><span class='ocrx_word' id='word_1_200' title='bbox 163 2154 212 2190; x_wconf 74' lang='lat' dir='ltr'>tio</span> <span class='ocrx_word' id='word_1_201' title='bbox 234 2154 444 2190; x_wconf 83' lang='lat' dir='ltr'>occurritin</span> <span class='ocrx_word' id='word_1_202' title='bbox 464 2152 738 2203; x_wconf 83' lang='lat' dir='ltr'>Pentateuch03</span> <span class='ocrx_word' id='word_1_203' title='bbox 773 2154 820 2191; x_wconf 88' lang='lat' dir='ltr'>de</span> <span class='ocrx_word' id='word_1_204' title='bbox 845 2154 966 2192; x_wconf 86' lang='lat' dir='ltr'>futura</span> 
     </span>
     <span class='ocr_line' id='line_1_28' title="bbox 162 2219 967 2269; baseline 0.001 -14"><span class='ocrx_word' id='word_1_205' title='bbox 162 2232 355 2269; x_wconf 86' lang='lat' dir='ltr'>corporum</span> <span class='ocrx_word' id='word_1_206' title='bbox 386 2221 651 2258; x_wconf 85' lang='lat' dir='ltr'>resurrectione</span> <span class='ocrx_word' id='word_1_207' title='bbox 687 2219 831 2258; x_wconf 86' lang='lat' dir='ltr'>celebre</span> <span class='ocrx_word' id='word_1_208' title='bbox 871 2226 967 2258; x_wconf 83' lang='lat' dir='ltr'>extat</span> 
     </span>
     <span class='ocr_line' id='line_1_29' title="bbox 165 2275 964 2336; baseline 0.003 -17"><span class='ocrx_word' id='word_1_209' title='bbox 165 2285 413 2322; x_wconf 81' lang='lat' dir='ltr'>testimonium</span> <span class='ocrx_word' id='word_1_210' title='bbox 444 2286 483 2321; x_wconf 90' lang='lat' dir='ltr'>in</span> <span class='ocrx_word' id='word_1_211' title='bbox 505 2283 591 2323; x_wconf 83' lang='lat' dir='ltr'>Job.</span> <span class='ocrx_word' id='word_1_212' title='bbox 615 2296 677 2322; x_wconf 77' lang='lat' dir='ltr'>xlx</span> <span class='ocrx_word' id='word_1_213' title='bbox 695 2314 705 2331; x_wconf 90' lang='lat'>‚</span> <span class='ocrx_word' id='word_1_214' title='bbox 734 2282 786 2322; x_wconf 85' lang='lat'>26</span> <span class='ocrx_word' id='word_1_215' title='bbox 808 2292 842 2322; x_wconf 89' lang='lat' dir='ltr'>et</span> <span class='ocrx_word' id='word_1_216' title='bbox 855 2275 964 2336; x_wconf 78' lang='lat' dir='ltr'>seqq.</span> 
     </span>
     <span class='ocr_line' id='line_1_30' title="bbox 166 2346 964 2401; baseline 0.006 -17"><span class='ocrx_word' id='word_1_217' title='bbox 166 2346 300 2399; x_wconf 85' lang='lat' dir='ltr'>dequo</span> <span class='ocrx_word' id='word_1_218' title='bbox 332 2349 401 2387; x_wconf 83' lang='lat' dir='ltr'>cfr.</span> <span class='ocrx_word' id='word_1_219' title='bbox 431 2361 512 2401; x_wconf 87' lang='lat' dir='ltr'>quae</span> <span class='ocrx_word' id='word_1_220' title='bbox 547 2351 756 2401; x_wconf 84' lang='lat' dir='ltr'>scripsimus</span> <span class='ocrx_word' id='word_1_221' title='bbox 790 2352 829 2387; x_wconf 88' lang='lat' dir='ltr'>in</span> <span class='ocrx_word' id='word_1_222' title='bbox 859 2358 964 2390; x_wconf 79' lang='lat' dir='ltr'>tract.</span> 
     </span>
     <span class='ocr_line' id='line_1_31' title="bbox 168 2408 961 2467; baseline 0.006 -19"><span class='ocrx_word' id='word_1_223' title='bbox 168 2408 224 2448; x_wconf 79' lang='lat' dir='ltr'>De</span> <span class='ocrx_word' id='word_1_224' title='bbox 245 2410 321 2449; x_wconf 85' lang='lat' dir='ltr'>Deo</span> <span class='ocrx_word' id='word_1_225' title='bbox 338 2421 500 2452; x_wconf 79' lang='lat' dir='ltr'>creatore</span> <span class='ocrx_word' id='word_1_226' title='bbox 516 2444 525 2459; x_wconf 85' lang='lat'><strong>‚</strong></span> <span class='ocrx_word' id='word_1_227' title='bbox 559 2428 642 2467; x_wconf 85' lang='lat' dir='ltr'>pag.</span> <span class='ocrx_word' id='word_1_228' title='bbox 663 2413 739 2453; x_wconf 84' lang='lat'>382</span> <span class='ocrx_word' id='word_1_229' title='bbox 758 2445 768 2462; x_wconf 85' lang='lat'><strong>‚</strong></span> <span class='ocrx_word' id='word_1_230' title='bbox 791 2430 830 2454; x_wconf 89' lang='lat' dir='ltr'>n.</span> <span class='ocrx_word' id='word_1_231' title='bbox 857 2413 936 2453; x_wconf 82' lang='lat'>850</span> <span class='ocrx_word' id='word_1_232' title='bbox 951 2445 961 2462; x_wconf 89' lang='lat'>‚</span> 
     </span>
     <span class='ocr_line' id='line_1_32' title="bbox 166 2477 965 2530; baseline 0.008 -15"><span class='ocrx_word' id='word_1_233' title='bbox 166 2485 246 2516; x_wconf 88' lang='lat' dir='ltr'>not.</span> <span class='ocrx_word' id='word_1_234' title='bbox 277 2477 348 2530; x_wconf 79' lang='lat'>(3).</span> <span class='ocrx_word' id='word_1_235' title='bbox 364 2480 467 2519; x_wconf 87' lang='lat' dir='ltr'>Circa</span> <span class='ocrx_word' id='word_1_236' title='bbox 482 2482 728 2521; x_wconf 85' lang='lat' dir='ltr'>immediatam</span> <span class='ocrx_word' id='word_1_237' title='bbox 753 2483 965 2521; x_wconf 82' lang='lat' dir='ltr'>manifesta-</span> 
     </span>
     <span class='ocr_line' id='line_1_33' title="bbox 168 2542 962 2597; baseline 0.006 -17"><span class='ocrx_word' id='word_1_238' title='bbox 168 2544 302 2581; x_wconf 81' lang='lat' dir='ltr'>tionem</span> <span class='ocrx_word' id='word_1_239' title='bbox 340 2542 408 2581; x_wconf 90' lang='lat' dir='ltr'>Dei</span> <span class='ocrx_word' id='word_1_240' title='bbox 430 2545 497 2586; x_wconf 85' lang='lat' dir='ltr'>cfr.</span> <span class='ocrx_word' id='word_1_241' title='bbox 529 2559 610 2597; x_wconf 81' lang='lat' dir='ltr'>quae</span> <span class='ocrx_word' id='word_1_242' title='bbox 638 2547 809 2585; x_wconf 82' lang='lat' dir='ltr'>adversus</span> <span class='ocrx_word' id='word_1_243' title='bbox 832 2547 962 2585; x_wconf 87' lang='lat' dir='ltr'>Schot-</span> 
     </span>
     <span class='ocr_line' id='line_1_34' title="bbox 167 2608 960 2663; baseline 0.005 -17"><span class='ocrx_word' id='word_1_244' title='bbox 167 2617 245 2647; x_wconf 90' lang='lat' dir='ltr'>tum</span> <span class='ocrx_word' id='word_1_245' title='bbox 270 2608 392 2646; x_wconf 86' lang='lat' dir='ltr'>scribit</span> <span class='ocrx_word' id='word_1_246' title='bbox 413 2617 535 2647; x_wconf 81' lang='lat' dir='ltr'>auctor</span> <span class='ocrx_word' id='word_1_247' title='bbox 556 2624 633 2649; x_wconf 90' lang='lat' dir='ltr'>non</span> <span class='ocrx_word' id='word_1_248' title='bbox 658 2620 843 2663; x_wconf 83' lang='lat' dir='ltr'>suspectus</span> <span class='ocrx_word' id='word_1_249' title='bbox 872 2612 960 2650; x_wconf 85' lang='lat' dir='ltr'>Chr.</span> 
     </span>
     <span class='ocr_line' id='line_1_35' title="bbox 168 2673 966 2727; baseline 0.004 -16"><span class='ocrx_word' id='word_1_250' title='bbox 168 2673 271 2712; x_wconf 78' lang='lat' dir='ltr'>Trid.</span> <span class='ocrx_word' id='word_1_251' title='bbox 293 2674 478 2712; x_wconf 81' lang='lat' dir='ltr'>Fritzsche</span> <span class='ocrx_word' id='word_1_252' title='bbox 492 2704 502 2720; x_wconf 88' lang='lat'><strong>‚</strong></span> <span class='ocrx_word' id='word_1_253' title='bbox 534 2676 574 2712; x_wconf 88' lang='lat' dir='ltr'>in</span> <span class='ocrx_word' id='word_1_254' title='bbox 592 2689 719 2727; x_wconf 84' lang='lat' dir='ltr'>opusc.</span> <span class='ocrx_word' id='word_1_255' title='bbox 744 2675 801 2715; x_wconf 87' lang='lat' dir='ltr'>De</span> <span class='ocrx_word' id='word_1_256' title='bbox 824 2676 966 2715; x_wconf 81' lang='lat' dir='ltr'>revela-</span> 
     </span>
     <span class='ocr_line' id='line_1_36' title="bbox 167 2739 920 2792; baseline 0.004 -15"><span class='ocrx_word' id='word_1_257' title='bbox 167 2741 284 2777; x_wconf 75' lang='lat' dir='ltr'>tionis</span> <span class='ocrx_word' id='word_1_258' title='bbox 314 2741 465 2777; x_wconf 79' lang='lat' dir='ltr'>notione</span> <span class='ocrx_word' id='word_1_259' title='bbox 489 2739 644 2781; x_wconf 80' lang='lat' dir='ltr'>biblica.</span> <span class='ocrx_word' id='word_1_260' title='bbox 674 2740 774 2792; x_wconf 83' lang='lat' dir='ltr'>Lips.</span> <span class='ocrx_word' id='word_1_261' title='bbox 806 2739 920 2780; x_wconf 85' lang='lat'>1828.</span> 
     </span>
    </p>

    <p class='ocr_par' dir='ltr' id='par_1_6' title="bbox 171 2804 968 3056">
     <span class='ocr_line' id='line_1_37' title="bbox 221 2804 965 2858; baseline 0.005 -17"><span class='ocrx_word' id='word_1_262' title='bbox 221 2804 271 2855; x_wconf 78' lang='lat'>(2)</span> <span class='ocrx_word' id='word_1_263' title='bbox 300 2804 399 2843; x_wconf 83' lang='lat' dir='ltr'>Alias</span> <span class='ocrx_word' id='word_1_264' title='bbox 439 2804 657 2853; x_wconf 85' lang='lat' dir='ltr'>attulimus,</span> <span class='ocrx_word' id='word_1_265' title='bbox 688 2818 771 2858; x_wconf 82' lang='lat' dir='ltr'>quae</span> <span class='ocrx_word' id='word_1_266' title='bbox 796 2807 965 2845; x_wconf 85' lang='lat' dir='ltr'>adversus</span> 
     </span>
     <span class='ocr_line' id='line_1_38' title="bbox 171 2869 967 2922; baseline 0.006 -17"><span class='ocrx_word' id='word_1_267' title='bbox 171 2869 347 2920; x_wconf 87' lang='lat' dir='ltr'>ejusmodi</span> <span class='ocrx_word' id='word_1_268' title='bbox 400 2869 643 2922; x_wconf 86' lang='lat' dir='ltr'>archetypum</span> <span class='ocrx_word' id='word_1_269' title='bbox 698 2871 967 2922; x_wconf 83' lang='lat' dir='ltr'>evangeliorum</span> 
     </span>
     <span class='ocr_line' id='line_1_39' title="bbox 173 2934 968 2989; baseline 0.006 -19"><span class='ocrx_word' id='word_1_270' title='bbox 173 2934 312 2984; x_wconf 80' lang='lat' dir='ltr'>scripsit</span> <span class='ocrx_word' id='word_1_271' title='bbox 343 2934 598 2974; x_wconf 82' lang='lat' dir='ltr'>Rosenmiiller</span> <span class='ocrx_word' id='word_1_272' title='bbox 622 2949 634 2986; x_wconf 83' lang='lat'>3</span> <span class='ocrx_word' id='word_1_273' title='bbox 667 2937 729 2974; x_wconf 88' lang='lat' dir='ltr'>hic</span> <span class='ocrx_word' id='word_1_274' title='bbox 762 2945 903 2989; x_wconf 82' lang='lat' dir='ltr'>praestat</span> <span class='ocrx_word' id='word_1_275' title='bbox 928 2939 968 2975; x_wconf 87' lang='lat' dir='ltr'>in</span> 
     </span>
     <span class='ocr_line' id='line_1_40' title="bbox 172 2998 965 3056; baseline 0.006 -20"><span class='ocrx_word' id='word_1_276' title='bbox 172 2998 334 3037; x_wconf 83' lang='lat' dir='ltr'>medium</span> <span class='ocrx_word' id='word_1_277' title='bbox 352 3001 545 3049; x_wconf 86' lang='lat' dir='ltr'>adducere,</span> <span class='ocrx_word' id='word_1_278' title='bbox 560 3016 639 3056; x_wconf 84' lang='lat' dir='ltr'>quae</span> <span class='ocrx_word' id='word_1_279' title='bbox 656 3002 768 3042; x_wconf 82' lang='lat' dir='ltr'>habet</span> <span class='ocrx_word' id='word_1_280' title='bbox 778 3002 965 3051; x_wconf 57' lang='lat' dir='ltr'>ceutria,</span> 
     </span>
    </p>
   </div>
   <div class='ocr_carea' id='block_1_5' title="bbox 1023 1828 1847 3053">
    <p class='ocr_par' dir='ltr' id='par_1_7' title="bbox 1023 1828 1847 3053">
     <span class='ocr_line' id='line_1_41' title="bbox 1039 1828 1841 1882; baseline 0.006 -17"><span class='ocrx_word' id='word_1_281' title='bbox 1039 1842 1102 1879; x_wconf 87' lang='lat' dir='ltr'>op.</span> <span class='ocrx_word' id='word_1_282' title='bbox 1125 1828 1188 1868; x_wconf 88' lang='lat' dir='ltr'>cit.</span> <span class='ocrx_word' id='word_1_283' title='bbox 1209 1828 1401 1867; x_wconf 78' lang='lat' dir='ltr'>deuxieme</span> <span class='ocrx_word' id='word_1_284' title='bbox 1414 1837 1506 1880; x_wconf 79' lang='lat' dir='ltr'>part.</span> <span class='ocrx_word' id='word_1_285' title='bbox 1529 1828 1636 1868; x_wconf 84' lang='lat' dir='ltr'>divis.</span> <span class='ocrx_word' id='word_1_286' title='bbox 1651 1832 1841 1882; x_wconf 77' lang='lat' dir='ltr'>premiere,</span> 
     </span>
     <span class='ocr_line' id='line_1_42' title="bbox 1039 1893 1845 1947; baseline 0.006 -16"><span class='ocrx_word' id='word_1_287' title='bbox 1039 1902 1125 1932; x_wconf 81' lang='lat' dir='ltr'>sect.</span> <span class='ocrx_word' id='word_1_288' title='bbox 1167 1909 1195 1931; x_wconf 89' lang='grc' dir='ltr'>ιι</span> <span class='ocrx_word' id='word_1_289' title='bbox 1220 1924 1230 1941; x_wconf 84' lang='grc'><em>,</em></span> <span class='ocrx_word' id='word_1_290' title='bbox 1251 1909 1332 1946; x_wconf 79' lang='lat' dir='ltr'>pag.</span> <span class='ocrx_word' id='word_1_291' title='bbox 1364 1893 1466 1942; x_wconf 79' lang='lat'>258,</span> <span class='ocrx_word' id='word_1_292' title='bbox 1495 1893 1561 1932; x_wconf 85' lang='lat' dir='ltr'>ubi</span> <span class='ocrx_word' id='word_1_293' title='bbox 1582 1924 1592 1941; x_wconf 87' lang='lat'>‚</span> <span class='ocrx_word' id='word_1_294' title='bbox 1612 1896 1768 1947; x_wconf 85' lang='lat' dir='ltr'>loquens</span> <span class='ocrx_word' id='word_1_295' title='bbox 1799 1897 1845 1936; x_wconf 87' lang='lat' dir='ltr'>de</span> 
     </span>
     <span class='ocr_line' id='line_1_43' title="bbox 1037 1958 1845 2012; baseline 0.004 -16"><span class='ocrx_word' id='word_1_296' title='bbox 1037 1959 1227 1998; x_wconf 84' lang='lat' dir='ltr'>Michaelis</span> <span class='ocrx_word' id='word_1_297' title='bbox 1249 1989 1259 2007; x_wconf 88' lang='lat'>‚</span> <span class='ocrx_word' id='word_1_298' title='bbox 1296 1961 1346 1997; x_wconf 87' lang='lat' dir='ltr'>ait</span> <span class='ocrx_word' id='word_1_299' title='bbox 1376 1973 1386 1997; x_wconf 91' lang='lat'>:</span> <span class='ocrx_word' id='word_1_300' title='bbox 1411 1958 1451 1997; x_wconf 81' lang='lat' dir='ltr'>Il</span> <span class='ocrx_word' id='word_1_301' title='bbox 1473 1973 1497 1997; x_wconf 85' lang='lat' dir='ltr'>a</span> <span class='ocrx_word' id='word_1_302' title='bbox 1527 1959 1671 2011; x_wconf 62' lang='lat' dir='ltr'>affirm&amp;</span> <span class='ocrx_word' id='word_1_303' title='bbox 1698 1974 1770 2012; x_wconf 80' lang='lat' dir='ltr'>que</span> <span class='ocrx_word' id='word_1_304' title='bbox 1794 1961 1845 1999; x_wconf 77' lang='lat' dir='ltr'>les</span> 
     </span>
     <span class='ocr_line' id='line_1_44' title="bbox 1035 2023 1847 2077; baseline 0.004 -16"><span class='ocrx_word' id='word_1_305' title='bbox 1035 2024 1126 2061; x_wconf 78' lang='lat' dir='ltr'>trois</span> <span class='ocrx_word' id='word_1_306' title='bbox 1150 2025 1341 2077; x_wconf 73' lang='lat' dir='ltr'>premier-3</span> <span class='ocrx_word' id='word_1_307' title='bbox 1379 2023 1623 2075; x_wconf 73' lang='lat' dir='ltr'>evanyelistes</span> <span class='ocrx_word' id='word_1_308' title='bbox 1652 2024 1847 2064; x_wconf 78' lang='lat' dir='ltr'>n’avaiem</span> 
     </span>
     <span class='ocr_line' id='line_1_45' title="bbox 1029 2089 1845 2141; baseline 0.001 -13"><span class='ocrx_word' id='word_1_309' title='bbox 1029 2091 1140 2141; x_wconf 76' lang='lat' dir='ltr'>point</span> <span class='ocrx_word' id='word_1_310' title='bbox 1160 2103 1287 2128; x_wconf 80' lang='lat' dir='ltr'>connu</span> <span class='ocrx_word' id='word_1_311' title='bbox 1305 2090 1356 2129; x_wconf 75' lang='lat' dir='ltr'>les</span> <span class='ocrx_word' id='word_1_312' title='bbox 1366 2091 1478 2127; x_wconf 67' lang='lat' dir='ltr'>ecrite</span> <span class='ocrx_word' id='word_1_313' title='bbox 1491 2089 1542 2127; x_wconf 84' lang='lat' dir='ltr'>les</span> <span class='ocrx_word' id='word_1_314' title='bbox 1555 2103 1630 2128; x_wconf 76' lang='lat' dir='ltr'>uns</span> <span class='ocrx_word' id='word_1_315' title='bbox 1642 2089 1707 2128; x_wconf 75' lang='lat' dir='ltr'>des</span> <span class='ocrx_word' id='word_1_316' title='bbox 1716 2097 1845 2129; x_wconf 74' lang='lat' dir='ltr'>autres</span> 
     </span>
     <span class='ocr_line' id='line_1_46' title="bbox 1036 2155 1843 2207; baseline 0 -15"><span class='ocrx_word' id='word_1_317' title='bbox 1036 2156 1216 2207; x_wconf 88' lang='lat' dir='ltr'>(quamvis</span> <span class='ocrx_word' id='word_1_318' title='bbox 1228 2162 1367 2194; x_wconf 86' lang='lat' dir='ltr'>veteres</span> <span class='ocrx_word' id='word_1_319' title='bbox 1386 2157 1611 2193; x_wconf 82' lang='lat' dir='ltr'>contrarium</span> <span class='ocrx_word' id='word_1_320' title='bbox 1630 2155 1843 2207; x_wconf 75' lang='lat' dir='ltr'>affirment),</span> 
     </span>
     <span class='ocr_line' id='line_1_47' title="bbox 1030 2218 1846 2272; baseline -0.001 -16"><span class='ocrx_word' id='word_1_321' title='bbox 1030 2220 1234 2271; x_wconf 75' lang='lat' dir='ltr'>puisqu&#39;ils</span> <span class='ocrx_word' id='word_1_322' title='bbox 1272 2221 1412 2258; x_wconf 77' lang='lat' dir='ltr'>etaient</span> <span class='ocrx_word' id='word_1_323' title='bbox 1437 2218 1666 2270; x_wconf 76' lang='lat' dir='ltr'>quelquesbis</span> <span class='ocrx_word' id='word_1_324' title='bbox 1702 2232 1751 2256; x_wconf 79' lang='lat' dir='ltr'>en</span> <span class='ocrx_word' id='word_1_325' title='bbox 1780 2233 1846 2272; x_wconf 81' lang='lat' dir='ltr'>op-</span> 
     </span>
     <span class='ocr_line' id='line_1_48' title="bbox 1030 2273 1845 2336; baseline 0.002 -15"><span class='ocrx_word' id='word_1_326' title='bbox 1030 2285 1212 2336; x_wconf 76' lang='lat' dir='ltr'>position.</span> <span class='ocrx_word' id='word_1_327' title='bbox 1237 2273 1510 2336; x_wconf 16' lang='lat' dir='ltr'>Sonipr‘incaepe</span> <span class='ocrx_word' id='word_1_328' title='bbox 1526 2284 1676 2331; x_wconf 65' lang='lat' dir='ltr'>admts,</span> <span class='ocrx_word' id='word_1_329' title='bbox 1706 2282 1757 2321; x_wconf 72' lang='lat' dir='ltr'>les</span> <span class='ocrx_word' id='word_1_330' title='bbox 1779 2284 1845 2323; x_wconf 72' lang='lat' dir='ltr'>bb-</span> 
     </span>
     <span class='ocr_line' id='line_1_49' title="bbox 1023 2346 1844 2401; baseline 0.001 -14"><span class='ocrx_word' id='word_1_331' title='bbox 1023 2351 1189 2401; x_wconf 74' lang='lat' dir='ltr'>jections</span> <span class='ocrx_word' id='word_1_332' title='bbox 1222 2357 1256 2387; x_wconf 82' lang='lat' dir='ltr'>et</span> <span class='ocrx_word' id='word_1_333' title='bbox 1291 2348 1343 2387; x_wconf 75' lang='lat' dir='ltr'>les</span> <span class='ocrx_word' id='word_1_334' title='bbox 1375 2347 1572 2400; x_wconf 62' lang='lat' dir='ltr'>diffie-alces</span> <span class='ocrx_word' id='word_1_335' title='bbox 1605 2346 1777 2385; x_wconf 62' lang='lat' dir='ltr'>s’elevent</span> <span class='ocrx_word' id='word_1_336' title='bbox 1798 2348 1844 2388; x_wconf 81' lang='lat' dir='ltr'>de</span> 
     </span>
     <span class='ocr_line' id='line_1_50' title="bbox 1028 2413 1846 2466; baseline -0.001 -13"><span class='ocrx_word' id='word_1_337' title='bbox 1028 2422 1184 2466; x_wconf 83' lang='lat' dir='ltr'>partout</span> <span class='ocrx_word' id='word_1_338' title='bbox 1197 2444 1207 2462; x_wconf 88' lang='lat'><em>‚</em></span> <span class='ocrx_word' id='word_1_339' title='bbox 1234 2421 1267 2452; x_wconf 89' lang='lat' dir='ltr'>et</span> <span class='ocrx_word' id='word_1_340' title='bbox 1287 2413 1362 2451; x_wconf 85' lang='lat' dir='ltr'>l&#39;on</span> <span class='ocrx_word' id='word_1_341' title='bbox 1380 2426 1428 2451; x_wconf 68' lang='lat' dir='ltr'>oze</span> <span class='ocrx_word' id='word_1_342' title='bbox 1449 2414 1525 2450; x_wconf 68' lang='lat' dir='ltr'>uait</span> <span class='ocrx_word' id='word_1_343' title='bbox 1547 2426 1593 2450; x_wconf 78' lang='lat' dir='ltr'>en</span> <span class='ocrx_word' id='word_1_344' title='bbox 1612 2413 1846 2464; x_wconf 82' lang='lat' dir='ltr'>particulier</span> 
     </span>
     <span class='ocr_line' id='line_1_51' title="bbox 1034 2478 1847 2531; baseline 0 -14"><span class='ocrx_word' id='word_1_345' title='bbox 1034 2486 1222 2518; x_wconf 78' lang='lat' dir='ltr'>comment</span> <span class='ocrx_word' id='word_1_346' title='bbox 1246 2478 1442 2531; x_wconf 71' lang='lat' dir='ltr'>expliquer</span> <span class='ocrx_word' id='word_1_347' title='bbox 1477 2478 1658 2516; x_wconf 65' lang='lat' dir='ltr'>Fidentine</span> <span class='ocrx_word' id='word_1_348' title='bbox 1685 2478 1731 2516; x_wconf 83' lang='lat' dir='ltr'>de</span> <span class='ocrx_word' id='word_1_349' title='bbox 1763 2485 1847 2517; x_wconf 79' lang='lat' dir='ltr'>tant</span> 
     </span>
     <span class='ocr_line' id='line_1_52' title="bbox 1034 2543 1843 2597; baseline -0.001 -14"><span class='ocrx_word' id='word_1_350' title='bbox 1034 2544 1080 2583; x_wconf 80' lang='lat' dir='ltr'>de</span> <span class='ocrx_word' id='word_1_351' title='bbox 1100 2549 1250 2597; x_wconf 73' lang='lat' dir='ltr'>parties</span> <span class='ocrx_word' id='word_1_352' title='bbox 1269 2544 1333 2581; x_wconf 75' lang='lat' dir='ltr'>des</span> <span class='ocrx_word' id='word_1_353' title='bbox 1357 2544 1458 2582; x_wconf 54' lang='lat' dir='ltr'>deus⁸</span> <span class='ocrx_word' id='word_1_354' title='bbox 1472 2543 1659 2595; x_wconf 65' lang='lat' dir='ltr'>premier-9</span> <span class='ocrx_word' id='word_1_355' title='bbox 1683 2546 1843 2595; x_wconf 64' lang='lat' dir='ltr'>evangli—</span> 
     </span>
     <span class='ocr_line' id='line_1_53' title="bbox 1035 2608 1845 2659; baseline 0 -12"><span class='ocrx_word' id='word_1_356' title='bbox 1035 2608 1100 2649; x_wconf 73' lang='lat' dir='ltr'>les.</span> <span class='ocrx_word' id='word_1_357' title='bbox 1128 2608 1170 2648; x_wconf 82' lang='lat' dir='ltr'>Il</span> <span class='ocrx_word' id='word_1_358' title='bbox 1200 2610 1248 2648; x_wconf 88' lang='lat' dir='ltr'>l&#39;a</span> <span class='ocrx_word' id='word_1_359' title='bbox 1268 2611 1369 2647; x_wconf 74' lang='lat' dir='ltr'>senti</span> <span class='ocrx_word' id='word_1_360' title='bbox 1378 2639 1389 2659; x_wconf 89' lang='lat'><em>‚</em></span> <span class='ocrx_word' id='word_1_361' title='bbox 1417 2615 1451 2647; x_wconf 85' lang='lat' dir='ltr'>et</span> <span class='ocrx_word' id='word_1_362' title='bbox 1471 2608 1503 2647; x_wconf 69' lang='lat' dir='ltr'>il</span> <span class='ocrx_word' id='word_1_363' title='bbox 1514 2622 1539 2646; x_wconf 84' lang='lat' dir='ltr'><strong><em>a</em></strong></span> <span class='ocrx_word' id='word_1_364' title='bbox 1558 2622 1717 2647; x_wconf 78' lang='lat' dir='ltr'>recouru</span> <span class='ocrx_word' id='word_1_365' title='bbox 1731 2609 1755 2646; x_wconf 85' lang='grc' dir='ltr'><em>ὰ</em></span> <span class='ocrx_word' id='word_1_366' title='bbox 1770 2622 1845 2647; x_wconf 77' lang='lat' dir='ltr'>une</span> 
     </span>
     <span class='ocr_line' id='line_1_54' title="bbox 1036 2673 1843 2727; baseline 0 -15"><span class='ocrx_word' id='word_1_367' title='bbox 1036 2676 1274 2727; x_wconf 74' lang='lat' dir='ltr'>supposition</span> <span class='ocrx_word' id='word_1_368' title='bbox 1312 2675 1496 2726; x_wconf 63' lang='lat' dir='ltr'>gratuite.</span> <span class='ocrx_word' id='word_1_369' title='bbox 1530 2673 1571 2711; x_wconf 85' lang='lat' dir='ltr'>Il</span> <span class='ocrx_word' id='word_1_370' title='bbox 1604 2687 1630 2711; x_wconf 81' lang='lat' dir='ltr'>a</span> <span class='ocrx_word' id='word_1_371' title='bbox 1672 2675 1843 2725; x_wconf 77' lang='lat' dir='ltr'>imaqine</span> 
     </span>
     <span class='ocr_line' id='line_1_55' title="bbox 1036 2740 1844 2797; baseline -0.001 -19"><span class='ocrx_word' id='word_1_372' title='bbox 1036 2754 1106 2792; x_wconf 81' lang='lat' dir='ltr'>que</span> <span class='ocrx_word' id='word_1_373' title='bbox 1121 2740 1201 2797; x_wconf 59' lang='lat' dir='ltr'>l’uyt</span> <span class='ocrx_word' id='word_1_374' title='bbox 1223 2748 1256 2778; x_wconf 84' lang='lat' dir='ltr'>et</span> <span class='ocrx_word' id='word_1_375' title='bbox 1266 2740 1401 2778; x_wconf 82' lang='lat' dir='ltr'>l&#39;autre</span> <span class='ocrx_word' id='word_1_376' title='bbox 1417 2741 1570 2778; x_wconf 74' lang='lat' dir='ltr'>avaient</span> <span class='ocrx_word' id='word_1_377' title='bbox 1583 2742 1637 2777; x_wconf 78' lang='grc' dir='ltr'>ἑιέ</span> <span class='ocrx_word' id='word_1_378' title='bbox 1654 2751 1702 2777; x_wconf 79' lang='lat' dir='ltr'>en</span> <span class='ocrx_word' id='word_1_379' title='bbox 1714 2741 1844 2791; x_wconf 77' lang='lat' dir='ltr'>partie</span> 
     </span>
     <span class='ocr_line' id='line_1_56' title="bbox 1037 2805 1840 2858; baseline -0.004 -14"><span class='ocrx_word' id='word_1_380' title='bbox 1037 2807 1146 2844; x_wconf 73' lang='lat' dir='ltr'>ecrite</span> <span class='ocrx_word' id='word_1_381' title='bbox 1164 2807 1311 2858; x_wconf 72' lang='lat' dir='ltr'>d&#39;apres</span> <span class='ocrx_word' id='word_1_382' title='bbox 1332 2805 1395 2843; x_wconf 77' lang='lat' dir='ltr'>des</span> <span class='ocrx_word' id='word_1_383' title='bbox 1413 2805 1615 2843; x_wconf 75' lang='lat' dir='ltr'>documem</span> <span class='ocrx_word' id='word_1_384' title='bbox 1627 2805 1840 2842; x_wconf 62' lang='lat' dir='ltr'>anterieurs</span> 
     </span>
     <span class='ocr_line' id='line_1_57' title="bbox 1038 2868 1845 2922; baseline -0.005 -13"><span class='ocrx_word' id='word_1_385' title='bbox 1038 2877 1072 2909; x_wconf 84' lang='lat' dir='ltr'>et</span> <span class='ocrx_word' id='word_1_386' title='bbox 1101 2872 1308 2910; x_wconf 76' lang='lat' dir='ltr'>incomms.</span> <span class='ocrx_word' id='word_1_387' title='bbox 1348 2869 1472 2922; x_wconf 72' lang='lat' dir='ltr'>Apres</span> <span class='ocrx_word' id='word_1_388' title='bbox 1508 2868 1719 2907; x_wconf 76' lang='lat' dir='ltr'>Michaelis</span> <span class='ocrx_word' id='word_1_389' title='bbox 1737 2898 1747 2916; x_wconf 91' lang='lat'>‚</span> <span class='ocrx_word' id='word_1_390' title='bbox 1781 2868 1845 2906; x_wconf 73' lang='lat' dir='ltr'>dee</span> 
     </span>
     <span class='ocr_line' id='line_1_58' title="bbox 1039 2933 1846 2984; baseline -0.006 -10"><span class='ocrx_word' id='word_1_391' title='bbox 1039 2948 1177 2974; x_wconf 75' lang='lat' dir='ltr'>savam</span> <span class='ocrx_word' id='word_1_392' title='bbox 1204 2935 1383 2984; x_wconf 71' lang='lat' dir='ltr'>celebres,</span> <span class='ocrx_word' id='word_1_393' title='bbox 1410 2935 1508 2973; x_wconf 78' lang='lat' dir='ltr'>mais</span> <span class='ocrx_word' id='word_1_394' title='bbox 1529 2934 1658 2973; x_wconf 74' lang='lat' dir='ltr'>moine</span> <span class='ocrx_word' id='word_1_395' title='bbox 1677 2933 1776 2970; x_wconf 70' lang='lat' dir='ltr'>amis</span> <span class='ocrx_word' id='word_1_396' title='bbox 1800 2933 1846 2970; x_wconf 83' lang='lat' dir='ltr'>de</span> 
     </span>
     <span class='ocr_line' id='line_1_59' title="bbox 1040 2995 1847 3053; baseline -0.004 -15"><span class='ocrx_word' id='word_1_397' title='bbox 1040 3000 1077 3039; x_wconf 82' lang='lat' dir='ltr'>la</span> <span class='ocrx_word' id='word_1_398' title='bbox 1095 3003 1212 3040; x_wconf 68' lang='lat' dir='ltr'>verite</span> <span class='ocrx_word' id='word_1_399' title='bbox 1224 3015 1293 3053; x_wconf 77' lang='lat' dir='ltr'>que</span> <span class='ocrx_word' id='word_1_400' title='bbox 1316 3000 1373 3039; x_wconf 80' lang='lat' dir='ltr'>lm·</span> <span class='ocrx_word' id='word_1_401' title='bbox 1387 3030 1397 3048; x_wconf 94' lang='lat'>‚</span> <span class='ocrx_word' id='word_1_402' title='bbox 1417 3006 1483 3039; x_wconf 80' lang='lat' dir='ltr'>ont</span> <span class='ocrx_word' id='word_1_403' title='bbox 1500 2998 1616 3039; x_wconf 76' lang='lat' dir='ltr'>00qu</span> <span class='ocrx_word' id='word_1_404' title='bbox 1626 2995 1847 3050; x_wconf 74' lang='lat' dir='ltr'>developper</span> 
     </span>
    </p>
   </div>
  </div>
 </body>
</html>
