2028 3354
303 218 425 250 PART.
466 220 495 248 1.
531 218 651 248 sacr.
688 218 739 247 11.
780 217 875 247 cn.
912 219 981 249 111.
1020 219 1075 249 m:
1110 221 1219 251 ΜΤ.
1260 221 1317 252 ΕΤ
1353 222 1454 252 JUR.
1496 223 1619 254 mum.
1700 209 1793 258 467

177 332 289 379 682.
330 334 422 379 Nos
443 349 469 379 e
493 340 653 378 contra
678 334 812 392 juxta
841 331 1115 379 catholicam
1146 334 1405 381 doctrinam
1443 336 1664 385 adversus
1688 356 1800 404 pro-

104 418 327 456 testantes
352 407 632 455 adstruimus
658 444 670 464 7
698 407 957 455 Concilium
979 411 1678 463 oecumenicumconvocatione
1694 452 1706 475 7
1727 433 1800 464 ce-

102 484 359 531 lebratione
410 493 456 530 et
502 484 856 531 confirmatione
906 485 1167 548 legitimum
1190 523 1203 546 7
1245 488 1297 534 in
1350 490 1445 536 suis
1482 491 1799 541 sanctionibus

104 560 369 623 dogmaticis
400 596 411 617 7
442 576 543 625 quae
576 560 746 607 scilicet
778 560 983 609 habeant
1020 579 1105 626 pro
1143 562 1323 624 objecto
1351 565 1494 613 fidem
1529 576 1574 613 et
1608 586 1761 617 mores
1783 605 1797 629 7

103 653 200 682 esse
221 653 410 700 prorsus
440 636 697 684 infallibile.
732 637 964 686 Adversus
987 655 1100 686 vero
1118 639 1424 688 Jansenianos
1441 677 1453 700 7
1484 642 1797 694 Febronianos

101 728 152 758 ac
164 711 445 759 Palmerium
465 713 711 759 statuimus
724 749 737 773 7
751 721 852 759 tum
871 730 1033 762 veram
1053 715 1284 761 rationem
1301 714 1622 781 dignoscendi,
1639 730 1799 770 utrum

102 787 358 835 Concilium
387 790 726 836 oecumenicum
750 788 1010 851 legitimum
1039 789 1179 836 fuerit
1212 807 1384 850 necne7
1422 809 1521 840 esse
1543 797 1799 845 confirma-

100 864 279 911 tionem
310 882 428 911 rom.
464 865 695 912 Pontificis
714 900 726 923 7
758 873 860 910 tum
887 865 1145 913 Concilium
1171 868 1510 916 oecumenicum
1537 869 1798 935 legitimum

100 948 249 986 totam
276 941 374 988 vim
406 958 539 990 suam
574 957 625 986 ac
660 939 889 989 invictum
919 941 1063 988 robur
1101 942 1273 992 habere
1310 944 1485 1011 absque
1521 950 1693 1012 praevia
1723 967 1800 997 ac-

100 1017 364 1080 ceptatione
403 1026 449 1063 et
494 1032 722 1062 consensu
764 1016 1068 1082 subsequenti
1109 1019 1320 1068 Ecclesiae
1356 1023 1649 1071 universalis.
1693 1028 1803 1075 Haec

99 1102 256 1140 autem
276 1093 338 1139 sic
362 1108 447 1156 per
466 1101 622 1156 partes
651 1093 925 1140 evincimus.

168 1169 277 1217 683.
317 1168 378 1214 Ac
403 1168 557 1232 primo
576 1167 766 1231 quidem
781 1185 885 1216 cum
911 1179 1222 1235 protestantes
1242 1172 1346 1220 ideo
1367 1174 1574 1223 Concilio
1595 1193 1803 1227 oecume-

100 1242 875 1308 nicoinfallibilemauctoritatem
918 1246 1186 1309 abjudicent
1208 1285 1220 1308 7
1267 1249 1392 1314 quod
1424 1267 1529 1298 eam
1568 1252 1802 1318 denegent

99 1320 306 1368 Ecclesiae
338 1321 428 1385 ipsi
458 1320 712 1369 universali
736 1358 748 1381 7
794 1322 903 1369 hinc
934 1323 1014 1371 illa
1053 1326 1211 1372 omnia
1232 1362 1244 1385 7
1279 1343 1382 1391 quae
1408 1345 1491 1374 suo
1520 1328 1620 1377 loco
1643 1331 1800 1379 attuli-

96 1414 200 1444 mus
222 1397 282 1444 ad
303 1396 528 1460 ejusmodi
559 1396 767 1446 Ecclesiae
797 1399 955 1447 dotem
978 1401 1310 1449 vindicandam
1328 1440 1340 1463 7
1370 1403 1461 1451 huc
1493 1406 1761 1456 referuntur
1784 1446 1796 1470 7

95 1489 204 1520 cum
235 1491 363 1539 aeque
394 1491 441 1521 se
468 1491 540 1521 res
559 1473 757 1534 habeat3
793 1485 939 1523 status
968 1478 1094 1524 enim
1114 1479 1324 1527 Ecclesiae
1342 1481 1439 1529 sive
1460 1481 1679 1548 dispersae
1699 1486 1797 1534 sive

99 1559 386 1614 congregatae
420 1549 539 1596 nihil
567 1551 686 1599 circa
718 1553 1077 1616 praerogativam
1098 1572 1122 1601 a
1145 1555 1327 1603 Christo
1354 1559 1395 1604 ei
1417 1575 1679 1607 concessam
1708 1561 1802 1608 im-

96 1635 266 1673 mutat.
607 1676 611 1685 ,
999 1649 1001 1651 ’

165 1702 275 1748 684.
294 1716 297 1717 ’
320 1703 487 1749 Verum
508 1702 604 1749 haec
623 1703 873 1767 indirecte3
896 1705 1072 1753 directe
1105 1700 1216 1754 Vero
1239 1709 1301 1755 sic
1326 1708 1495 1756 thesim
1514 1710 1793 1777 probamus:

97 1777 297 1825 Concilia
334 1781 619 1826 oecumenica
653 1799 748 1828 non
775 1792 885 1828 sunt
917 1783 1009 1829 nisi
1031 1783 1228 1839 Ecclesia
1257 1785 1353 1849 ipsa
1381 1797 1679 1851 congregata7
1713 1807 1795 1837 seu

96 1854 134 1900 si
154 1853 307 1918 placet
323 1890 334 1912 7
361 1864 471 1901 sunt
495 1855 688 1903 Ecclesia
710 1859 1089 1922 repraesentativa
1112 1880 1124 1918 ς
1158 1861 1284 1925 quod
1300 1862 1430 1909 enim
1460 1863 1645 1928 publica
1681 1877 1791 1914 sunt·

97 1938 143 1978 et
176 1930 406 1992 generalia
431 1933 616 1979 comitia
641 1934 690 1979 in
719 1942 843 1981 statu
874 1934 1062 2000 politico
1085 1971 1098 1995 7
1130 1947 1240 1984 sunt
1265 1937 1406 2002 plane
1436 1941 1639 1988 Concilia
1670 1959 1794 1990 oecu-

96 2006 277 2052 menica
304 2007 353 2052 in
383 2008 604 2067 Ecclesia3
633 2011 763 2075 atqui
788 2011 985 2058 Ecclesia
1002 2047 1015 2068 7
1049 2021 1101 2058 ut
1129 2030 1211 2059 suo
1233 2013 1333 2061 loco
1369 2015 1657 2063 ostendimus
1677 2055 1690 2078 7
1721 2019 1798 2066 in·-

95 2080 277 2127 fallibili
306 2082 453 2146 pollet
480 2087 753 2133 auctoritate
778 2106 790 2144 3
824 2087 989 2133 eadem
1011 2088 1152 2150 igitur
1167 2125 1179 2148 7
1192 2093 1327 2150 juxta
1352 2091 1523 2138 Christi
1546 2095 1791 2157 promissa7

95 2157 186 2203 frui
226 2157 432 2205 Concilia
462 2161 750 2207 oecumenica
779 2162 976 2209 dicenda
1006 2172 1132 2209 sunt.
1168 2165 1287 2212 Sane
1318 2166 1416 2213 haec
1453 2168 1655 2215 Concilia
1683 2207 1694 2230 7
1732 2171 1790 2217 ad

96 2233 363 2295 exemplum
392 2236 530 2300 primi
565 2237 757 2284 Concilii
786 2274 800 2299 7
837 2237 966 2303 quod
1004 2239 1331 2305 Hierosolymis
1366 2242 1655 2292 celebratum
1693 2256 1790 2308 est7

98 2308 314 2373 quodque
341 2311 530 2377 reliquis
558 2331 775 2361 normam
809 2324 856 2361 et
900 2315 1137 2380 exemplar
1181 2317 1411 2381 praebuit7
1462 2319 1575 2367 dum
1618 2321 1794 2388 aliquid

97 2383 158 2430 ad
192 2385 333 2432 fidem
355 2405 602 2454 moresque
631 2391 873 2455 pertinens
899 2391 1154 2453 definiunt7
1178 2393 1330 2441 dicere
1350 2405 1545 2459 possunt
1571 2415 1581 2442 ε
1622 2397 1790 2447 Visum

97 2469 166 2506 est
199 2461 415 2523 Spiritui
437 2466 609 2513 Sancto
630 2476 673 2513 et
696 2468 831 2515 nohz's
861 2468 949 2529 (l).
984 2468 1100 2514 Cum
1118 2487 1256 2533 porro
1283 2471 1479 2536 Spiritus
1503 2474 1696 2522 Sanctus
1714 2493 1791 2523 er-

97 2536 191 2582 rori
219 2536 447 2584 obnoxius
481 2557 575 2586 non
615 2542 703 2602 sit,
734 2560 886 2608 neque
914 2542 1113 2591 obnoxia
1153 2554 1292 2593 erunt
1330 2549 1790 2599 errorivoecumenica

99 2612 301 2659 Concilia
323 2649 336 2673 7
368 2630 468 2678 quae
496 2615 583 2662 sub
608 2617 804 2682 Spiritus
830 2620 985 2666 Sancti
1012 2620 1282 2669 adsistentia
1305 2641 1356 2670 ac
1380 2626 1592 2690 praesidio
1615 2627 1673 2674 de
1698 2627 1790 2675 illis

99 2688 340 2755 quidpiam
364 2690 639 2739 decernunt.

101 2807 329 2860 stringebant
353 2809 398 2848 ad
416 2811 638 2862 acceptanda
661 2805 801 2865 absque
824 2827 909 2853 exa·
976 2817 1269 2870 uniuscujusque
1295 2822 1408 2870 partis
1423 2848 1435 2867 7
1462 2829 1533 2860 etc.
1560 2821 1678 2875 Atque
1699 2824 1788 2863 huie

100 2873 201 2912 mine
216 2882 252 2912 et
270 2875 499 2914 discussione
519 2877 663 2917 decreta
677 2877 908 2919 Tridentina.
975 2880 1077 2921 tenui
1119 2884 1183 2922 filo
1222 2884 1370 2924 Palmer
1414 2889 1604 2938 negotium
1648 2898 1788 2928 aeternae

101 2937 182 2976 Hoc
196 2940 331 2979 deinde
348 2942 425 2980 fuse
441 2944 595 2994 exponit
607 2973 618 2991 7
632 2945 803 2983 eamdem
816 2959 912 2984 sem·
977 2947 1102 2986 salutis
1121 2962 1194 2987 suae
1210 2952 1429 2999 committit,
1464 2966 1507 2991 ac
1528 2953 1598 2992 sibi
1620 2953 1765 2994 illudit!

100 3017 165 3055 per
198 3013 363 3056 repetens
396 3008 583 3048 crambem
613 3010 657 3048 de
692 3010 909 3050 fallibilitate
1034 3013 1086 3063 (1)
1120 3014 1211 3053 Ace.
1241 3030 1313 3065 xv,
1338 3014 1404 3056 28.

1485 3079 1564 3129 30.
