2028 3354
220 202 318 251 220
704 224 862 257 ruer.
896 225 952 259 »Β
984 227 1104 261 mess
1137 229 1433 262 mnozomcrs.

900 322 1267 376 offricumA‘rEs

288 434 398 483 339.
436 431 544 496 Obj.
577 434 686 492 Quae
715 452 741 481 a
765 435 1011 484 Catholicis
1041 439 1341 503 proferuntur
1366 441 1426 489 ad
1456 441 1903 490 indefectibilitatem

222 509 427 559 Ecclesiae
459 509 793 558 adstruendam
812 547 825 571 ,
868 512 1002 559 nihili
1040 531 1227 578 prorsus
1266 517 1512 579 pendenda
1554 527 1678 564 sunt.
1722 520 1904 565 Etenim

223 587 275 633 10
303 586 513 650 quamvis
541 603 649 635 vera
681 587 877 635 Ecclesia
910 588 1127 637 deficeret
1156 589 1231 637 vel
1260 607 1315 637 ex
1345 599 1440 639 toto
1465 594 1539 642 vel
1568 612 1624 641 ex
1651 594 1803 659 aliqua
1826 612 1906 642 sua

221 670 353 727 parte
372 697 385 721 ‚
419 678 516 708 non
546 671 792 726 propterea
819 674 1116 729 sequeretur„
1147 665 1359 713 homines
1387 670 1515 715 omni
1538 670 1726 717 destitui
1750 670 1907 717 salutis

220 737 404 797 medi03
434 746 589 802 posset
611 738 739 785 enim
767 741 888 786 Deus
914 741 1132 805 supplere
1159 742 1320 789 mediis
1351 743 1574 803 internis;
1608 756 1797 811 possent
1819 747 1908 794 ho-

221 813 371 861 mines
410 813 576 877 spiritu
611 813 777 861 saltem
810 817 1027 880 conjungi
1055 834 1160 864 cum
1188 835 1297 866 vera
1328 819 1498 866 Christi
1527 822 1722 868 Ecclesia
1744 860 1756 877 ,
1787 841 1909 887 prae»

221 890 382 937 sertim
412 906 517 936 cum
540 906 670 936 error
688 899 758 936 est
786 893 978 938 omnino
998 893 1338 941 involuntarius
1361 904 1407 941 et
1431 895 1768 955 ineluctabilis3
1794 907 1907 945 tunc

222 965 349 1013 enim
365 982 532 1012 nocere
551 982 649 1011 non
665 974 821 1029 potest
835 1003 847 1026 7
869 976 920 1014 ut
934 978 1115 1015 constat
1133 985 1190 1015 ex
1205 968 1428 1017 haereticis
1448 973 1783 1020 materialibus
1795 991 1912 1019 nun-

222 1042 417 1107 cupatis.
452 1042 505 1087 2⁰
528 1042 623 1088 Nec
653 1041 892 1106 quidpiam
930 1045 1072 1106 magis
1106 1045 1328 1092 evincunt
1361 1046 1531 1093 Christi
1561 1049 1912 1112 promissionesg,

223 1118 440 1184 quamvis
474 1118 602 1164 enim
640 1118 802 1182 saepius
840 1121 1104 1184 promiserit
1144 1122 1266 1168 Deus
1306 1122 1354 1168 in
1392 1124 1489 1170 Vet.
1524 1125 1648 1171 Test.
1685 1125 1915 1190 populum

222 1192 498 1241 hebraicum
520 1193 617 1239 fore
650 1202 898 1256 aeternum,
933 1213 1014 1242 seu
1036 1197 1086 1242 in
1110 1205 1388 1262 perpetuum
1411 1198 1688 1246 duraturum
1706 1236 1719 1259 a
1745 1201 1913 1248 defecit

223 1278 400 1317 tamen.
426 1270 477 1316 30
500 1270 632 1316 Ratio
651 1279 720 1317 est
737 1306 749 1330 ‚
778 1272 903 1335 quia,
928 1272 1033 1319 licet
1054 1274 1379 1338 promissiones
1400 1292 1424 1321 a
1446 1277 1541 1323 Deo
1563 1276 1767 1324 Ecclesiae
1787 1278 1913 1325 factae

225 1347 320 1394 sint
348 1354 614 1411 perpetuae,
650 1356 847 1411 possunt
883 1357 1056 1396 nostrae
1083 1348 1412 1398 inobedientiae
1439 1353 1551 1399 vitio
1573 1352 1790 1411 limitari;
1827 1370 1913 1400 nec

226 1420 396 1470 desunt
430 1422 483 1469 4⁰
503 1421 719 1486 exempla
745 1422 917 1470 divinae
939 1424 1194 1472 voluntatis
1217 1443 1394 1473 arcane
1415 1427 1671 1487 frustrata}7
1703 1429 1808 1492 quia
1831 1430 1912 1476 Dei

224 1499 474 1563 promissa,
496 1498 648 1563 quoad
666 1497 855 1544 illarum
877 1499 925 1545 in
947 1502 1096 1565 specie
1115 1502 1434 1548 executionem
1452 1539 1464 1561 7
1489 1512 1686 1567 poscunt
1706 1502 1908 1550 hominis

226 1575 597 1640 cooperationem
614 1595 627 1633 ε,
653 1577 774 1622 Deus
794 1583 1060 1623 autemnon
1078 1585 1265 1625 tenetur
1282 1577 1514 1625 miraculis
1535 1579 1715 1626 efficere
1729 1615 1742 1640 ‚
1761 1588 1815 1625 ut
1835 1579 1914 1627 illa

226 1668 471 1716 nunquam
502 1651 636 1699 desit.
668 1651 719 1697 5⁰
747 1653 906 1716 Neque
921 1655 1112 1715 factum
1139 1671 1224 1718 pro
1246 1653 1489 1702 Catholicis
1516 1672 1616 1702 rem
1642 1656 1913 1712 confirmat3

228 1728 440 1793 quamvis
459 1729 587 1775 enim
614 1726 822 1773 Christus
843 1736 891 1774 et
905 1729 1120 1794 Apostoli
1142 1747 1263 1794 saepe
1289 1730 1626 1779 inculcaverint
1655 1731 1888 1779 unitatem
1903 1768 1915 1791 ,

227 1821 424 1868 eamque
452 1804 734 1869 perfectam3
766 1805 978 1868 quamvis
1002 1806 1141 1851 etiam
1167 1806 1214 1851 in
1238 1807 1414 1853 unitate
1443 1806 1650 1854 Christus
1671 1807 1917 1855 Ecclesiam

227 1897 360 1927 suam
387 1880 679 1926 constituerit
698 1915 711 1939 7
756 1889 935 1926 certum
965 1890 1123 1929 tamen
1152 1890 1220 1928 est
1253 1882 1302 1928 in
1334 1883 1511 1930 unitate
1543 1883 1788 1931 Ecclesiam
1820 1901 1914 1931 non

228 1956 484 2021 perstitisse
500 1992 512 2014 ‚
544 1972 697 2019 neque
722 1955 921 2021 amplius
941 1956 1059 2004 hanc
1078 1966 1184 2023 post
1203 1966 1272 2004 tot
1291 1957 1538 2006 divisiones
1559 1960 1787 2006 unitatem
1806 1959 1919 2006 sub-

229 2030 389 2079 sistere
415 2032 568 2097 (1).60
588 2033 759 2079 Notum
781 2042 1003 2098 praeterea
1024 2043 1112 2093 est,
1134 2032 1351 2080 Basilium
1368 2069 1380 2092 ,
1408 2035 1635 2082 Hilarium
1652 2071 1664 2093 ·›
1691 2036 1920 2100 Hierony-

228 2124 360 2155 mum
377 2143 390 2167 ,
420 2108 709 2155 Bernardum
733 2108 942 2157 Ecclesiae
964 2109 1270 2157 desectionem
1292 2119 1425 2157 aetate
1454 2128 1534 2157 sua
1559 2110 1803 2158 deflevisse
1828 2111 1916 2174 (2).

231 2184 285 2232 70
293 2185 465 2231 Notum
474 2185 647 2249 pariter
657 2193 746 2243 est,
760 2185 1015 2232 Concilium
1029 2185 1286 2233 Basileense
1299 2185 1567 2251 deposuisse
1579 2187 1833 2250 Eugenium
1846 2188 1922 2243 IV,

230 2261 364 2325 eique
391 2260 621 2308 suffecisse
644 2260 840 2308 Felicem
866 2262 917 2308 V.
946 2263 1174 2326 Eugenius
1202 2271 1362 2310 tamen
1392 2263 1714 2328 pontificatum
1745 2264 1883 2327 gessit
1905 2299 1917 2321 ,

231 2353 283 2383 ac
301 2336 502 2403 reliquos
520 2372 534 2400 ‚
568 2337 648 2402 qui
673 2354 780 2384 eum
810 2338 954 2384 secuti
982 2347 1092 2385 sunt
1110 2355 1228 2386 rom.
1250 2339 1494 2386 Pontifices
1512 2375 1525 2398 ,
1551 2338 1718 2386 habuit
1745 2355 1920 2386 succes·

232 2428 386 2475 sores3
423 2430 590 2478 magna
635 2413 841 2478 profecto
873 2412 1067 2462 defectio
1103 2413 1309 2463 Ecclesiae
1343 2413 1560 2463 habenda
1597 2415 1693 2463 haee
1732 2424 1802 2463 est
1832 2413 1916 2479 (3)

232 2564 385 2602 internis
408 2571 516 2616 atque
548 2565 705 2602 externis
731 2563 1011 2605 difficultatibus
1031 2597 1042 2615 ‚
1164 2565 1218 2617 (2)
1246 2567 1355 2619 Apud
1399 2567 1612 2614 Bellarmin.
1645 2565 1711 2605 De
1743 2563 1920 2604 Ecclesia

232 2642 276 2669 ac
307 2630 385 2682 jugi
416 2630 685 2680 conspiratione
722 2637 774 2667 tot
805 2632 885 2682 ejus
912 2630 1043 2672 adver·
1111 2630 1226 2671 milit.
1250 2632 1317 2680 lib,
1341 2645 1410 2682 ιιι,
1429 2647 1509 2686 cap.
1549 2632 1606 2672 16.

237 2695 415 2733 sariorum
448 2695 494 2732 ad
520 2708 600 2732 eam
623 2723 635 2742 ‚
660 2695 690 2732 si
723 2694 803 2733 fieri
835 2700 1040 2748 potuisset,
1165 2697 1216 2748 (3)
1248 2697 1300 2737 Ita
1327 2698 1503 2738 Calvinus
1519 2701 1558 2737 iu
1583 2696 1723 2749 praefat.
1741 2692 1919 2734 Institut.

233 2760 380 2811 penitus
400 2758 636 2798 abolendam.
1110 2765 1175 2804 ubi
1212 2766 1354 2818 prolato
1394 2766 1466 2804 hoc
1507 2769 1720 2816 argumento
1767 2759 1918 2810 subdit,

288 2822 343 2875 (l)
373 2823 430 2862 Ita
457 2823 655 2870 Newman,
681 2838 743 2877 op.
771 2827 836 2865 cit.
865 2827 1043 2877 lect.v111‚
1111 2831 1344 2883 triumphum
1367 2843 1503 2869 canens
1527 2842 1539 2867 ε
1575 2826 1658 2865 Hic
1698 2824 1925 2878 deprehensi

236 2900 318 2942 quae
340 2897 393 2928 est
417 2888 484 2928 De
509 2889 833 2941 indefectibilitas
860 2890 1047 2933 Ecclesioe
1108 2895 1338 2947 (catholici)
1361 2894 1530 2933 hoeream
1544 2904 1692 2930 necesse
1713 2896 1819 2931 eat...
1834 2890 1920 2930 Aut

236 2954 448 3004 catholicoe,
472 2970 555 3010 pag.
572 2957 648 2995 230
662 2965 697 2996 et
713 2971 818 3011 seqq.
835 2957 899 2998 ubi
922 2963 1045 3001 omnia
1111 2961 1233 3012 iqitur
1264 2959 1449 3004 Ecclesiae
1479 2957 1648 3009 sormam
1682 2956 1795 2995 aliter
1828 2956 1920 3007 defi-

237 3022 428 3072 permiscot
448 3030 558 3076 atque
576 3023 784 3064 confundit.
1111 3025 1229 3064 niam
1245 3055 1256 3073 ,
1282 3032 1348 3063 aut
1373 3027 1554 3076 quotquot
1575 3030 1664 3062 sum
1685 3053 1696 3071 ,
1724 3021 1919 3061 habebun-
