2028 3354
265 217 359 265 388

747 231 903 259 TRAGT.
941 228 994 258 DE
1029 229 1148 259 LOCIS
1182 230 1477 262 THEOLOGICIS.

263 367 339 395 an.
378 347 503 403 2107
547 359 800 408 provocare
843 341 1106 399 haereticos,
1151 358 1177 388 a
1213 343 1379 406 quihus
1412 344 1541 392 facile
1575 343 1787 391 falsitatis
1821 345 1948 407 argui
2007 328 2012 332 ⁵

266 422 520 487 potuisset3
561 436 646 466 nec
688 418 813 466 enim
859 419 1013 464 minus
1051 417 1246 464 audaces
1287 429 1430 466 erant
1449 420 1651 466 haeretici
1688 419 1831 466 seculi
1862 420 1954 478 Ill,

260 515 400 563 quam
421 497 514 542 sint
550 495 750 542 haeretici
780 494 920 541 seculi
951 493 1068 539 XIX.
1101 493 1338 540 Siluerunt
1361 504 1518 542 tamen
1540 496 1605 542 illi
1632 516 1644 553 ε,
1683 504 1958 558 argumento

262 577 420 644 itaque
438 572 725 620 ineluctabili
748 579 819 617 est
833 608 845 625 ‚
865 569 991 635 quod
1016 568 1133 615 nihil
1152 569 1382 616 haberent
1402 572 1743 635 reponendum.
1765 572 1960 619 Ridicu-

268 650 366 696 lum
388 659 545 696 autem
571 658 641 695 est
659 685 670 707 a
693 647 818 712 quod
849 645 1101 711 opponitur
1118 646 1176 693 de
1209 647 1455 708 exiguitate
1479 647 1599 694 illius
1635 634 1965 708 monumentiJ

260 724 455 791 perinde
486 743 537 771 ac
572 726 609 770 si
646 724 705 770 ad
748 723 888 770 fidem
925 722 1182 770 faciendam
1220 739 1335 786 opus
1367 731 1486 769 esset
1524 724 1695 786 erigere
1727 709 1959 788 templum

263 803 307 849 S.
324 802 462 849 Petri.
495 802 630 848 Certe
651 801 687 846 si
710 800 808 846 haec
823 800 940 845 ratio
957 798 1150 856 valeret,
1176 798 1340 844 frustra
1361 797 1506 846 Jacob
1527 798 1729 863 lapidem
1744 800 1960 846 erexisset

262 880 311 924 in
331 877 523 924 titulum
541 913 553 935 .,
579 886 659 922 aut
690 884 865 922 veteres
889 874 1163 939 patriarchae
1194 891 1413 921 acervum
1442 874 1651 939 lapidum
1678 892 1763 939 pro
1789 892 1961 922 monu-
2004 889 2007 891 ·

262 963 423 1000 mento
444 954 719 1018 posuissent.

327 1031 437 1077 566.
478 1028 550 1076 Ad
576 1028 668 1081 8¹¹²„
701 1027 819 1090 Nes).
856 1044 1036 1088 conseq.
1066 1043 1123 1072 ex
1146 1024 1272 1071 falsis
1308 1028 1554 1090 praemissis
1584 1027 1861 1085 deductam„
1894 1028 1960 1073 uti

264 1125 318 1155 ex
335 1106 453 1153 datis
471 1102 851 1169 responsionibus
871 1111 1029 1167 aperte
1043 1101 1218 1166 liquet3
1240 1111 1382 1165 prout
1404 1102 1572 1148 falsum
1589 1112 1675 1161 est:7
1700 1103 1961 1167 Scripturas

261 1182 545 1248 impossibile
593 1190 843 1244 utrumque
876 1180 1046 1225 factum
1093 1176 1366 1237 ostendere,
1405 1193 1506 1240 quae
1536 1176 1726 1241 quidem
1761 1178 1960 1225 demon-

262 1260 424 1308 stratio
464 1258 598 1305 unice
641 1257 861 1303 innititur
908 1254 1092 1301 silentio
1124 1251 1255 1299 Pauli
1298 1253 1347 1298 in
1384 1253 1424 1299 II
1458 1251 1516 1298 ad
1552 1252 1751 1299 Timoth.
1792 1254 1961 1318 scripta

262 1335 402 1401 paulo
428 1344 537 1381 ante
567 1337 662 1395 ejus
686 1341 886 1379 mor-tem
919 1332 1019 1392 (1);
1048 1333 1174 1391 cujus
1200 1336 1356 1375 autem
1387 1327 1607 1393 ponderis
1634 1328 1692 1374 sit
1711 1346 1961 1391 argumen-

262 1423 392 1472 tum,
432 1411 556 1476 quod
593 1427 648 1456 ex
674 1408 907 1471 ejusmodi
943 1407 1127 1454 silentio
1173 1406 1376 1464 cruitur,
1415 1404 1553 1469 paulo
1595 1414 1704 1452 ante
1739 1406 1955 1452 vidimus.

331 1488 441 1535 567.
481 1488 585 1547 Obj.
629 1484 845 1532 secunda,
881 1484 1056 1531 Saltem
1078 1481 1263 1528 ostendi
1293 1481 1481 1547 nequit,
1518 1482 1704 1527 Petrum
1727 1481 1863 1528 fuisse
1884 1498 1962 1526 ro-

322 1654 374 1706 (1)
404 1653 619 1692 Ridiculum
635 1652 743 1704 plane
755 1659 821 1698 est,
837 1650 937 1702 quod
951 1664 970 1688 a
984 1663 1079 1688 non-

268 1721 379 1760 nullis
400 1730 574 1771 urgetur‚
613 1725 870 1770 argumentum
898 1731 939 1754 ex
962 1715 1082 1753 verbis

265 1786 394 1833 Pauli,
417 1799 445 1822 ¹1
475 1786 521 1823 ad
550 1784 649 1821 Tim.
675 1798 711 1821 ιν
731 1812 744 1831 ,
781 1779 854 1819 16:
886 1779 1083 1832 Inprima

266 1865 350 1890 mea
385 1850 604 1901 defensione
638 1861 749 1886 nemo
791 1845 889 1883 mih-i
933 1845 1047 1897 affuit
1070 1873 1081 1888 ‚

268 1917 333 1956 sed
352 1930 481 1954 omnes
496 1930 555 1953 me
574 1914 857 1965 dereliquerunt
875 1943 884 1959 ‚
905 1924 987 1965 qnae
1005 1914 1083 1949 sine

267 1982 405 2036 injuria
431 1982 471 2021 S.
509 1982 604 2019 Petri
627 1981 785 2018 scribere
810 1993 884 2016 non
910 1979 1085 2029 potuisset

270 2048 490 2101 Apostolus,
520 2047 673 2100 perinde
696 2060 737 2084 ac
759 2047 788 2082 si
803 2045 944 2089 Petrus,
972 2045 1085 2094 quiet

271 2117 347 2166 ipse
370 2116 409 2152 in
432 2112 592 2153 vinculis
620 2110 880 2156 detinebatur,
915 2110 1086 2160 potuisset

270 2181 384 2219 Paulo
418 2180 601 2231 suppetias
637 2178 743 2215 ferre.
782 2175 956 2213 Ceterum
984 2171 1085 2225 apud

270 2253 507 2297 protestantes
522 2241 921 2293 nondumexploratum
931 2246 998 2288 est,
1011 2253 1085 2291 quo

273 2320 439 2363 tempore
454 2311 534 2349 haec
552 2308 701 2361 epistola
725 2315 870 2346 exarata
892 2308 962 2352 sit,
988 2313 1026 2342 ut
1039 2304 1086 2341 ab

272 2380 362 2428 ipsis
388 2391 513 2428 urgere
543 2376 653 2426 possit
688 2374 859 2412 adversus
898 2385 974 2408 nos.
1005 2369 1084 2408 Cfr.

273 2442 486 2486 Michaelis,
521 2455 583 2492 op.
617 2442 683 2478 cit.
712 2447 800 2477 tom.
819 2451 857 2474 lv
875 2466 885 2484 ,
910 2436 973 2474 ch.
1005 2448 1054 2473 22
1073 2463 1084 2481 ‚

275 2516 363 2546 sect.
393 2520 431 2544 2.
470 2507 539 2544 Hie
575 2506 724 2543 demum
761 2503 941 2548 observo,
974 2514 1085 2552 quam

273 2573 427 2612 feliciter
453 2579 688 2623 protestantes
709 2573 804 2607 inter
830 2582 866 2606 se
897 2575 1088 2619 pugnent,

274 2640 363 2677 dum
397 2639 658 2690 aggrediuntur
679 2635 896 2680 catholicos,
922 2636 985 2686 qui
1012 2633 1086 2670 Ro-

274 2719 372 2744 mam
394 2704 539 2742 Petrum
571 2705 709 2740 venisse
742 2702 871 2752 ibique
902 2707 1087 2737 mortuum

274 2786 351 2810 esse
378 2779 541 2808 tuentur.
568 2769 710 2806 Etenim
747 2769 850 2815 juxta
875 2765 1084 2810 Calvinum,

276 2838 485 2875 Comment.
518 2836 580 2873 cit.
617 2834 661 2870 in
688 2846 699 2870 ι
728 2829 828 2869 Petr.
855 2832 966 2882 epist.
994 2829 1089 2867 Pon-

1147 1649 1261 1687 tentia
1287 1644 1388 1700 quod
1407 1646 1532 1685 Petrus
1553 1647 1711 1684 Romam
1736 1647 1874 1685 venerit
1894 1661 1904 1696 3
1925 1653 1962 1683 at

1148 1727 1234 1752 vero
1255 1713 1356 1766 juxta
1383 1712 1650 1751 Eichhornium
1671 1742 1681 1759 ‚
1707 1726 1769 1763 op.
1800 1715 1858 1751 cit.
1880 1712 1963 1749 ideo

1149 1779 1329 1817 Catholici
1341 1784 1552 1824 autumant,
1566 1777 1714 1815 Petrum
1731 1776 1871 1814 venisse
1885 1775 1960 1813 Ro-

1151 1859 1249 1882 mam
1263 1874 1272 1891 ,
1291 1844 1391 1896 quod
1413 1843 1614 1896 Babylonis
1636 1844 1788 1879 nomine
1808 1842 1963 1893 mystice

1152 1912 1305 1948 Romam
1344 1911 1568 1958 interpretati
1601 1908 1753 1946 fuerint.
1779 1906 1839 1944 Sic
1864 1908 1962 1944 enim

1151 1975 1299 2014 scribit:
1317 1973 1520 2012 Habitaaeio
1540 1969 1650 2010 Petri
1670 1972 1800 2010 Romae
1820 2001 1830 2018 ‚
1841 1971 1963 2021 juxta

1150 2040 1331 2093 majorem
1364 2052 1516 2077 omnem
1533 2037 1847 2091 probabilitatem
1863 2066 1872 2083 ,
1897 2036 1962 2086 fa-

1150 2106 1238 2144 bula
1262 2113 1331 2143 est.
1358 2102 1560 2142 Innititur
1576 2102 1843 2154 compilationi
1853 2102 1964 2152 prio-

1151 2173 1207 2211 ris
1225 2171 1392 2223 epistolas
1410 2184 1490 2208 suoe
1506 2167 1698 2219 Babylone
1713 2197 1723 2215 ‚
1746 2181 1756 2205 ι
1785 2168 1901 2204 Pecr.
1924 2180 1960 2214 v,

1160 2239 1202 2277 13
1221 2267 1231 2285 ‚
1264 2236 1366 2289 quod
1391 2248 1527 2273 nomen
1549 2234 1755 2286 primitiva
1793 2231 1963 2270 Ecclesia

1151 2302 1357 2353 exponebat
1372 2301 1536 2352 fiyurate
1560 2299 1605 2335 de
1635 2298 1726 2336 urbe
1747 2297 1868 2335 Roma
1889 2311 1903 2344 ;
1929 2304 1963 2334 ec

1151 2382 1267 2419 super
1278 2368 1345 2405 koc
1361 2366 1403 2404 id
1415 2379 1522 2403 omne
1537 2365 1771 2415 aedificatum
1781 2369 1832 2400 est
1843 2392 1853 2410 ,
1865 2361 1964 2412 quod

1153 2433 1321 2472 mundus
1340 2432 1579 2470 christianus
1597 2432 1779 2480 antiquus
1795 2435 1831 2466 et
1844 2438 1962 2464 novus

1149 2497 1345 2550 fabulatus
1377 2504 1457 2543 est,
1491 2496 1537 2533 de
1574 2494 1680 2533 illius
1705 2494 1852 2532 meritis
1874 2504 1961 2531 cum

1154 2562 1329 2604 Ecclesia
1346 2576 1460 2608 rom„
1491 2562 1537 2599 de
1555 2563 1638 2613 ejus
1657 2559 1738 2597 illic
1758 2559 1934 2610 primatu
1949 2585 1959 2603 ,

1154 2643 1199 2668 ac
1246 2629 1290 2666 de
1330 2642 1398 2666 suo
1445 2629 1644 2678 martyrio.
1690 2625 1764 2662 Eoo
1803 2611 1965 2671 fidenter

1154 2707 1282 2747 quaero
1306 2708 1315 2733 ε
1348 2694 1418 2731 ubi
1449 2692 1608 2730 aliunde
1633 2677 1833 2728 haberetur
1845 2685 1963 2738 hujus

1154 2764 1214 2800 rei
1227 2761 1403 2814 probatio
1417 2760 1443 2796 ,Ρ
1471 2758 1525 2798 Ec
1545 2757 1704 2795 historia
1727 2754 1863 2792 critica
1898 2752 1961 2790 de-

1155 2831 1254 2867 beret
1278 2842 1325 2865 ne
1338 2828 1430 2879 pati
1443 2825 1705 2877 probationem
1731 2820 1822 2858 adeo
1848 2820 1962 2871 inop-

271 2903 373 2942 titicii
398 2902 551 2940 inillam
577 2913 707 2937 venere
725 2896 1081 2947 sententiam‚quod
1147 2893 1395 2946 Portunum?
1429 2890 1483 2929 Ita
1524 2889 1671 2941 quidem
1705 2888 1761 2924 isti
1796 2887 1879 2922 novi
1907 2886 1964 2936 gi-
2004 2934 2016 2949 r

268 2969 394 3008 Petrus
425 2965 622 3020 Babylonis
657 2964 812 3002 ‘nomine
845 2961 1002 3000 Romam
1035 2962 1086 2998 si-

264 3036 518 3088 gnificaveric'⁷
546 3046 588 3071 ex
618 3037 866 3083 praeconcepta
889 3028 977 3067 falsa
1001 3040 1085 3065 sen-

1154 2967 1297 3012 gantes.
