2028 3354
458 201 582 230 PART.
617 202 645 229 1.
686 202 767 231 CAP
823 202 893 230 111.
935 202 987 230 1313
1022 201 1236 232 ECCLESJAE
1271 201 1410 232 NO'rls.

1691 184 1782 232 137

105 332 249 380 prope
267 314 581 378 religiosorum
599 314 808 376 famssiae,
830 332 933 380 quae
951 323 1053 361 tum
1075 315 1273 380 propriae
1296 314 1566 380 perfectioni
1589 314 1784 364 student

104 400 207 437 tum
232 391 548 456 proximorum
577 390 799 450 utilitati,
842 389 1138 437 ineluctabile
1170 400 1279 437 sunt
1313 389 1663 439 documentum.
1702 392 1783 439 In-

103 483 242 530 super
267 465 522 531 prophetiae
555 482 606 512 ac
635 466 964 513 miraculorum
993 465 1115 512 dono
1153 475 1505 530 ceterorumque
1527 467 1782 515 charisma-

101 550 200 587 tum
222 559 305 606 per
322 550 475 589 aetates
493 541 695 604 singulas
714 541 1081 607 quamplurimos
1099 543 1147 587 in
1160 541 1323 588 eadem
1339 541 1532 589 Ecclesia
1549 543 1782 604 claruisse,

100 627 404 664 monumenta
427 617 619 664 indubia
639 626 895 675 testantur,
923 633 1027 680 quae
1050 615 1239 662 nonnisi
1258 615 1317 662 ab
1335 616 1586 665 incredulis
1608 619 1784 682 despici

100 701 292 756 possunt
323 693 419 757 (l)7
453 710 539 739 nec
570 694 703 757 pauci
736 691 985 739 adversarii
1018 690 1263 749 fatentur3
1312 691 1512 754 rigidum
1553 705 1782 757 praeterea

100 784 293 815 examen
310 804 322 826 a
349 768 472 832 quod
496 768 553 815 de
573 769 625 814 iis
644 767 824 814 institui
852 764 995 825 solet,
1016 766 1227 830 quamvis
1247 766 1571 814 rationabilem
1591 769 1782 818 dubita-

99 845 273 892 tionem
293 845 350 892 de
369 846 554 893 illorum
579 844 772 893 veritate
791 842 998 890 excludit
1018 842 1104 907 (2).
1131 844 1247 890 Mira
1266 842 1458 891 demum
1477 844 1783 895 foecunditate

152 1019 204 1069 (1)
234 1019 310 1057 Cfr.
346 1019 506 1057 Judocus
545 1016 700 1056 Coccius
723 1045 737 1066 ,
766 1032 825 1070 op.
861 1026 896 1055 et

95 1083 165 1122 loc.
190 1086 252 1122 cit.
269 1082 326 1122 De
348 1084 472 1133 siquis
489 1081 675 1120 Ecclesiae
691 1113 700 1129 ,
722 1092 791 1122 art.
820 1084 864 1122 13
883 1113 893 1130 ‚

94 1148 297 1199 Perpetuis
318 1146 519 1185 miraculis
540 1161 668 1185 veram
681 1147 896 1187 Ecclesiam

93 1226 116 1250 a
132 1211 232 1264 falsa
257 1214 490 1260 internosci,
523 1214 587 1251 ubi
614 1214 764 1253 exhibet
793 1223 895 1253 cata-

90 1279 214 1329 logum
229 1278 427 1317 illustrium
443 1278 615 1317 Ecclesiae
631 1281 894 1319 miraculorum

90 1352 171 1382 ante
196 1352 230 1382 et
261 1352 343 1396 post
369 1344 558 1383 Christum
587 1353 716 1383 natum
748 1346 795 1384 ad
817 1346 895 1384 haec

89 1422 206 1461 usque
227 1414 394 1461 tempora
410 1440 419 1458 ,
437 1408 705 1461 nempei580.
718 1409 895 1462 Quamvis

89 1488 165 1513 non
191 1477 340 1521 omnia,
365 1488 447 1527 quae
471 1476 532 1513 hic
554 1484 679 1513 auctor
708 1486 892 1524 recenset,

89 1541 265 1578 miracula
278 1542 324 1579 ad
338 1543 478 1580 critices
497 1543 683 1580 severioris
698 1542 793 1594 leges
804 1545 895 1595 exigi

88 1605 226 1656 possint
237 1606 368 1666 ‚Oplura
384 1614 508 1644 tamen
530 1614 641 1654 sunt,
667 1620 751 1659 quae
764 1609 804 1645 in
820 1608 891 1646 du-

86 1669 191 1707 bium
214 1670 353 1722 absque
376 1671 526 1709 levitate
545 1684 587 1709 ac
611 1673 810 1710 temeritate
836 1686 893 1711 re-

86 1737 207 1773 v'ocari
233 1744 439 1787 nequeunt.
465 1735 552 1773 Vid.
584 1737 692 1774 etiam
712 1736 891 1788 Segneri‚

84 1799 327 1839 L’incredulo
352 1814 469 1839 senza
492 1814 604 1839 seusa
619 1830 630 1852 ,
644 1815 684 1853 p.
700 1814 749 1850 11,
767 1816 849 1854 cap.
868 1802 891 1840 5

85 1864 131 1903 ad
155 1879 209 1918 9;
242 1864 352 1903 Card.
391 1865 515 1915 Gaui,
538 1866 599 1904 La
632 1879 721 1904 vera
752 1867 893 1905 Chiesa

85 1929 129 1967 di
161 1930 313 1979 Crista,
357 1930 520 1983 Bologna
565 1944 689 1985 1719,
729 1941 820 1972 tom.
851 1947 888 1981 1,

84 2008 168 2047 cap.
197 2008 245 2046 25
271 1995 527 2044 Bollandiani,
563 2011 683 2036 mens.
710 1998 889 2049 septemb.

83 2070 176 2101 tom.
199 2076 235 2101 vi
251 2092 262 2110 ‚
280 2063 369 2102 edit.
394 2062 583 2115 Antwerp.
609 2064 655 2102 ad
672 2065 770 2103 diem
800 2078 861 2103 xix
874 2093 888 2113 ,

82 2141 165 2178 pag.
179 2126 282 2177 852,
304 2127 403 2181 §29‚
426 2128 650 2167 ostenditur
663 2129 889 2167 luculentis-

83 2193 192 2230 simis
218 2195 447 2232 testimoniis
462 2224 473 2242 ‚
494 2195 662 2245 qratiam
684 2194 891 2233 miraculo-

85 2269 172 2294 rum
191 2270 451 2309 perseverasse
471 2260 516 2296 in
536 2258 739 2308 Ecclesia3
774 2259 889 2299 inau-

85 2321 175 2359 ditoe
209 2323 412 2365 calumniae
445 2324 613 2364 Joannis
654 2325 797 2364 Clerici
846 2326 891 2365 id

83 2388 325 2440 impudenter
350 2393 537 2443 aequati-⁹.

125 2454 181 2505 (Ξ)
196 2455 372 2495 Confecto
383 2460 563 2508 examine,
575 2472 618 2497 ac
628 2472 692 2510 per
701 2458 887 2498 decretum

82 2521 270 2560 Pontificis
285 2521 399 2559 dubio
419 2524 465 2561 de
483 2523 678 2562 virtutibus
702 2524 858 2563 resoluto
874 2554 885 2572 ‚

83 2588 185 2626 aliud
208 2589 429 2639 proponitur
454 2602 474 2626 a
503 2602 579 2627 sac.
613 2591 752 2628 rituum
786 2590 887 2629 Con-

83 2655 287 2705 gregatione
314 2666 325 2691 t
352 2652 420 2691 An
439 2659 474 2691 et
496 2652 541 2691 de
556 2653 697 2704 quibus
716 2655 886 2693 miracu-

79 2719 130 2757 lis
155 2726 295 2758 constet
305 2719 351 2758 ad
362 2719 539 2758 effectum
558 2749 569 2768 ,
591 2719 637 2757 de
645 2733 718 2771 quo
737 2722 887 2772 aqitur?

79 2785 149 2824 Hic
164 2787 240 2838 jam
258 2787 479 2838 supponitur
499 2784 691 2824 'confectus
705 2786 886 2839 juridicus

77 2863 265 2902 processus
296 2851 343 2889 de
368 2851 469 2902 facti
497 2851 678 2899 veritate,
703 2859 738 2889 et
762 2852 885 2905 inqui-

70 2917 162 2953 ritur
183 2917 222 2954 in
257 2918 334 2969 ejus
362 2917 444 2956 valo
454 2930 532 2955 rem
559 2930 602 2955 ac
625 2925 794 2955 naturam
811 2947 821 2966 ‚
848 2924 884 2957 et

71 2983 223 3034 gradum
251 2985 510 3024 miraculorum
525 3013 536 3034 ‚
568 2996 649 3037 quae
670 2992 809 3037 patrata
832 2984 877 3024 ad

963 1020 1235 1059 invocationem
1262 1021 1419 1074 alicujus
1444 1025 1537 1061 servi
1563 1022 1632 1062 Dei
1652 1023 1783 1076 perhi-

963 1083 1114 1126 bentur.
1143 1086 1192 1125 Ut
1210 1099 1319 1138 porro
1338 1087 1428 1125 felix
1454 1087 1565 1141 hujus
1588 1090 1781 1128 resolutio-

963 1151 1020 1187 nis
1045 1153 1162 1189 exitus
1185 1153 1402 1202 contingat,
1422 1155 1622 1205 requiritur
1641 1168 1652 1193 :
1674 1158 1710 1193 1⁰
1731 1153 1782 1194 Ut

962 1230 1027 1267 per
1052 1225 1157 1255 testes
1191 1218 1237 1256 de
1262 1219 1341 1256 visu
1358 1247 1370 1263 ‚
1411 1227 1475 1257 aut
1503 1222 1614 1259 etiam
1635 1221 1682 1259 de
1711 1234 1779 1260 au·

963 1281 1040 1319 ditu
1056 1296 1075 1320 a
1100 1282 1252 1322 testibus
1279 1284 1325 1322 de
1341 1286 1420 1322 visu
1432 1313 1447 1333 ,
1480 1294 1545 1324 aut-
1564 1294 1736 1338 praeterea
1757 1301 1779 1326 a

962 1346 1115 1386 testibus
1142 1349 1290 1387 auditus
1309 1349 1355 1388 de
1389 1350 1516 1388 auditu
1532 1381 1543 1398 ‚
1564 1359 1705 1390 constet
1733 1351 1779 1391 de

961 1420 1141 1464 utroque,
1168 1421 1209 1451 ut
1223 1420 1381 1460 vocant,
1405 1415 1575 1454 miraculi
1589 1425 1776 1466 extremo,

963 1479 1090 1514 mortis
1121 1491 1176 1516 ex.
1196 1492 1252 1529 gr.
1278 1487 1313 1516 et
1325 1480 1554 1519 excitationis
1566 1509 1581 1530 ‚
1599 1480 1719 1519 morbi
1743 1490 1780 1521 et

963 1544 1178 1582 sanationis.
1210 1550 1250 1580 2⁰
1277 1542 1371 1581 Cum
1404 1545 1450 1583 de
1484 1546 1556 1584 hoc
1587 1548 1778 1597 posteriori

962 1608 1227 1646 miraculorum
1256 1622 1387 1661 genere
1421 1623 1541 1648 sermo
1573 1619 1653 1661 est,
1688 1625 1778 1650 con-

962 1680 1056 1711 stare
1088 1682 1262 1724 praeterea
1298 1675 1407 1713 debet
1438 1676 1484 1714 de
1519 1684 1660 1728 septem
1686 1690 1775 1716 con-

961 1739 1191 1777 currentibus
1220 1740 1265 1778 ad
1294 1754 1376 1778 vere
1407 1748 1443 1779 et
1469 1744 1614 1793 proprie
1634 1743 1776 1783 dictum

961 1803 1504 1856 miraculumconstituendum3
1521 1807 1622 1859 quod
1638 1808 1776 1848 scilicet

959 1869 1110 1907 morbus
1133 1872 1182 1907 sit
1204 1873 1343 1921 gravis,
1372 1872 1431 1909 vel
1453 1872 1691 1923 impossibilis
1716 1873 1775 1912 vel

959 1943 1088 1973 curatu
1102 1935 1284 1983 difficilis3
1310 1937 1410 1988 quod
1428 1937 1579 1977 morbus
1595 1967 1606 1985 ‚
1631 1939 1696 1991 qui
1710 1938 1777 1978 de-

959 2000 1133 2051 pellitur,
1152 2016 1229 2040 non
1250 2001 1297 2040 sit
1322 2005 1361 2040 in
1377 2003 1507 2042 ultima
1522 2013 1627 2056 parte
1640 2013 1772 2056 status,

957 2066 1007 2103 ita
1020 2070 1062 2103 ut
1072 2067 1169 2105 haud
1184 2068 1300 2105 multo
1310 2076 1390 2118 post
1409 2066 1594 2108 declinare
1608 2070 1739 2109 debeat
1758 2083 1773 2120 ς

959 2131 1058 2182 quod
1097 2132 1200 2170 nulla
1228 2133 1394 2171 adhibita
1433 2134 1571 2172 fuerint
1606 2134 1772 2174 medica—

959 2205 1103 2244 menta,
1134 2198 1193 2237 vel
1216 2228 1227 2245 ,
1257 2200 1286 2237 si
1308 2199 1448 2237 fuerint
1476 2199 1640 2238 adhibita
1657 2229 1668 2248 ‚
1698 2212 1773 2238 cer·

957 2269 1037 2299 tum
1071 2264 1117 2301 sit
1152 2278 1194 2302 ea
1228 2266 1383 2302 minime
1417 2265 1625 2316 profuisse3
1669 2265 1771 2317 quod

957 2329 1093 2365 sanatio
1127 2329 1247 2367 subita
1278 2330 1323 2366 sit
1364 2336 1478 2381 atque
1507 2332 1770 2382 instantanea3

944 2394 1056 2446 ⁶quod
1076 2397 1219 2432 sanatio
1242 2397 1287 2433 sit
1318 2396 1476 2446 perfecta
1489 2425 1500 2443 ,
1529 2411 1605 2435 non
1637 2409 1770 2436 manca

955 2458 1013 2496 vel
1029 2461 1173 2497 concisa
1196 2473 1206 2508 3
1244 2459 1345 2512 quod
1377 2459 1480 2498 nulla
1503 2469 1629 2499 notatu
1659 2461 1770 2513 digna

955 2524 1060 2562 crisis
1088 2525 1269 2576 praecedat
1298 2524 1524 2577 temporibus
1564 2526 1701 2565 debitis
1732 2534 1770 2565 et

954 2601 1039 2626 cum
1070 2602 1180 2629 causa
1209 2606 1219 2636 ;
1251 2599 1435 2642 postremo
1463 2591 1564 2644 quod
1603 2590 1769 2630 sublatus

954 2653 1105 2693 morbus
1121 2670 1198 2694 non
1221 2656 1355 2695 redeat.
1374 2657 1417 2694 3⁰
1438 2656 1489 2695 Ut
1510 2671 1595 2696 vero
1615 2664 1697 2695 tuto
1721 2656 1769 2696 de

954 2720 998 2756 iis
1011 2728 1173 2759 constare
1183 2723 1309 2773 possit,
1331 2727 1461 2773 praeter
1474 2729 1596 2771 testes,
1616 2722 1663 2761 de
1682 2723 1768 2774 qui-

953 2783 1023 2822 bus
1052 2784 1217 2825 diximus
1246 2814 1259 2835 ,
1294 2786 1553 2826 adsciscuntur
1589 2803 1609 2826 a
1645 2792 1766 2826 causae

952 2849 1233 2901 postulatoribus
1256 2852 1388 2890 medici
1411 2882 1422 2900 ‚
1450 2850 1760 2905 pharmacopolae,

953 2914 1110 2969 chirurgi
1130 2946 1141 2964 ,
1167 2926 1235 2956 etc.
1259 2919 1284 2956 ii
1311 2919 1488 2957 nimirum
1511 2932 1640 2958 omnes
1671 2917 1736 2968 qui
1752 2945 1762 2963 ‚

951 2993 1079 3020 curam
1114 2986 1235 3035 aegroti
1273 2993 1537 3036 susceperunt3
1575 2982 1631 3022 his
1665 2982 1787 3035 adjir
