2028 3354
202 198 264 245 24

683 213 833 244 TRAc‘r.
871 214 923 243 DE
959 215 1076 247 tocts
1107 215 1405 249 THEOLOGIGIS.

202 336 377 395 spectat
394 328 454 376 ad
475 318 707 389 evangelia
731 324 905 390 reliqua
919 362 934 388 ‚
964 329 1200 393 supposita
1217 330 1330 378 reali
1346 330 1517 378 Christi
1536 330 1742 379 historici
1764 333 1876 380 exis·

205 404 370 466 tentia,
390 402 522 451 reddi
546 400 663 447 ratio
692 400 751 447 de
772 400 862 446 illis
883 411 1063 465 potest;
1084 403 1165 450 illa
1187 404 1367 454 sublata
1384 443 1396 466 ‚
1420 424 1661 471 nunquam
1678 408 1877 472 confingi

201 486 469 545 potuerunt.
498 477 583 524 Res
597 477 726 523 enim
741 511 752 535 7
772 493 876 541 quae
890 476 939 522 in
951 476 1061 541 ipsis
1078 478 1342 528 referuntur
1355 520 1368 543 ‚
1384 481 1496 530 tales
1509 492 1643 543 sunt,
1660 492 1711 529 ut
1730 483 1876 548 liquet

202 574 259 603 ex
279 552 577 618 responsione
601 551 661 599 ad
688 554 750 598 1¹1¹
778 552 1127 613 difficultatem,
1151 556 1402 619 quaelnullo
1421 557 1562 606 modo
1585 575 1611 604 a
1631 558 1759 606 fonte
1779 576 1876 623 my-

203 630 323 677 thico
338 666 351 689 ,
374 630 490 677 sicut
508 628 689 694 profani
709 628 921 674 homines
945 629 1202 693 loquuntur
1217 665 1229 689 7
1253 630 1436 694 prodire
1452 635 1722 697 potuissent.
1744 634 1877 692 Quod

198 723 310 754 vero
337 705 547 769 adJ'icitur
573 705 630 752 de
655 703 978 752 traditionibus
1004 705 1141 752 variis
1157 740 1171 764 a
1201 705 1273 751 hae
1298 723 1459 753 omnes
1485 708 1799 771 procedebant
1820 727 1877 756 ex

198 781 406 830 realitate
422 782 525 828 facti
540 817 554 842 ‚
579 790 627 828 et
651 780 819 829 exinde
832 781 1056 844 originem
1074 780 1325 828 duxerunt.
1345 783 1410 828 Ex
1425 783 1721 847 Evangelistis
1739 802 1877 850 porro

200 867 397 923 quatuor
427 857 518 904 duo
542 858 732 904 fuerunt
759 866 898 904 testes
915 856 1106 915 oculati,
1128 856 1374 904 Matthaeus
1390 857 1561 905 scilicet
1582 868 1628 906 et
1645 861 1874 918 Joannes3

197 933 363 998 reliqui
394 950 502 981 vero
525 932 642 993 duo,
673 949 776 998 quae
797 933 1139 979 commentariis
1162 933 1254 979 suis
1281 934 1611 996 consignarunt
1631 933 1689 981 de
1708 935 1880 983 Christi

197 1012 334 1073 gestis
361 1019 408 1056 et
430 1009 655 1067 doctrina,
684 1016 962 1073 acceperunt
979 1007 1037 1054 ab
1063 1009 1116 1054 iis
1135 1044 1147 1066 ,
1163 1011 1252 1072 qui
1272 1011 1336 1055 ab
1351 1012 1493 1056 initio
1513 1012 1610 1072 ipsi
1631 1012 1878 1069 viderunt,

197 1095 242 1132 et
270 1088 494 1132 ministri
514 1088 718 1147 fuerunt
745 1088 978 1131 sermonis
1007 1084 1103 1147 (1),
1134 1093 1187 1130 ut
1214 1084 1421 1148 loquitur
1452 1087 1497 1132 S.
1518 1086 1684 1146 Lucas,
1710 1104 1881 1152 nempe

199 1161 259 1209 ab
288 1161 515 1227 Apostolis
541 1170 621 1208 aut
647 1161 879 1225 discipulis
907 1159 1100 1219 Christi3
1134 1160 1529 1225 quemadmodum
1552 1161 1609 1209 de
1632 1166 1785 1209 Marco
1804 1180 1881 1209 re-

197 1234 354 1286 ferunt
385 1237 601 1285 historica
627 1236 904 1284 documenta
934 1273 946 1294 ‚
992 1237 1147 1300 ipsum
1187 1236 1486 1299 Evangelium
1519 1238 1839 1302 conscripsisse
1863 1273 1877 1294 ,

197 1323 337 1379 prout
357 1315 547 1361 Petrum
569 1313 849 1361 referentem
872 1312 1080 1361 audierat
1104 1310 1191 1376 (2).
1222 1311 1350 1359 Nulli
1369 1312 1507 1376 igitur
1533 1312 1878 1378 amplificationi

198 1389 323 1438 locus
353 1407 451 1438 esse
471 1398 653 1454 poterat
674 1390 723 1436 in
749 1388 972 1450 ejusmodi
994 1388 1260 1436 traditione.

196 1526 289 1558 cette
324 1519 429 1568 idea,
454 1526 490 1557 et
510 1519 758 1571 transformer
780 1526 872 1557 cette
900 1520 1003 1572 affir-

198 1586 348 1623 mation
371 1598 491 1636 voque
516 1598 563 1623 en
589 1597 665 1622 une
691 1584 889 1636 ltypolhese
907 1583 1003 1623 bril-

198 1649 325 1698 lame,
345 1651 568 1701 inqenieuse
594 1656 628 1687 et
653 1649 832 1688 decisivo.
858 1648 917 1686 Ils
941 1656 1005 1687 ont

198 1716 357 1753 aneanti
379 1716 473 1753 d'un
498 1715 589 1753 trait
613 1714 658 1751 de
671 1713 803 1767 plume
839 1713 890 1751 les
910 1716 1003 1752 crois

190 1785 378 1833 premiere
391 1779 580 1830 evanqiles
593 1809 605 1826 ‚
629 1779 732 1817 ecles
755 1786 818 1816 ont
838 1778 1001 1830 rempla-

197 1849 257 1884 ces
274 1859 352 1898 par
371 1859 427 1884 un
453 1844 625 1896 evanqz'le
643 1845 842 1897 primitis,
873 1856 1002 1882 source

195 1923 393 1949 commune
422 1911 520 1948 mais
546 1913 695 1961 (φωνὰς
718 1910 762 1946 (16
790 1917 872 1948 tous
906 1922 1002 1947 ceum

194 1989 266 2028 que
289 1989 384 2013 nous
417 1976 633 2028 possedon-⁹.
662 1974 912 2027 Supposition
942 1973 1001 2011 bi·

195 2055 308 2081 zarre
326 2071 338 2092 ,
376 2043 467 2093 qui,
507 2041 713 2080 concredita
728 2054 807 2093 par
838 2048 921 2079 tous
949 2040 1002 2078 les

196 2108 449 2159 temoiqnaqes
477 2105 702 2158 historiques
718 2135 728 2152 ‚
749 2118 826 2157 par
843 2113 926 2143 tous
950 2104 1001 2142 les

195 2172 349 2212 crinem
364 2173 533 2210 interme
553 2200 564 2217 ‚
596 2169 898 2209 non-seulement
917 2183 1002 2207 ren-

195 2250 298 2276 verse
324 2236 596 2276 l'uuthenticite
613 2264 626 2284 ,
664 2235 703 2274 la
734 2234 897 2274 divinite
916 2265 926 2282 ‚
965 2234 1001 2273 la

196 2303 358 2342 veracite
384 2302 524 2347 denos
557 2300 749 2353 evanqiles
764 2312 782 2349 ‚-
811 2300 912 2338 mais
947 2307 1000 2338 est

196 2368 404 2409 combatcue
422 2381 500 2420 par
527 2374 648 2408 tomes
678 2367 728 2405 les
753 2365 869 2418 reqlee
895 2364 941 2404 de
961 2365 1000 2405 Ia

195 2433 378 2484 critique,
413 2440 448 2471 et
486 2446 535 2471 ne
566 2439 658 2485 peut
690 2443 858 2483 prouver
892 2436 1000 2468 autre

196 2497 303 2536 chose
320 2510 390 2548 que
412 2497 598 2537 l'extreme
618 2495 781 2535 hahileee
805 2495 869 2533 des
894 2494 999 2534 hom-

197 2576 274 2600 mes
299 2562 368 2615 qui
380 2589 394 2612 ,
414 2562 437 2600 ὰ
447 2563 551 2613 force
573 2562 726 2613 d'esprit
746 2567 781 2598 et
802 2560 847 2598 (16
866 2560 996 2609 talem,

196 2629 351 2666 avaient
376 2628 497 2664 reussi
525 2628 549 2665 ὰ
583 2639 629 2664 en
657 2626 759 2676 faire
785 2639 858 2663 une
881 2624 998 2678 hypo-

195 2695 293 2733 these
327 2696 529 2746 speciense.
565 2692 805 2745 N'importe;
829 2697 998 2744 attaques

197 2774 284 2799 aveo
310 2766 409 2798 toute
428 2759 465 2797 la
481 2758 583 2810 force
605 2758 649 2796 de
674 2758 711 2796 la
732 2759 877 2796 soience
905 2758 998 2796 etde

196 2826 235 2864 la
258 2811 374 2864 66νὶιὲ
389 2854 399 2872 ,
427 2823 564 2874 oblt'qes
596 2836 685 2861 sam
710 2835 807 2861 cesae
834 2821 997 2860 d’aban-

196 2891 342 2928 donner
358 2888 511 2941 quelque
529 2889 658 2941 partie
682 2888 813 2926 ruinae
845 2887 892 2925 de
916 2887 1000 2927 leur

197 2955 326 3006 edifica
338 2982 350 3005 ‚
369 2968 425 2992 sea
445 2960 598 2992 auteurs
613 2983 622 3001 ‚
639 2958 832 2991 entassant
853 2954 999 3004 conjec-

1072 1532 1121 1557 en
1147 1531 1360 1571 apparence
1390 1519 1545 1570 quelque
1575 1519 1699 1558 ambre
1724 1519 1770 1557 de
1791 1519 1879 1557 soli-

1071 1584 1165 1622 dite.
1196 1582 1301 1621 Mais
1320 1582 1413 1634 Huq
1429 1583 1604 1635 l’attaque
1624 1584 1720 1621 dans
1738 1584 1879 1636 leesor-

1072 1661 1170 1696 mes,
1216 1656 1251 1687 et
1289 1648 1349 1686 lui
1365 1656 1477 1699 porte
1514 1648 1548 1686 16
1576 1662 1672 1701 coup
1704 1649 1851 1700 decisis
1860 1665 1876 1698 ;

1070 1715 1312 1752 maimenant
1331 1712 1363 1750 il
1374 1714 1468 1751 ‘n'est
1482 1713 1573 1765 plue
1587 1716 1737 1765 permis
1756 1715 1873 1754 meme

1070 1778 1114 1815 de
1142 1777 1273 1817 deuter
1288 1791 1357 1815 sur
1373 1784 1462 1816 cette
1487 1780 1673 1829 question.
1704 1779 1802 1816 Talis
1824 1788 1876 1818 est

1069 1845 1172 1895 origo
1194 1851 1231 1882 et
1248 1844 1363 1881 exitus
1379 1840 1492 1895 hujus
1517 1843 1695 1894 evangelii
1714 1846 1872 1884 aramaei.

1069 1907 1244 1947 Attamen
1259 1907 1419 1946 Kuinoel
1436 1935 1447 1954 ‚
1465 1906 1723 1959 Wegscheider
1739 1909 1875 1961 aliique

1068 1974 1201 2025 passim
1224 1974 1315 2011 mira
1342 1975 1531 2011 securitate
1556 1974 1623 2025 ipsi
1647 1975 1872 2013 innituntur.

1122 2037 1179 2090 (l)
1209 2039 1302 2077 Luc.
1330 2053 1342 2077 1
1361 2067 1373 2089 ‚
1399 2050 1434 2077 2.

1124 2105 1173 2156 (Ξ)
1204 2106 1246 2144 Id
1274 2108 1372 2144 enim
1402 2113 1580 2143 testantur
1615 2105 1747 2155 Papias
1777 2105 1872 2154 apud

1069 2171 1286 2211 Euseb.lih.
1301 2185 1357 2220 ιιι,
1373 2184 1454 2222 cap.
1470 2170 1558 2218 ult.;
1573 2170 1745 2208 Clemens
1763 2168 1871 2209 Alex.

1067 2238 1107 2274 in
1147 2235 1336 2287 deperdito
1383 2235 1689 2288 hypothyposeon
1729 2247 1837 2285 opere
1856 2264 1866 2281 ‚

1068 2300 1165 2352 apud
1179 2300 1316 2340 Euseb.
1332 2301 1401 2339 lib.
1413 2313 1467 2347 11,
1484 2313 1568 2351 cap.
1588 2297 1635 2337 15
1653 2326 1668 2347 ‚
1685 2306 1720 2337 et
1732 2299 1801 2337 lib.
1813 2311 1870 2347 vr,

1068 2380 1150 2418 cap.
1177 2366 1223 2404 13
1245 2373 1280 2404 et
1308 2364 1354 2415 14
1371 2379 1382 2413 3
1406 2364 1541 2404 Auctor
1565 2366 1693 2403 veteris
1714 2366 1754 2403 in
1776 2364 1871 2403 Petri

1067 2432 1220 2483 priorem
1232 2429 1420 2482 epistolam
1430 2431 1681 2469 commentarii
1690 2429 1870 2468 Clementi

1067 2493 1495 2546 Alex.tributi(Biblioth.
1509 2493 1863 2540 maximaPatrum,

1067 2568 1156 2598 tom.
1172 2561 1236 2609 11);
1260 2559 1535 2612 Hieronymus,
1560 2558 1618 2598 De
1646 2559 1744 2596 viria
1762 2552 1869 2595 illus-

1063 2623 1200 2673 tribus,
1224 2626 1263 2662 in
1284 2624 1474 2674 Marcum
1498 2617 1681 2671 Irenaeus',
1702 2622 1769 2660 lib.
1792 2634 1833 2660 111
1854 2653 1864 2669 ‚

1066 2703 1148 2740 cap.
1177 2703 1190 2727 1
1213 2703 1223 2740 3
1250 2688 1510 2729 Tertullianus.
1537 2688 1646 2727 Com.
1672 2684 1865 2727 Marcion.

1065 2755 1133 2792 lib.
1155 2768 1190 2793 lv
1205 2753 1251 2807 ,ᾗ
1269 2754 1305 2802 33
1328 2754 1516 2805 Origenes,
1540 2752 1637 2804 apud
1651 2749 1867 2802 Eusebium,

1065 2819 1132 2858 lib.
1150 2834 1200 2868 vt,
1214 2835 1296 2873 cap.
1313 2820 1379 2870 253
1393 2820 1633 2872 Epiphanius,
1651 2817 1801 2856 Haeres.
1816 2831 1866 2867 tx,

1063 2885 1139 2939 §63
1158 2882 1585 2939 ChrysostomuS‚Hom.
1598 2897 1677 2932 xxx,
1692 2885 1736 2922 in
1749 2882 1866 2934 Acta3

1064 2949 1294 3003 Augustinus
1321 2950 1384 2990 De
1413 2962 1599 2988 consensu
1627 2947 1864 3000 Evanqelist.

195 3028 276 3059 ture
303 3034 370 3059 sur
390 3021 600 3073 conjecture
617 3049 627 3067 ‚
656 3018 714 3057 lui
738 3020 994 3057 coneervaiem
1056 3016 1126 3057 lib.
1167 3030 1204 3066 1,
1240 3029 1322 3068 cap.
1351 3028 1399 3062 2,
1433 3023 1468 3055 et
1497 3013 1564 3053 lib.
1602 3026 1696 3062 xm,
1724 3013 1865 3053 Contra
