2028 3354
185 222 247 273 58
658 241 812 272 rmor-
850 241 904 271 ΒΕ
939 242 1059 273 Locis
1094 244 1393 277 rnnotocicis.

186 374 281 405 non
309 374 334 404 a
359 356 521 405 mundi
545 353 831 421 principibus
847 391 861 416 ,
890 354 971 403 sed
998 373 1025 404 a
1053 357 1235 407 Christo
1257 361 1353 409 sive
1375 378 1401 408 a
1424 362 1520 408 Deo
1548 361 1590 408 ei
1611 360 1749 409 fuisse
1772 362 1860 408 tri-

184 431 345 481 butam
367 433 455 497 (1).

251 508 361 556 103.
398 509 464 554 Ex
487 506 561 554 his
594 524 692 554 non
711 506 859 554 solum
883 507 1087 555 eruimus
1115 507 1335 558 adversus
1353 513 1668 560 Protestantes
1687 548 1699 571 ,
1724 511 1862 559 Chri-

186 593 309 632 stum
335 582 551 631 fidelibus
574 583 804 631 universis
826 583 1012 630 nullum
1034 583 1350 632 Sacerdotium
1368 589 1551 653 proprie
1564 588 1739 635 dictum
1759 604 1865 635 con-

182 660 366 720 tulisse,
399 676 485 708 nec
510 659 706 725 proinde
731 668 1010 725 potestatem
1029 659 1181 707 eidem
1200 660 1429 708 adnexam
1445 698 1458 721 a
1487 672 1541 710 ut
1566 665 1655 712 fert
1675 662 1863 710 illorum

180 735 463 802 principium
488 735 839 784 fundamentale
871 736 930 783 ad
965 735 1267 784 evertendam
1295 737 1649 787 ecclesiasticam
1685 739 1863 787 hierar-

181 812 333 859 chiam
349 849 362 872 ,
392 820 438 859 et
460 810 806 860 distinctionem
835 811 1057 861 divinitus
1078 811 1318 860 inductam
1347 814 1470 861 inter
1495 813 1678 862 clericos
1709 823 1755 863 et
1777 815 1863 862 lai·

181 905 281 948 eos3
303 888 385 936 sed
401 897 623 954 praeterea
641 888 896 953 colligimus
918 889 1139 938 adversus
1153 888 1469 949 Richerianos7
1485 907 1637 956 neque
1659 891 1862 939 mediate
1919 888 1925 891 ”

177 982 332 1030 neque
354 966 621 1013 immediate
639 965 877 1014 Christum
895 964 1142 1012 contulisse
1162 965 1343 1030 corpori
1360 964 1569 1013 fidelium
1585 976 1864 1031 potestatem

179 1041 380 1090 clavium
401 1077 413 1101 ,
440 1049 493 1088 ut
511 1058 615 1090 eam
636 1041 809 1088 deinde
827 1041 1227 1088 communicarent
1241 1041 1337 1089 sive
1355 1043 1489 1089 Rom.
1516 1042 1744 1102 Pontifici,
1770 1042 1866 1089 sive

178 1118 415 1184 Episcopis
448 1128 529 1165 aut
560 1116 872 1181 Presbyteri83
907 1133 959 1163 ac
987 1117 1188 1182 denique
1215 1117 1438 1166 adversus
1462 1118 1764 1166 Pistorienses
1790 1118 1866 1165 in-

176 1194 369 1243 ferimus
386 1232 399 1255 ,
425 1196 523 1243 sive
555 1195 753 1243 Romani
775 1194 1006 1242 Pontificis
1026 1230 1038 1255 ‚
1070 1194 1166 1243 sive
1189 1195 1518 1259 Episcoporum
1542 1194 1864 1241 auctoritatem

176 1289 273 1318 non
299 1274 665 1319 ministerialem
691 1270 1018 1318 tantummodo
1045 1287 1142 1318 esse
1159 1306 1172 1326 ,
1207 1287 1262 1318 eo
1290 1269 1505 1318 videlicet
1535 1287 1673 1317 sensu
1689 1305 1701 1328 .,
1740 1269 1865 1334 quod

178 1346 354 1413 absque
368 1348 537 1396 idonea
554 1356 785 1413 potestate
809 1346 899 1394 illis
917 1364 942 1393 a
966 1355 1090 1394 coetu
1108 1345 1313 1394 fidelium
1334 1346 1673 1393 communicata
1689 1362 1862 1392 munus

176 1423 263 1470 sibi
292 1424 516 1474 divinitus
546 1426 845 1472 commissum
873 1440 1084 1471 exercere
1115 1432 1368 1488 nequeant.
1401 1425 1511 1471 Hoec
1540 1424 1667 1470 enim
1704 1422 1861 1469 omnia

176 1499 326 1547 aliena
360 1509 471 1547 sunt
504 1518 530 1547 a
553 1500 725 1547 Christi
754 1509 913 1548 mente
939 1500 992 1546 in
1016 1498 1221 1546 Ecclesiae
1248 1515 1340 1546 suae
1374 1500 1704 1547 constitutione
1733 1508 1866 1563 pate-

175 1576 294 1624 facta
311 1612 324 1637 2
350 1593 437 1624 neo
451 1575 641 1624 illorum
658 1574 811 1623 ullum
828 1576 1025 1622 occurrit
1039 1575 1089 1620 in
1103 1583 1200 1621 tota
1220 1575 1498 1639 antiquitate
1520 1575 1764 1638 vestigium
1775 1571 1864 1638 (2)

821 1672 1211 1706 DIFFICULTATES.

244 1752 353 1801 104.
392 1752 502 1815 Obj.
543 1753 709 1818 prima.
747 1752 793 1798 Si
831 1750 1135 1798 Ecclesiarum
1175 1749 1394 1815 praesides
1427 1766 1479 1797 ac
1517 1750 1720 1797 ministri
1759 1759 1860 1797 tum

176 1829 335 1879 divina
356 1829 652 1876 institutione
683 1837 785 1875 tum
814 1826 1038 1876 divinitus
1065 1834 1247 1890 accepta
1270 1834 1498 1890 potestate
1516 1835 1702 1885 carent,
1730 1827 1860 1874 nulla

174 1906 379 1971 profecto
415 1904 572 1952 existit
608 1903 909 1951 ecclesiastica
947 1901 1204 1948 hierarchia
1235 1901 1394 1950 divina
1426 1901 1719 1949 ordinatione
1749 1919 1862 1949 con-—

173 1982 335 2028 stituta
352 2017 364 2040 7
391 1998 443 2028 ac
469 1979 630 2028 divino
651 1983 757 2042 jure
773 1996 798 2025 a
816 1978 941 2026 laicis
971 1977 1215 2036 distinct33
1244 1994 1383 2041 porro
1412 1979 1474 2025 ita
1502 1996 1603 2026 rem
1622 1995 1671 2026 se
1689 1978 1862 2027 habere

173 2056 307 2104 facile
341 2054 588 2105 evincitur.
632 2056 683 2102 1⁰
709 2055 771 2102 Ac
806 2054 958 2120 primo
991 2053 1180 2117 quidem
1215 2052 1340 2117 quod
1368 2054 1535 2101 attinet
1564 2053 1623 2101 ad
1652 2053 1862 2102 divinam

175 2132 549 2188 institutionemg
583 2148 694 2178 nam
709 2165 723 2190 ‚
744 2147 848 2195 quae
865 2139 975 2176 sunt
995 2128 1218 2177 divinitus
1237 2129 1467 2189 instituta,
1495 2146 1547 2177 ea
1571 2129 1779 2194 pendere
1802 2129 1861 2176 ab

171 2207 379 2256 humana
405 2207 677 2255 auctoritate
702 2205 968 2253 nullatenus
992 2213 1210 2270 possunt3
1229 2208 1327 2266 jam
1350 2220 1461 2252 vero
1492 2222 1547 2251 ex
1574 2204 1735 2269 populi
1763 2205 1860 2251 suf-

173 2284 317 2347 fragio
348 2283 554 2349 pendere
589 2282 909 2330 ministrorum
942 2280 1217 2328 electionem
1238 2316 1250 2339 7
1275 2279 1563 2328 luculentum
1589 2279 1860 2345 exemplum

172 2360 398 2408 exhibent
417 2361 528 2407 Acta
544 2357 794 2424 apostolica
810 2357 907 2405 sive
924 2357 972 2403 in
991 2356 1213 2404 electione
1226 2355 1446 2404 Barnabae
1469 2374 1521 2403 ac
1542 2356 1749 2404 Matthiae
1767 2356 1858 2421 (3),

172 2436 270 2484 sive
307 2435 357 2481 in
392 2434 616 2483 electione
656 2443 837 2498 septem
881 2432 1189 2480 Diaconorum
1228 2432 1329 2496 (4);
1371 2432 1594 2480 exhibent
1626 2432 1856 2492 Concilia‚

171 2576 240 2615 hoc
249 2582 317 2623 est,
330 2574 555 2624 laico‚..sed
567 2577 651 2614 Deo
660 2573 746 2614 soli.
759 2573 862 2612 Nam
874 2588 984 2628 opor·
1050 2574 1321 2623 raddrizzatffi
1353 2576 1453 2613 ossia
1477 2588 1601 2614 esame
1633 2574 1807 2627 teoloqioo
1837 2587 1857 2612 e

170 2649 221 2680 tet
230 2648 265 2679 te
274 2640 458 2692 subjectos
473 2653 598 2693 reqere
614 2669 625 2688 ,
640 2653 719 2678 non
736 2639 785 2678 ab
807 2641 862 2678 iis
878 2642 985 2693 re9i3
1049 2640 1232 2679 canonico
1257 2640 1301 2678 di
1326 2646 1423 2678 certe
1446 2654 1571 2680 nuova
1600 2640 1762 2679 doctrine
1792 2640 1856 2676 in—

170 2720 258 2745 cum
273 2719 342 2744 nec
357 2704 466 2757 filius
479 2707 639 2759 imperet
647 2706 757 2759 patri
774 2706 984 2744 secundum
1047 2714 1158 2747 torno
1179 2705 1217 2744 la
1232 2706 1380 2758 potest&
1407 2708 1620 2745 costretciva
1638 2703 1734 2750 della
1752 2703 1855 2743 chie-

169 2772 356 2811 rationem
377 2778 503 2818 ortus,
532 2779 602 2810 etc.
1047 2784 1117 2820 sa,
1148 2779 1220 2811 etc.
1258 2770 1409 2824 Foligno
1443 2768 1562 2825 1794.
1588 2770 1704 2824 Cujus
1730 2778 1857 2809 auctor

225 2836 277 2890 (1)
319 2836 397 2875 Cfr.
430 2836 569 2875 Petnvii
618 2835 681 2875 De
724 2835 982 2875 ecclesiastica
1047 2837 1207 2876 creditur
1230 2837 1415 2876 zaccaria.

170 2901 405 2941 hierarchia.
441 2902 530 2941 libri
557 2904 724 2956 quinque
741 2930 752 2947 ,
776 2904 975 2954 praesertim
1095 2901 1150 2953 (3)
1184 2901 1270 2942 Act.
1292 2916 1307 2940 1
1325 2931 1336 2950 ,
1364 2900 1433 2940 23.

176 2966 248 3007 lib.
278 2980 322 3017 1,
346 2981 426 3020 cap.
456 2979 480 3005 2
505 2975 542 3007 et
558 2981 664 3021 seqq.
1097 2967 1156 3017 (24)
1178 2967 1275 3007 Ibid.
1300 2978 1362 3014 vt,
1391 2962 1478 3003 3-5.

225 3031 276 3084 (2)
304 3032 385 3073 Cfr.
411 3046 502 3087 opus
518 3062 530 3083 ‚
544 3035 604 3073 oui
624 3034 678 3072 iit.
699 3031 748 3073 le
766 3037 878 3072 stone
897 3032 979 3071 idae
