2028 3354
1726 194 1787 241 65

394 204 524 237 PART.
560 208 591 236 1.
630 205 724 238 CAP.
763 207 813 236 11.
852 207 905 235 DE
940 206 1116 238 CHRISTI
1150 208 1271 238 ECCL.
1309 208 1508 241 CONSTIT.

111 320 488 369 commemoravit
525 318 731 367 Ecclesiae
758 322 1101 383 praefecturam
1133 320 1237 384 (l);
1269 321 1488 369 Eusebius
1526 323 1699 388 pariter
1738 335 1786 373 et

110 394 456 459 Chrysostomus
469 394 710 459 Episcopos
724 396 893 459 passim
913 404 1080 442 vocant
1094 395 1395 444 Ecclesiarum
1411 399 1662 447 archontas
1675 401 1774 464 (2);

111 470 243 516 latini
267 479 422 517 autem
440 471 598 517 Patres
621 470 759 534 vulgo
780 471 1023 534 Episcopos
1042 470 1260 517 dixerunt
1284 473 1507 521 Ecclesioe
1520 477 1787 536 prce-siden-

111 554 174 592 tes
184 580 202 602 ,
214 548 462 608 principes
478 552 616 609 atque
630 548 904 609 proepositos
924 545 1011 607 (3).
1033 547 1279 608 Propterea
1299 562 1404 593 cum
1424 547 1562 595 citato
1585 551 1783 613 Origene

112 620 425 667 concludimus
463 639 473 666 :
510 622 700 667 Paulus
736 621 1066 668 Ecclesiae-am
1096 621 1359 666 rectoribus
1397 630 1441 667 et
1470 627 1788 688 principibus

110 697 344 758 loquitur,
363 697 438 743 his
460 697 699 753 videlicet,
722 699 811 758 qui
815 695 1054 756 judicant
1079 709 1150 738 eos
1160 726 1179 749 ,
1203 697 1295 756 qui
1313 699 1446 743 intus
1464 707 1601 756 sunt,
1627 702 1685 747 id
1696 710 1786 759 est,

110 772 384 836 Episcopz's‚
411 772 706 835 Presbyter-is
729 778 773 815 et
797 770 1028 815 Diaconis
1055 767 1145 832 (4).

178 848 286 894 111.
327 848 394 894 Ad
418 846 508 905 5¹1¹,
535 849 659 893 Dist.
686 844 847 890 Mirata
872 851 941 889 est
960 843 1206 891 Germania
1241 853 1502 910 protestans
1525 857 1571 895 et
1596 849 1786 914 quidem

110 923 341 970 immerito
358 958 369 979 ,
409 938 532 968 conc.
543 936 561 973 ;
595 918 814 965 catholica
828 953 840 977 ,
884 936 988 982 ney-
1036 918 1158 977 Quid
1193 921 1321 968 enim
1356 922 1512 970 mirati
1548 942 1645 971 non
1678 936 1790 976 sunt

110 997 453 1045 Protestantes?
478 996 613 1041 Porro
627 994 852 1041 Catholici
874 994 1032 1040 mirari
1047 1012 1143 1040 non
1164 1006 1420 1061 potuerunt
1437 1035 1451 1059 ,
1473 1017 1499 1046 a
1516 1001 1788 1051 Tridentina

112 1073 293 1136 Synodo
331 1087 485 1119 vocem
512 1079 826 1117 consecratam
858 1070 996 1116 fuisse
1032 1071 1242 1120 omnium
1268 1077 1368 1136 jam
1396 1091 1611 1124 sermone
1628 1079 1788 1128 tritam

111 1164 161 1194 ac
178 1155 454 1194 novatorum
476 1146 622 1192 errori
646 1145 954 1193 confodiendo
974 1146 1263 1210 aptissimam
1278 1184 1291 1208 ‚
1318 1166 1510 1215 quaeque
1529 1169 1631 1200 rem
1655 1155 1792 1218 signi-

109 1222 212 1269 ficat
233 1221 410 1268 biblicis
431 1238 483 1267 ac
505 1221 877 1268 traditionalibus
909 1220 1197 1269 documentis
1225 1225 1460 1273 firmatam
1484 1227 1572 1290 (5).

177 1297 283 1343 112.
314 1297 384 1343 Ad
404 1297 469 1342 6ΠΙ
485 1333 498 1355 ‚
518 1297 641 1361 Ney.
665 1298 837 1362 Saepius
851 1297 977 1344 enim
994 1300 1094 1359 jam
1115 1299 1531 1349 animadvertimus
1546 1340 1559 1361 ,
1590 1305 1793 1354 ecclesia-

100 1370 270 1419 sticam
294 1372 600 1420 hierarchiam
624 1390 704 1420 seu
729 1381 1007 1438 potestatem
1027 1373 1086 1420 ad
1103 1391 1175 1421 res
1197 1374 1379 1424 divinas
1402 1386 1542 1443 atque
1564 1380 1791 1443 coelestes,

108 1448 291 1496 civilem
324 1467 434 1496 vero
459 1449 520 1496 ad
547 1448 775 1496 humanas
807 1449 969 1496 referri
999 1457 1138 1514 atque
1169 1460 1409 1511 terrenas3
1438 1454 1558 1501 nihil
1589 1457 1789 1519 proinde

108 1541 206 1572 csse
240 1525 362 1573 civili
398 1523 664 1589 reipublicae
691 1524 1040 1572 formidandum
1077 1524 1136 1571 ab
1167 1525 1465 1574 ecclesiastica
1496 1529 1753 1579 hierarchia
1772 1568 1785 1592 ‚

110 1616 195 1646 nec
217 1599 360 1646 ullam
377 1600 473 1647 fore
495 1599 924 1664 perturbationem,
957 1600 994 1646 si
1016 1600 1108 1646 suis
1127 1617 1322 1666 quaeque
1349 1602 1520 1651 finibus
1539 1607 1789 1654 continea—

111 1685 201 1722 tur.
229 1677 334 1722 Jam
356 1692 464 1722 vero
484 1675 779 1739 exploratum
798 1684 881 1736 est,
900 1693 1081 1722 summa
1099 1675 1246 1723 divini
1264 1678 1476 1725 Numinis
1494 1681 1790 1744 providentia

107 1750 288 1798 duobus
312 1753 512 1800 maxime
530 1751 749 1816 praesidiis
767 1752 1040 1799 instructam
1063 1768 1160 1799 esse
1179 1752 1372 1801 humani
1394 1755 1573 1818 generis
1591 1757 1788 1806 societa-

110 1926 280 1966 Ecclesiae
293 1958 303 1976 ,
319 1936 427 1980 atque
452 1929 633 1967 diversam
659 1930 838 1967 rationem
858 1941 921 1980 pa-

111 1994 257 2041 tefacit,
282 2008 393 2046 quam
431 1994 485 2032 illi
518 2002 642 2033 tenent
670 1997 709 2033 in
744 1996 920 2047 regimine

78 2097 87 2108 ‚
107 2059 208 2097 civili
220 2067 254 2097 et
272 2059 531 2098 ecclesiastico.

164 2124 218 2175 (l)
238 2122 295 2163 De
308 2123 529 2163 SacerdOtio
542 2154 553 2169 ,
569 2124 637 2166 lib.
660 2137 727 2174 ιιι,
745 2139 826 2177 cap.
853 2123 917 2174 15,

112 2203 243 2229 vocans
296 2192 543 2242 episcopatum
586 2188 736 2239 δυνάμι,
761 2218 772 2236 ,
828 2190 917 2229 edit.

115 2252 231 2295 Maur.
254 2269 340 2307 opp.
362 2263 450 2294 tom.
481 2269 494 2293 1
519 2284 530 2303 ,
555 2269 639 2307 pag.
664 2255 756 2308 393.

172 2319 223 2370 (ἢ)
251 2321 388 2360 Euseh.
404 2320 511 2361 Hist.
529 2319 617 2359 eccl.
634 2320 701 2358 lib.
721 2335 759 2366 ι,
774 2332 856 2370 cap.
873 2318 913 2369 4,

118 2388 158 2424 in
171 2385 521 2439 Orat.paneqyrica
533 2385 578 2424 de
594 2386 849 2435 (edificatione
859 2397 917 2422 ec-

116 2451 319 2490 clesiarum
335 2480 346 2498 ‚
385 2452 472 2490 edit.
519 2450 733 2504 Cantabrig.
782 2462 882 2501 1720
902 2479 914 2496 ,

116 2530 201 2570 pag.
226 2516 331 2568 4793
352 2514 628 2567 Chrysostomus
650 2517 722 2555 loe.
745 2517 808 2554 cit.

171 2583 228 2637 (3)
251 2581 406 2620 Tertull.
428 2581 495 2620 lib.
529 2580 592 2619 De
610 2583 739 2633 jejun.
766 2580 912 2618 advers.

118 2647 325 2701 Psychicos
342 2677 351 2694 ‚
378 2659 459 2697 cap.
487 2643 550 2694 14,
579 2645 775 2696 Episcopos
808 2651 915 2682 vocat

109 2715 332 2769 praepositos
349 2726 361 2763 3
385 2715 473 2751 item
488 2710 688 2762 Cyprianus
702 2739 712 2758 ‚
733 2707 915 2761 Epiocolis

117 2795 155 2820 ιν
167 2811 178 2830 ,
194 2795 232 2828 ι,
259 2793 341 2826 ιιι,
357 2785 393 2817 et
405 2777 493 2816 alibi
512 2778 646 2828 passim
660 2791 670 2822 3
682 2782 718 2813 et
731 2773 860 2826 Epist.
871 2786 914 2811 tv

119 2846 372 2898 Episcopatum
382 2845 548 2882 nominat
558 2840 805 2881 sacerdotium
812 2841 919 2891 prin·

117 2924 202 2964 ceps
216 2924 233 2960 ‚·
246 2910 286 2950 S.
298 2910 472 2948 Hilarius.
491 2907 701 2947 Comment.
719 2907 763 2944 in
775 2902 916 2944 Malta.

118 2991 200 3029 cap.
230 2988 279 3027 27
292 3005 303 3024 ‚
323 2990 385 3015 eos
404 2982 596 3027 nuncupat
610 2971 748 3028 populi
763 2972 917 3024 princi-

246 3041 298 3087 T.
335 3040 460 3089 VIII.

978 1941 1060 1980 pes.
1073 1926 1161 1967 Alia
1174 1929 1277 1980 plura
1290 1930 1695 1982 ejusmoditestimonia
1715 1935 1785 1974 cfr.

983 1994 1081 2044 apud
1098 1993 1312 2033 Hallierium
1330 2024 1342 2043 ‚
1367 2009 1431 2047 op.
1456 1997 1518 2034 cit.
1548 1995 1613 2035 De
1636 1997 1788 2037 hierar-

981 2058 1070 2096 chia
1091 2058 1347 2098 ecclesiastica
1362 2090 1373 2107 ‚
1391 2060 1460 2099 lib.
1477 2071 1528 2109 iv,
1548 2075 1630 2114 cap.
1656 2063 1696 2111 3,
1712 2078 1783 2103 nec

981 2138 1058 2162 non
1082 2124 1180 2176 apud
1206 2124 1453 2176 Binghamum
1468 2154 1479 2173 ‚
1501 2125 1687 2177 Oriqines
1704 2130 1785 2168 sive

981 2191 1225 2241 antiquitates
1264 2190 1526 2229 ecclesiastica,
1546 2220 1560 2239 ‚
1604 2192 1671 2231 lib.
1711 2207 1740 2231 ιι
1769 2223 1782 2241 ,

981 2267 1060 2306 cap.
1085 2267 1107 2292 2
1122 2283 1136 2303 ‚
1158 2264 1193 2294 et
1221 2256 1316 2307 apud
1335 2255 1586 2294 Mamachium
1600 2286 1610 2303 ‚
1647 2256 1784 2309 0νίρί-

980 2332 1075 2357 num
1100 2327 1135 2358 et
1160 2322 1340 2371 antiquit.
1366 2319 1570 2359 christian.
1602 2321 1670 2360 lib.
1709 2334 1746 2361 lv
1768 2351 1781 2371 ,

980 2397 1062 2436 cap.
1088 2385 1129 2436 4.

1033 2448 1085 2501 (lo)
1110 2449 1195 2488 Lib.
1212 2462 1241 2487 11
1256 2479 1266 2497 ,
1283 2447 1338 2486 In
1360 2450 1472 2501 epist.
1496 2448 1548 2487 ad
1565 2449 1675 2489 Rom.
1692 2464 1780 2504 opp.

979 2514 1064 2554 edit.
1094 2515 1205 2554 Paris.
1236 2514 1335 2554 1582
1350 2544 1362 2563 ,
1380 2522 1474 2566 part.
1511 2529 1537 2553 ιι
1550 2545 1561 2563 ,
1583 2530 1667 2569 pag.
1685 2517 1779 2569 304.

978 2578 1033 2617 De
1042 2593 1114 2631 quo
1132 2579 1413 2619 Commentario
1426 2581 1469 2616 in
1482 2581 1596 2632 epist.
1608 2582 1660 2619 ad
1670 2583 1778 2622 Rom.

978 2643 1045 2682 cfr.
1065 2643 1218 2683 Huetius
1232 2675 1243 2690 ,
1266 2647 1305 2683 in
1323 2643 1580 2696 *origenianis
1594 2673 1607 2694 ,
1631 2645 1700 2686 lib.
1722 2661 1781 2699 in,

976 2715 1064 2746 sect.
1090 2720 1135 2754 2,
1160 2707 1181 2761 S
1203 2706 1244 2748 8.

1038 2772 1095 2824 (5)
1122 2771 1304 2813 Adversus
1351 2770 1519 2824 Sarpium
1563 2774 1632 2813 cfr.
1670 2774 1781 2816 Card.

984 2837 1221 2885 pallavicini,
1258 2837 1411 2875 latoria
1440 2837 1503 2876 del
1543 2837 1716 2879 Concilio
1739 2840 1784 2878 di

990 2903 1236 2954 Trento‚lih.
1251 2916 1311 2943 ιιι
1327 2932 1337 2952 ,
1360 2915 1441 2954 cap.
1465 2901 1511 2941 13
1525 2901 1571 2955 ,S
1587 2902 1636 2954 14
1653 2912 1777 2958 etseq.

1564 3029 1594 3074 5
