2028 3354
1708 171 1800 220 347

374 186 501 216 PART.
541 188 572 216 1.
608 187 727 216 SECT.
767 186 816 216 11.
856 187 957 217 GAP.
997 188 1030 216 1.
1070 188 1124 217 1)ss
1161 187 1286 218 PETRI
1320 187 1536 217 PRIMATU.

112 279 369 361 potuerunt
408 314 569 346 vocare
603 300 794 345 Petrum
826 300 1028 356 ducem,
1067 308 1216 363 eaput
1230 335 1247 357 ,
1287 303 1643 359 summitatem,
1682 309 1801 360 etc.‚

110 374 337 421 rhetorica
368 374 475 421 licet
501 374 756 433 locutione,
793 385 845 421 ut
868 375 1129 423 adversario
1162 376 1303 423 etiam
1329 376 1416 423 hoc
1443 376 1579 424 detur
1606 377 1695 439 (1).

181 451 294 497 512.
332 450 402 498 Ad
438 451 526 510 3¹¹1,
548 453 674 499 Dist.
706 451 924 499 Videlicet
940 488 952 509 a
974 453 1101 498 nisus
1120 462 1188 499 est
1209 453 1502 499 adversarius
1531 452 1804 514 ostendere,

117 526 244 590 quod
284 542 423 573 nemo
460 526 804 574 Catholicorum
849 529 1062 590 negavit,
1100 533 1421 590 «equalitatem
1442 538 1488 575 et
1529 547 1807 591 supremam

114 602 442 663 Apostolorum
471 606 691 649 omnium
722 612 999 667 potestatem
1029 604 1077 649 in
1106 621 1300 650 munere
1329 604 1605 667 apostolicQ
1643 623 1772 653 eone.
1789 623 1813 661 ;.

115 678 317 724 ostendit
345 679 493 742 reipsa
512 716 524 737 2
559 680 802 743 Apostolos
824 696 985 726 omnes
1014 678 1209 742 aequales
1233 678 1372 725 fuisse
1396 681 1532 726 Petro
1562 681 1648 727 sub
1678 683 1807 729 omni

112 763 323 817 respectu
359 764 406 801 et
426 754 668 814 absolute,
707 772 786 802 seu
817 771 901 818 per
946 753 1260 802 exclusionem
1298 754 1528 819 primatus
1558 757 1640 802 uni
1671 760 1808 805 Petro

113 828 268 876 collati
288 866 300 888 7
341 848 441 894 neq.
481 832 578 878 Hoc
599 831 725 877 enim
755 830 959 894 primatu
993 829 1176 877 sublato
1194 867 1205 889 a
1231 839 1386 878 textus
1415 831 1484 878 illi
1506 832 1691 879 nullum
1714 852 1809 881 am-

115 904 236 969 plius
272 924 461 953 sensum
483 906 739 965 haberent,
769 906 864 953 imo
885 916 1041 955 essent
1069 907 1156 954 sibi
1187 907 1327 972 plane
1355 908 1699 956 contradictorii
1720 911 1808 974 (2).

180 981 289 1028 513.
328 982 396 1029 Ad
423 982 517 1042 4¹¹¹,
543 981 663 1045 Neq.
685 981 866 1047 Duplici
894 984 1021 1029 enim
1038 985 1217 1030 ratione
1251 994 1411 1049 peccat
1449 984 1701 1033 adversarii
1735 1004 1810 1033 as-

116 1058 344 1122 sumptio,
372 1067 471 1103 tum
507 1059 557 1104 in
582 1074 636 1104 eo
659 1058 784 1123 quod
808 1068 1022 1107 autumet
1046 1061 1179 1107 Rom.
1203 1061 1448 1109 Pontifices
1472 1079 1578 1109 cum
1601 1062 1809 1110 veritatis

116 1133 360 1198 dispendio
398 1133 595 1180 voluisse
627 1135 672 1180 S.
713 1135 839 1182 Petri
872 1137 1232 1200 praerogativas7
1260 1146 1314 1183 ut
1339 1143 1390 1184 'se
1428 1155 1475 1184 se
1500 1138 1806 1199 extollerent,

116 1210 409 1272 magnificare
427 1246 437 1266 „
465 1210 590 1274 quod
620 1210 795 1275 absque
826 1212 956 1277 gravi
977 1221 1046 1258 tot
1075 1213 1348 1259 Sanctorum
1390 1214 1605 1260 Virorum
1627 1250 1638 1273 7
1658 1215 1738 1278 qui
1751 1214 1810 1262 ab

116 1296 253 1333 aetate
284 1286 532 1351 apostolica
566 1287 625 1334 ad
655 1306 739 1335 nos
768 1305 913 1353 usque
938 1288 1230 1342 florueruntq
1274 1290 1442 1352 injuria
1471 1307 1558 1338 nec
1587 1292 1811 1356 suspicari

116 1379 362 1428 possumus
394 1363 486 1428 (3);
525 1373 625 1410 tum
645 1365 692 1410 in
721 1381 773 1410 eo
798 1364 923 1429 quod
942 1375 1202 1430 supponat,
1224 1383 1248 1412 a
1276 1366 1383 1413 solis
1411 1369 1547 1414 Rom.
1573 1368 1811 1416 Pontifici-

117 1439 203 1486 bus
228 1442 365 1487 Petro
394 1457 417 1486 a
451 1440 635 1486 Christo
664 1440 893 1487 tributum
915 1442 1167 1505 primatum
1190 1460 1329 1506 super
1362 1453 1537 1491 ceteros
1571 1444 1810 1510 Apostolos

118 1515 369 1574 affirmari5
410 1515 534 1579 quod
581 1515 784 1562 alienum
823 1534 1011 1582 prorsus
1055 1536 1078 1563 a
1122 1519 1315 1565 veritate
1349 1528 1447 1578 est,
1491 1529 1545 1565 ut
1572 1537 1628 1567 ex
1661 1520 1812 1568 allatis

121 1591 473 1655 probationibus
493 1591 720 1639 elucescit.
746 1594 878 1640 Patet
903 1592 1116 1657 proinde7
1141 1611 1237 1640 non
1249 1611 1383 1659 posse
1403 1596 1602 1660 spectari
1624 1595 1813 1644 illorum

176 1798 227 1850 (l)
259 1798 416 1851 Quando
448 1799 641 1839 adversarii
681 1800 931 1840 luculentissi-

120 1865 189 1902 mis
200 1864 349 1903 Patrum
363 1865 586 1904 testimoniis
599 1881 618 1904 a
634 1866 833 1905 Catholicis
847 1881 930 1919 pre-

122 1939 295 1978 mumur,
337 1944 417 1983 quae
456 1931 602 1970 eludere
641 1946 717 1971 non
753 1941 929 1984 possunt,

123 2004 299 2049 tanquam
326 1996 373 2035 ad
398 2011 634 2035 communem
655 1998 778 2037 locum
802 1999 932 2037 confu—

122 2076 204 2114 gere
219 2071 489 2102 consueverunt
503 2064 548 2102 ad
564 2063 769 2103 rhetoricas
783 2065 931 2117 figuras,

126 2127 444 2178 amplificationes,
459 2128 679 2177 locutiones,
699 2138 769 2168 etc.
790 2131 844 2169 Ad
862 2128 935 2168 hoc

126 2192 247 2241 ipsum
265 2193 440 2245 effugium
466 2194 607 2233 Palmer
630 2209 667 2234 se
691 2198 840 2246 recepit.

184 2258 234 2308 (2)
265 2258 341 2297 Cfr.
367 2260 557 2299 Benedict.
585 2260 843 2311 Jusfifflanns,
875 2277 934 2314 op.

129 2329 164 2360 et
187 2321 258 2361 loc.
283 2326 347 2363 cit.
369 2323 427 2364 De
447 2325 688 2379 Apostolatu.

186 2388 236 2438 (3)
261 2386 437 2441 Apposite
465 2393 512 2430 ad
531 2406 608 2431 rem
622 2401 785 2432 nostram
811 2395 938 2433 scribit

129 2453 325 2492 Bossuetus
345 2484 355 2502 ‚
387 2455 547 2508 Defims.
587 2457 682 2497 cleri
717 2458 905 2510 qallicani
924 2488 935 2506 ‚

130 2519 199 2558 lib.
229 2535 250 2558 x
272 2549 282 2567 ‚
314 2533 394 2571 cap.
417 2519 464 2559 6:
484 2522 637 2570 Audio,
660 2524 755 2575 quid
778 2524 936 2563 dicant:

132 2583 326 2623 Romanis
345 2584 599 2635 Pontificibus
612 2614 625 2634 ,
650 2588 752 2627 sedis
775 2602 857 2628 suoe
879 2589 940 2626 di-

129 2652 316 2702 9nitatem
331 2652 686 2691 commendantibus
697 2682 711 2703 ‚
725 2655 770 2692 in
779 2655 941 2707 propria

131 2714 309 2753 videlicet
334 2729 450 2754 causa
475 2729 553 2755 non
589 2730 666 2756 esse
692 2719 939 2758 credendum.

132 2780 208 2819 Sed
228 2783 357 2829 absit;
385 2785 481 2835 pari
508 2786 611 2822 enim
626 2786 720 2836 jure
745 2785 939 2834 dixerint,

133 2859 181 2884 ne
200 2849 386 2900 episcopis
414 2850 567 2900 quidem
588 2879 599 2898 ,
623 2857 693 2889 aut
710 2852 942 2903 presbyteris

133 2926 210 2951 esse
219 2913 470 2954 adhibendam
479 2916 596 2967 fidem
609 2946 620 2965 ‚
641 2931 728 2955 cum
741 2917 946 2958 sacerdotii

134 2980 198 3016 sui
218 2978 393 3019 honorem
417 2983 654 3036 proedicant3
693 2983 792 3035 quod
813 2990 944 3024 contra

999 1809 1068 1841 est.
1106 1803 1210 1841 Nam
1248 1803 1388 1854 quibus
1428 1803 1539 1841 Deus
1576 1802 1813 1855 singularem

995 1866 1151 1906 honoris
1192 1868 1469 1921 diqnitatisque
1518 1871 1814 1921 proeroqativam

995 1934 1156 1973 contulit
1171 1964 1181 1978 ,
1216 1934 1355 1971 eisdem
1395 1935 1564 1986 inspirat
1606 1949 1738 1973 verum
1770 1935 1816 1973 de

995 2013 1067 2037 sua
1085 2006 1265 2051 potestate
1301 2013 1482 2039 sensam.
1511 2007 1630 2058 utaea
1661 2002 1706 2038 in
1737 1998 1817 2039 Do-

997 2066 1102 2103 mino
1120 2094 1131 2113 ,
1157 2079 1245 2103 cum
1271 2079 1330 2104 res
1352 2066 1593 2118 poposcerit,
1633 2066 1749 2105 libere
1778 2079 1814 2104 et

998 2131 1229 2181 confidenter
1241 2138 1414 2179 utantur,
1429 2132 1572 2181 fiatque
1585 2129 1682 2168 illud
1695 2160 1704 2177 ‚
1717 2131 1819 2183 quod

999 2197 1056 2234 ait
1068 2192 1243 2235 Paulus:
1266 2198 1502 2248 Accepimus
1524 2194 1734 2248 Spiritum,
1748 2197 1818 2248 qui

1000 2274 1046 2298 ex
1071 2259 1146 2299 Deo
1174 2268 1251 2308 est,
1288 2268 1330 2298 ut
1355 2265 1548 2309 sciamus,
1574 2275 1656 2312 quoe
1680 2274 1704 2299 a
1736 2255 1816 2300 Deo

1001 2325 1141 2364 donata
1167 2333 1255 2363 sunt
1278 2325 1402 2363 nobis.
1435 2325 1551 2377 Quod
1571 2326 1724 2377 quidem
1752 2327 1817 2365 hio

1001 2392 1113 2431 semel
1124 2392 1247 2429 dicere
1255 2391 1409 2444 placuit
1420 2420 1431 2439 ‚
1451 2397 1494 2428 ut
1508 2393 1749 2430 temerariam
1773 2406 1818 2442 ac

996 2458 1204 2508 pessimam
1237 2458 1520 2509 responsionem
1554 2457 1791 2509 confutarem
1806 2473 1820 2501 .-

999 2522 1249 2573 profiteorque
1265 2552 1276 2571 ‚
1292 2535 1350 2559 me
1376 2520 1421 2560 de
1448 2521 1561 2560 Sedis
1589 2522 1820 2574 Apostolicoe

1005 2587 1197 2638 majestate
1208 2614 1220 2633 ,
1246 2600 1493 2625 romanorum
1512 2589 1744 2639 pontificum
1757 2588 1823 2626 do-

1006 2654 1139 2692 ctrinoe
1151 2660 1187 2691 et
1197 2654 1400 2691 traditioni
1416 2652 1650 2692 crediturum
1672 2670 1686 2699 ,·
1703 2667 1824 2705 quan-

1007 2731 1120 2769 quam
1150 2732 1279 2757 eorum
1308 2718 1432 2758 sedem
1454 2731 1535 2757 non
1561 2721 1643 2771 ipsi
1668 2721 1818 2771 maqis,

1007 2797 1122 2835 quam
1146 2784 1309 2836 reliqui,
1323 2798 1368 2823 ac
1383 2791 1459 2823 tota
1483 2784 1659 2823 Ecclesia
1676 2814 1687 2832 ,
1710 2791 1833 2836 atque,

1009 2851 1208 2890 orientales
1224 2850 1329 2889 haud
1351 2851 1484 2889 minus
1506 2863 1620 2901 quam
1645 2850 1820 2889 occiden-

1008 2915 1101 2955 tales
1115 2916 1344 2970 proedicant.
1361 2915 1416 2953 Id
1433 2918 1625 2969 sequentia
1648 2915 1820 2954 declara-

1011 2982 1121 3024 bunt.
1134 2984 1234 3025 Edit.
1248 2983 1451 3034 Versailles,
1470 2997 1555 3037 opp.
1576 2992 1665 3023 tom.
1685 2984 1821 3023 xxxiii.
