2028 3354
190 191 285 241 508.

667 224 821 255 TRAGT.
861 225 914 253 DE
951 225 1069 255 LOCIS
1106 227 1402 259 THBOLOGICIS.

827 339 1151 383 PROPOSITlO
1183 342 1237 383 ΙΙ.

190 429 329 477 Rom.
362 428 588 491 Pontifex
612 448 668 477 em
694 433 919 480 cathedra
953 433 1181 497 definiens
1208 441 1264 485 in
1294 441 1433 488 rebus
1450 444 1590 504 fiidei
1619 455 1663 493 et
1686 463 1877 495 morum

253 505 535 566 infallibilis
574 516 665 563 est,
706 512 894 572 ejusque
926 512 1114 558 decreta
1143 547 1161 569 ,
1218 517 1362 560 etiam
1404 528 1662 581 antequam
1690 525 1883 570 accedat

253 581 475 629 Ecclesiae
521 600 769 632 consensus
792 620 809 642 ,
853 596 968 633 sunt
1013 605 1222 650 prorsus
1271 592 1691 654 irreformabilia;
1728 607 1882 662 prout
1951 625 1953 628 ⁴

257 660 403 705 ctiam
432 661 671 707 evincitur
701 678 757 708 em
793 679 937 709 sensu
968 664 1281 714 traditionalz’.

253 765 365 813 747.
402 768 571 814 Sensus
610 769 818 817 Ecclesiae
856 772 1162 819 traditionalis
1202 774 1259 822 de
1288 793 1406 823 rom.
1448 780 1679 827 Pontificis
1713 776 1881 828 infalli-

187 840 369 888 bilitate
404 841 537 889 nobis
571 845 767 908 patescit
800 863 888 909 qua
924 847 1055 894 dictis
1092 866 1183 912 qua
1222 851 1367 899 factis.
1405 855 1603 902 Rursum
1642 856 1762 904 dicta
1802 874 1880 905 seu

189 919 433 965 sententiae
461 929 657 982 possunt
678 919 892 968 bifariam
916 921 1131 970 distribui
1149 961 1160 982 7
1191 943 1361 991 nempe
1379 930 1427 975 in
1451 948 1526 978 eas
1548 950 1651 997 quae
1675 933 1878 981 adducta

186 993 534 1058 Scripturarum
565 995 747 1042 oracula
776 1006 1019 1060 exponunt
1038 997 1096 1045 de
1120 1016 1238 1046 rom.
1267 1004 1499 1052 Pontificis
1522 1008 1878 1067 infallibilitate,

186 1078 235 1116 et
269 1070 318 1115 in
357 1086 431 1116 eas
471 1070 639 1134 quibus
673 1073 930 1133 generatim
964 1073 1060 1121 haec
1094 1075 1258 1123 eadem
1294 1076 1503 1127 doctrina
1540 1084 1766 1132 firmatur.
1811 1086 1883 1133 Sic

185 1145 303 1192 facta
337 1147 511 1210 pariter
528 1182 540 1205 .,
561 1164 664 1212 quae
695 1147 786 1194 huc
807 1158 1049 1212 spectant,
1076 1151 1271 1215 duplicis
1296 1163 1406 1199 sunt
1432 1159 1609 1217 generis
1639 1178 1647 1204 :
1676 1161 1761 1207 alia
1781 1179 1883 1226 quae

186 1238 244 1268 ex
267 1221 502 1268 catholicis
518 1258 530 1272 „
560 1222 647 1269 alia
678 1240 780 1288 quae
805 1241 859 1271 ex
887 1225 1114 1273 haereticis
1140 1227 1468 1277 desumuntur.
1494 1233 1565 1278 Ne
1586 1242 1742 1282 tamen
1771 1254 1884 1300 pro-

184 1296 371 1345 lixiores
403 1298 545 1345 simus
570 1300 620 1345 in
643 1300 697 1345 iis
722 1301 996 1361 afferendis,
1025 1304 1204 1368 potiora
1232 1322 1289 1352 ex
1317 1307 1507 1370 singulis
1534 1308 1750 1358 classibus
1781 1313 1883 1360 seli-

186 1391 346 1437 gemus
363 1395 375 1433 3
391 1375 567 1440 reliqua
581 1394 694 1424 vero
712 1377 918 1425 indicare
940 1382 1148 1427 contenti
1166 1382 1339 1429 erimus
1358 1402 1448 1430 una
1472 1401 1576 1431 cum
1598 1387 1879 1448 auctoribus,

186 1451 312 1515 apud
331 1468 445 1515 quos
470 1451 659 1500 collecta
690 1463 736 1500 et
768 1470 970 1519 expensa
996 1457 1188 1522 reperiri
1215 1470 1427 1523 possunt.

250 1526 366 1575 748.
382 1529 535 1593 Atque
549 1538 604 1576 ut
626 1548 650 1577 a
674 1530 973 1592 biblicorum7
994 1551 1098 1598 quae
1115 1537 1883 1599 memoravimus,testimoniorum

185 1605 474 1669 expositione
503 1607 828 1667 exordiamur.)
862 1611 1015 1674 primo
1052 1621 1302 1659 occurrunt
1333 1616 1525 1662 Patrum
1558 1617 1801 1665 sententiae
1833 1618 1882 1664 in

184 1679 303 1728 illud
338 1682 443 1729 Luc.
468 1684 593 1730 XXII
620 1702 630 1730 :
663 1685 852 1748 Royavi
866 1703 960 1749 pro
983 1695 1048 1743 te,
1078 1697 1166 1734 etc.
1195 1689 1356 1754 Itaque
1380 1701 1512 1739 vetus
1538 1702 1696 1740 auctor
1721 1695 1883 1758 Qaoes-

184 1759 373 1804 tionum
407 1776 463 1805 em
500 1762 561 1806 N.
608 1761 682 1819 T.7
720 1761 870 1807 allatis
901 1762 1071 1810 Christi
1093 1764 1278 1825 verbis,
1297 1766 1359 1813 ita
1376 1770 1673 1833 prosequitur
1701 1788 1710 1816 :
1754 1770 1887 1832 Quid

184 1835 497 1898 ambigitur?
527 1837 627 1883 Pro
656 1840 795 1884 Petro
829 1841 1050 1903 mqahat,
1081 1850 1126 1887 et
1143 1858 1239 1903 pro
1275 1843 1452 1890 Jacoho
1486 1852 1530 1890 et
1557 1845 1748 1892 Joanne
1775 1861 1879 1898 ‚non

184 1912 413 1973 rogabat7
449 1919 507 1958 ut
534 1921 701 1959 ceteros
732 1915 951 1961 taceam?
993 1917 1307 1978 Manifestum
1336 1928 1429 1978 est,
1469 1923 1524 1966 in
1546 1921 1686 1966 Petro
1723 1938 1882 1968 omnes

183 1992 427 2034 contineri
444 2005 653 2052 ;r09a1ns
681 1992 813 2037 enim
831 2008 924 2054 pro
945 1992 1112 2047 PetrO,
1129 2010 1223 2055 pro
1242 1997 1467 2042 omnihus
1491 2013 1678 2059 roqasse
1700 1998 1883 2060 diynos·

185 2066 329 2110 citur.
367 2066 565 2127 Semper
588 2069 720 2113 enim
754 2072 812 2114 in
840 2072 1099 2131 praeposito
1121 2073 1336 2132 populus
1373 2081 1462 2118 aut
1493 2076 1765 2135 corripitur
1795 2082 1884 2120 aut

185 2141 422 2187 laudatur
449 2140 546 2205 (l);
569 2142 619 2207 id
648 2152 736 2195 estq
770 2144 886 2190 dum
914 2162 1000 2209 pro
1028 2145 1168 2192 solius
1189 2148 1314 2194 Petri
1340 2147 1433 2196 fide
1455 2148 1725 2196 immediate
1750 2166 1880 2213 roga-

184 2272 259 2298 esse
281 2260 327 2299 de
341 2262 343 2264 “
351 2264 506 2314 propriis
526 2263 753 2303 novitatibus
772 2278 817 2302 ex
838 2263 995 2303 damna·
1062 2266 1334 2306 Cameracensis
1360 2268 1605 2320 archipraesul
1629 2268 1656 2306 F
1660 2269 1877 2317 enelonius,

184 2328 284 2366 tione
318 2344 338 2367 a
374 2344 465 2368 rom.
506 2330 751 2370 Pontificibus
787 2332 884 2371 edita
906 2363 916 2380 ‚
956 2341 996 2371 ut
1062 2345 1256 2381 nunquam
1283 2335 1369 2371 satis
1402 2333 1746 2384 commendandus,
1789 2335 1879 2374 dum

183 2406 309 2431 earum
345 2396 419 2433 vim
444 2396 611 2443 elidant,
649 2397 749 2436 illico
775 2401 966 2450 excipiunt
983 2429 993 2447 ‚

181 2471 278 2496 rom.
305 2458 501 2499 Pontifices
540 2461 642 2500 hand
677 2463 890 2502 infallibiles
919 2478 995 2503 esse

181 2524 223 2560 in
246 2525 320 2561 suis
344 2524 517 2574 decretis,
534 2529 637 2578 juxta
660 2529 879 2578 gallicanam
899 2529 992 2582 ‚doo-

182 2590 317 2628 trinam
333 2620 343 2637 ‚
367 2592 438 2629 nisi
469 2593 620 2630 accedat
640 2593 811 2632 Ecclesiae
833 2608 991 2634 consen-

182 2667 243 2692 sus
271 2667 282 2703 ;
309 2664 343 2693 et
362 2658 509 2695 interim
533 2658 578 2696 de
597 2659 730 2713 abysso
753 2662 793 2698 in
814 2660 991 2714 abyssum

180 2730 386 2771 proruunt,
413 2722 656 2762 obtendentes
671 2724 741 2764 hae
760 2727 898 2764 ratione
922 2729 992 2765 im-

180 2788 416 2826 munitatem.
429 2786 632 2840 Nunquam
649 2791 779 2828 sinceri
804 2791 988 2838 catholici,

180 2860 216 2892 et
232 2852 296 2905 qui
306 2851 486 2891 bonafide
499 2865 538 2891 se
551 2863 696 2904 gerunt,
710 2856 990 2894 delinitionibus

178 2917 380 2956 Pontificiis
400 2917 606 2969 obsistuut3
637 2922 742 2972 cujus
768 2922 819 2959 rei
845 2923 989 2972 praecla-

179 2996 264 3020 rum
281 2983 491 3035 exemplum
513 2984 671 3035 praebuit
695 2987 875 3025 universis
896 2985 985 3025 Gal-

177 3048 236 3086 liis
252 3051 390 3103 totique
408 3049 491 3089 orbi
514 3050 696 3090 catholico
715 3051 986 3093 illustrissimus

1060 2398 1252 2436 humiliter
1276 2398 1368 2436 adeo
1402 2413 1440 2436 se
1467 2399 1624 2451 subjecit
1646 2400 1879 2440 damnationi

1060 2462 1139 2501 latae
1156 2477 1175 2501 a
1191 2462 1232 2502 S.
1247 2461 1341 2503 Sede
1355 2465 1476 2515 operis
1493 2467 1550 2504 sni
1566 2467 1735 2517 inscripti
1747 2464 1882 2505 Mam·-

1057 2541 1136 2567 mes
1160 2529 1227 2566 des
1253 2527 1410 2569 Saints.

1111 2596 1163 2647 (1)
1195 2596 1240 2635 In
1264 2599 1439 2648 Append.
1461 2599 1508 2637 ad
1521 2606 1615 2649 part.
1641 2612 1654 2637 1
1671 2628 1682 2646 ,
1703 2607 1792 2637 tom.
1808 2610 1849 2636 111
1864 2627 1877 2645 ‚

1059 2676 1146 2714 opp.
1180 2662 1219 2701 S.
1257 2664 1479 2714 Augustini,
1515 2664 1589 2703 eol.
1620 2665 1670 2717 73
1703 2672 1738 2703 et
1770 2673 1874 2715 seqq.

1058 2727 1147 2766 Jure
1186 2729 1339 2780 proinde
1384 2730 1578 2769 Bossuetus
1598 2759 1609 2777 ‚
1654 2730 1696 2768 in
1734 2725 1870 2766 Medit.

1057 2795 1120 2833 cit.
1155 2807 1226 2831 Lxx
1254 2796 1383 2845 Jour‚
1409 2809 1594 2846 exponens
1616 2792 1752 2832 Christi
1787 2805 1871 2832 ver·

1056 2858 1104 2897 ba
1131 2873 1142 2897 τ
1166 2858 1252 2911 qu
1280 2867 1408 2899 autem
1434 2862 1567 2911 roqavi
1589 2872 1662 2912 pro
1690 2866 1724 2897 te
1739 2888 1753 2909 ,
1785 2873 1871 2911 pro-

1053 2927 1217 2977 sequitur
1244 2939 1255 2964 :
1279 2925 1440 2974 Piens,
1457 2925 1539 2976 J'ai
1553 2925 1639 2976 prie
1660 2937 1763 2976 pour
1789 2924 1844 2964 toi
1861 2954 1872 2971 ‚

1048 3002 1151 3041 pour
1171 2992 1226 3028 toi
1245 3004 1294 3028 en
1307 2989 1542 3043 particulier
1554 3019 1566 3038 .,
1588 3003 1691 3043 pour
1707 2991 1763 3052 toi
1780 3003 1870 3029 avec

1053 3054 1277 3094 distinction
1301 3070 1314 3094 .·
1337 3068 1414 3094 non
1441 3054 1537 3107 qu'il
1563 3057 1621 3094 ait
1648 3054 1796 3107 neqliqe
1820 3054 1872 3093 les
