2028 3354
1676 234 1765 282 381

308 257 435 286 PART.
474 256 524 285 11.
571 255 693 284 SECT.
741 256 773 283 1.
813 254 912 285 CAP.
950 256 1003 283 11.
1044 255 1097 282 DE
1132 254 1316 283 PMMAT.
1357 253 1535 283 PERPRT.

79 369 205 416 Pauli
236 369 443 427 silentio⁷
477 367 601 432 quod
627 376 872 432 tantopere
904 377 1072 431 urgent
1101 365 1378 426 adversarii,
1416 367 1640 426 dicimus,
1666 383 1770 415 eam

76 445 250 492 nullius
270 445 410 511 plane
430 443 607 491 roboris
626 461 743 503 esse,
767 461 870 490 cum
897 443 1065 491 exinde
1078 461 1173 489 non
1197 453 1390 507 exurgat
1414 444 1504 491 nisi
1521 461 1772 507 argumen—

73 531 176 569 tum
200 526 503 585 neyativmn„
540 538 636 567 non
672 529 827 566 autem
862 523 1193 571 contrarium:
1231 536 1286 566 eo
1315 521 1460 581 magis
1484 518 1608 585 quod
1637 518 1771 567 valde

73 597 338 662 probabiles
372 597 505 644 reddi
535 598 715 661 possint
753 596 980 659 ejusmodi
1015 595 1510 658 silentii1·ationes(l).

140 674 249 721 557.
276 673 563 720 Desiderium
582 690 695 721 vero
710 709 722 732 .,
746 672 870 737 quod
897 671 1116 736 patefacit
1134 668 1324 728 Paulus,
1342 670 1576 717 invisendi
1600 671 1773 719 Roma-

73 767 184 807 nos,
204 767 301 796 non
338 750 481 797 habet
505 768 591 814 pro
619 750 826 812 objecto,
858 748 928 795 uti
960 747 1209 794 adversarii
1243 754 1441 811 putantq
1475 746 1774 795 collationem

73 827 344 889 gratiarum,
363 843 477 890 quas
496 835 663 872 vocant
682 825 822 888 gratis
841 823 992 884 datas,
1014 822 1113 881 sed,
1141 830 1193 868 ut
1209 822 1410 886 ipsemet
1422 821 1626 870 declarat
1642 860 1654 883 .,
1676 842 1774 872 mu-

74 912 201 950 tuam
234 903 343 950 dare
372 912 419 949 et
452 903 657 966 accipere
691 899 1072 947 consolationem.
1116 900 1185 946 En
1214 935 1226 956 ,
1259 898 1495 964 quomodo
1534 900 1633 965 ipse
1671 917 1774 948 rem

72 979 293 1044 explanet
324 996 335 1024 ι
361 980 425 1026 Id
442 987 532 1033 est,
556 979 705 1024 simul
732 978 977 1024 consolari
998 980 1053 1022 in
1081 977 1210 1023 vohis
1237 992 1327 1038 per
1354 992 1459 1022 eam
1477 1012 1489 1035 ‚
1514 994 1618 1039 quae
1641 978 1774 1024 invi·-

70 1073 169 1102 0em
216 1065 307 1114 est„
344 1056 483 1118 fidem
514 1063 719 1101 vestra-m
751 1063 892 1117 atque
919 1070 1075 1099 meam
1096 1053 1181 1117 (2).

138 1130 249 1178 558.
292 1132 461 1177 Mirum
491 1147 631 1196 porro
663 1139 759 1188 est,
791 1129 918 1195 quod
944 1128 1153 1176 subdunt
1182 1128 1240 1176 de
1271 1130 1605 1194 propagatione
1626 1131 1775 1178 Evan-

74 1207 178 1270 gelii
194 1243 205 1265 7
228 1207 324 1252 imo
356 1205 413 1253 de
434 1206 708 1254 fundatione
729 1206 937 1254 Ecclesiae
958 1206 1169 1253 onmium
1189 1204 1511 1265 nobilissimae,
1530 1224 1618 1271 per
1639 1208 1776 1255 adve-

73 1301 163 1330 nas
190 1301 440 1341 romanos,
472 1284 530 1331 de
565 1284 732 1349 quibus
762 1285 1003 1348 ignoratur
1025 1283 1166 1331 etiam
1192 1284 1448 1331 conversio.
1489 1284 1626 1342 Quod
1653 1285 1691 1332 si
1714 1283 1775 1333 ab

71 1359 164 1406 illis
207 1360 401 1409 advenis
440 1360 636 1407 fundata
677 1370 746 1407 est
784 1360 982 1409 Ecclesia
1019 1377 1242 1415 romana„
1282 1376 1426 1424 quare
1465 1361 1640 1424 pariter
1674 1360 1776 1410 aliae

74 1435 280 1484 Ecclesiae
318 1437 525 1485 fundatae
561 1455 657 1483 non
688 1445 798 1483 sunt
829 1455 851 1483 a
885 1435 1097 1494 Parthis,
1133 1434 1306 1495 Medis,
1339 1435 1593 1496 AElamitiS,
1623 1438 1776 1484 Meso-

72 1513 291 1577 potamiis
315 1551 327 1572 7
360 1523 453 1575 etc,
491 1515 570 1579 qui
605 1531 767 1561 omnes
793 1514 968 1579 pariter
998 1513 1317 1559 interfuerunt
1361 1512 1613 1571 miraculo,
1647 1513 1777 1579 quod

75 1590 268 1653 contigit
299 1590 627 1654 Hierosolymis
656 1590 729 1637 die
751 1588 1076 1638 Pentecostes'?
1101 1591 1333 1648 Quorsum
1356 1588 1561 1653 Apostoli
1593 1591 1776 1640 univer-

77 1683 181 1712 sum
220 1668 450 1731 peragrati
482 1678 593 1714 sunt
631 1666 794 1714 orbem
828 1677 961 1715 tanto
997 1667 1157 1715 labore
1186 1683 1239 1713 ac
1268 1666 1373 1714 vitae
1409 1666 1699 1727 discrimine,
1738 1667 1778 1715 si

77 1741 196 1788 facili
229 1744 347 1790 adeo
383 1744 562 1791 ratione
593 1745 780 1792 fundari
810 1753 1027 1810 poterant
1062 1742 1305 1792 Ecclesiae?
1344 1743 1476 1791 Tales
1506 1754 1618 1795 sunt
1643 1762 1777 1812 nugae

76 1818 339 1866 criticorum
359 1829 627 1868 nostrorum
652 1820 929 1869 biblicorum
953 1821 1049 1886 (3)!

135 1987 189 2038 (l)
202 1987 295 2025 Cum
312 1987 381 2026 hoc
391 1997 663 2040 argumentum,
680 2004 722 2027 ex
747 1990 892 2028 silentio

78 2053 153 2103 peti
169 2053 317 2091 solitum
336 2082 347 2103 ,
379 2054 591 2093 desumatur
619 2056 694 2093 sive
719 2069 761 2094 ex
788 2054 891 2094 Actis

79 2118 298 2170 Apostolicis
346 2122 422 2158 sive
443 2134 488 2158 ex
508 2120 611 2158 Pauli
632 2119 792 2172 epistolis
811 2152 821 2167 ‚
838 2121 896 2159 di-

83 2197 181 2222 versa
217 2188 357 2225 ratione
389 2188 508 2225 eidem
552 2190 752 2227 occuritur.
787 2187 897 2240 Quod

83 2257 221 2299 spectat
231 2252 278 2289 ad
292 2252 479 2292 silentium
495 2253 894 2304 Act.Apostolicorum‚

82 2314 381 2356 animadvertunt
399 2318 592 2367 Catholici,
610 2321 836 2372 propositum
859 2319 895 2358 S.

85 2381 195 2419 Lucae
215 2395 291 2421 non
316 2384 427 2424 fuisse
452 2385 546 2424 Petri
582 2394 678 2438 gesta
706 2386 839 2425 referre
862 2395 898 2425 et

86 2449 254 2501 persequi
272 2478 281 2493 ‚
299 2450 362 2488 sed
376 2459 454 2489 acta
474 2454 701 2504 potissimum
722 2452 760 2491 S.
777 2452 897 2501 Pauli,

84 2517 192 2568 cujus
215 2514 421 2566 discipulus
433 2525 469 2555 et
486 2520 819 2571 peregrinationum
834 2532 896 2557 co·

85 2595 164 2621 mes
188 2581 284 2631 suit3
312 2596 528 2635 quanquam
553 2597 623 2622 nec
648 2586 772 2622 omnia
792 2583 897 2623 Pauli

90 2656 189 2698 gesta
211 2651 439 2695 narraverit,
455 2656 495 2686 ut
515 2656 658 2687 constat
669 2663 712 2687 ex
729 2651 834 2701 epist.
853 2651 899 2688 ad

90 2713 236 2753 Galatas
252 2744 262 2763 ,
284 2728 367 2766 cap.
400 2726 412 2751 ι
435 2742 447 2762 ,
486 2726 530 2764 17
547 2742 557 2760 ,
596 2710 658 2751 18.
686 2712 791 2765 Quod
814 2729 898 2753 vero

36 2808 42 2812 s
90 2782 219 2820 attinet
235 2782 281 2819 ad
301 2780 473 2832 epistolas
490 2779 592 2818 Pauli
609 2810 618 2828 ,
640 2781 751 2819 iidem
772 2782 898 2819 obser-

92 2854 192 2893 vant,
207 2846 355 2886 Petrum
370 2848 533 2899 potuisse
552 2859 628 2884 esse
647 2846 837 2885 absentem
851 2846 898 2885 ab

92 2911 204 2959 Urbe,
216 2913 292 2951 sive
307 2926 392 2952 cum
404 2912 596 2965 Apostolus
609 2911 755 2963 scripsit
768 2914 901 2964 episto-

90 2978 165 3017 lam
179 2979 224 3017 ad
241 2978 428 3020 Romanos
439 3010 451 3030 ,
467 2982 543 3019 sive
563 2993 649 3019 cum
666 2978 759 3019 urhe
781 2978 899 3018 Roma

91 3045 291 3086 nonnullas
307 3049 447 3099 scripsit
460 3048 640 3100 epistolas.
653 3045 790 3087 Notant
804 3059 895 3099 prae-

966 1998 1073 2038 terea,
1090 1991 1203 2043 quod,
1218 1992 1247 2028 si
1257 2005 1298 2030 ex
1312 2004 1354 2029 eo
1369 1991 1468 2043 quod
1482 1992 1616 2032 Paulus
1634 1994 1777 2035 nullam

964 2056 1117 2094 salutem
1145 2056 1276 2095 dixerit
1302 2056 1410 2096 Petro
1430 2087 1443 2107 ,
1467 2059 1638 2098 concludi
1659 2070 1778 2113 posset

964 2123 1112 2161 Petrum
1132 2122 1288 2162 Romam
1304 2139 1383 2164 non
1402 2127 1550 2165 venisse
1570 2157 1580 2174 ,
1605 2127 1778 2167 concludi

962 2191 1098 2241 pariter
1111 2199 1231 2242 posset
1245 2219 1256 2238 ‚
1268 2205 1345 2229 non
1362 2192 1475 2231 fuisse
1488 2192 1509 2230 J
1513 2192 1673 2232 acobum
1684 2192 1776 2245 Epi-

961 2269 1113 2307 scopum
1147 2254 1381 2310 Solymorum
1398 2287 1409 2308 ‚
1435 2273 1479 2298 eo
1509 2259 1613 2311 quod
1640 2258 1778 2299 Paulus

962 2322 1123 2360 scribens
1138 2323 1185 2361 ad
1204 2323 1377 2364 Hebraeos
1402 2325 1588 2363 Jacobum
1616 2340 1694 2364 non
1717 2340 1777 2365 sa-

962 2388 1143 2428 lutaverit.
1160 2388 1263 2428 Idem
1283 2390 1343 2428 dic
1362 2390 1408 2428 de
1427 2393 1607 2443 episcopis
1633 2391 1778 2431 Galata-

962 2468 1043 2492 rum
1056 2484 1066 2501 ,
1089 2454 1334 2507 Ephesiorum
1350 2486 1359 2504 ‚
1392 2456 1777 2496 Thessalonicensium

964 2518 1196 2572 aliorumque
1208 2521 1447 2573 populorum,
1461 2536 1553 2575 quos
1566 2524 1605 2561 iu
1613 2522 1777 2575 epistolis

965 2585 1011 2623 ad
1029 2598 1089 2623 eos
1101 2586 1196 2625 datis
1217 2600 1387 2639 expresse
1402 2601 1479 2626 non
1491 2597 1669 2631 memorat
1682 2587 1779 2628 Pau-

965 2652 1037 2689 lus.
1070 2651 1240 2691 Attamen
1273 2653 1345 2691 hoc
1377 2654 1564 2693 silentium
1593 2663 1646 2692 est
1680 2662 1777 2693 totus

967 2716 1124 2755 Achilles
1152 2717 1326 2766 Calvini‚
1356 2718 1522 2771 Illyrici,
1544 2718 1778 2771 Spauhemii‚

966 2795 1010 2820 ac
1024 2782 1174 2822 demum
1188 2784 1303 2823 nostri
1319 2787 1567 2836 provocatori's
1586 2784 1777 2825 Geneven-

967 2849 1028 2886 sis.
1047 2846 1126 2888 Cfr.
1147 2849 1347 2903 Fogginius
1368 2881 1379 2898 ‚
1404 2865 1466 2904 op.
1484 2854 1548 2890 cit.
1565 2853 1715 2890 exercit.
1731 2849 1773 2901 ⁴4,

968 2913 1032 2953 ubi
1048 2916 1200 2955 istorum
1214 2929 1321 2969 nugae
1333 2918 1444 2970 plane
1461 2917 1727 2956 dissolvuntur.

1024 2978 1077 3030 (Ξ)
1107 2980 1219 3021 Rom.
1242 2993 1283 3031 ι,
1313 2994 1373 3021 12.

1020 3045 1071 3098 (3)
1083 3046 1163 3087 cfr.
1174 3048 1374 3100 Fogginius
1386 3076 1397 3092 ,
1412 3061 1473 3100 op.
1487 3050 1549 3087 cit.
1570 3049 1717 3086 exercit.
1736 3060 1774 3098 v,
