2028 3354
360 232 484 262 PART.
522 235 553 262 1.
593 236 711 266 SECT.
748 238 798 266 11.
840 239 936 269 CAP.
974 241 1024 271 11.
1064 244 1117 272 DE
1156 246 1335 278 ΡΒΙΜΔΤ.
1376 251 1552 283 ΡΕΒΡΕΤ.

1710 238 1801 288 371

118 343 220 389 nius
239 380 251 403 ‚
282 344 339 392 de
361 345 450 392 fide
473 363 569 394 esse
588 366 835 398 romanum
853 354 1124 403 Pontificem
1149 375 1247 407 esse
1275 378 1580 412 successorem
1601 368 1651 414 B.
1676 369 1802 418 Petri

119 421 339 485 Principis
383 423 736 487 Apostolorum,
786 438 834 474 et
868 446 1031 477 verum
1066 432 1235 482 Christi
1272 439 1522 500 vicarium,
1567 448 1803 511 totiusque

118 496 323 544 Ecclesiae
353 508 516 563 eaput,
552 511 692 566 atque
711 505 923 552 omnium
947 507 1316 561 Christianorum
1354 525 1536 580 patrem
1566 536 1618 567 ac
1641 520 1803 570 docto-

113 589 237 632 rem7
284 574 463 639 ipsique
503 576 550 622 in
604 580 650 625 B.
700 583 835 628 Petro
870 586 1133 644 pascendi,
1167 592 1366 651 regendi
1400 609 1458 639 ac
1483 597 1801 657 gubernandi

115 651 431 696 universalem
471 653 738 703 Ecclesiam
771 675 793 703 a
831 658 1013 705 Christo
1053 660 1243 724 plenam
1272 675 1552 728 potestatem
1583 673 1803 724 traditam

113 742 226 771 esse.
270 727 317 772 Si
353 728 507 792 itaque
543 747 599 777 ex
630 732 783 795 regula
809 735 992 781 Veronii
1028 734 1086 782 de
1114 737 1207 785 fide
1233 750 1304 786 est
1327 777 1338 799 7
1373 760 1491 790 rom.
1528 747 1801 799 Pontificem

110 818 208 848 esse
231 803 353 849 Petri
384 822 688 854 successorem
704 844 715 866 ‚
742 818 788 854 et
818 810 1006 873 plenam
1027 812 1075 856 in
1113 814 1247 862 Petro
1271 825 1550 881 potestatem
1568 839 1592 867 a
1618 823 1800 875 Christo

110 879 336 943 accepisse
364 881 612 944 pascendi7
646 884 836 947 regendi
879 903 930 933 ac
965 887 1259 951 gubernandi
1292 894 1605 944 universalem
1642 901 1799 949 Eccle-

110 954 224 999 siam
241 991 252 1013 ‚
287 973 444 1004 nonne
480 957 731 1005 includitur
758 960 806 1006 in
834 964 970 1009 verbo
993 969 1084 1011 Dez‘
1110 968 1345 1017 motivum
1372 972 1679 1022 institutionis
1701 978 1800 1042 pri-

108 1039 261 1077 matus
278 1067 290 1090 ἦ
317 1032 375 1078 ad
400 1035 776 1082 constituendam
798 1038 969 1086 scilicet
988 1049 1035 1087 et
1053 1046 1423 1094 conservandam
1447 1050 1496 1095 in
1515 1061 1799 1116 perpetuum

108 1107 316 1155 Ecclesiae
344 1110 607 1159 unitatem?
638 1114 754 1161 Cum
780 1132 890 1163 vero
922 1118 1076 1180 regula
1105 1138 1130 1166 a
1163 1122 1358 1171 Veronio
1396 1126 1565 1174 tradita
1599 1129 1800 1180 admissa

105 1183 165 1230 sit
199 1182 258 1230 ab
284 1185 501 1233 omnibus
532 1189 769 1237 catholicis
803 1192 1055 1258 theologis7
1090 1214 1185 1244 non
1216 1208 1286 1246 est
1318 1217 1400 1247 cur
1427 1202 1475 1248 in
1509 1204 1800 1267 singulorum

104 1261 356 1308 sententias
380 1262 572 1310 ulterius
606 1267 894 1331 inquiramus
925 1271 1012 1332 (l).

170 1336 281 1384 541.
324 1339 392 1386 Ad
417 1339 482 1386 3¹¹¹
499 1377 510 1399 .,
537 1342 657 1407 Ney.
685 1349 1011 1408 suppositum,
1036 1348 1250 1399 videlicet
1269 1351 1420 1400 solum
1434 1355 1793 1421 Hieronymum„

107 1515 256 1564 exponit
276 1512 296 1565 ξ
320 1513 342 1551 3
359 1545 369 1563 ,
386 1516 426 1552 in
440 1515 650 1565 corollariis‚
667 1531 749 1570 quae
772 1518 922 1558 deducit

110 1593 153 1617 ex
169 1594 241 1617 suae
254 1581 390 1632 regulae
413 1581 677 1623 declaratione.
696 1582 791 1622 Cum
812 1586 922 1637 igitur

112 1657 154 1681 ex
178 1645 375 1684 traditione
407 1655 531 1698 aperte
568 1656 709 1688 constet
738 1650 846 1698 finis,
872 1650 920 1690 ob

113 1724 223 1760 quem
252 1710 419 1750 Christus
441 1714 598 1753 instituit
619 1717 839 1766 primatum,
876 1717 922 1755 li-

110 1784 212 1827 quet,
237 1776 339 1815 hunc
352 1779 548 1817 articulum
565 1781 651 1819 fidei
671 1784 710 1819 in
723 1782 832 1821 verbo
852 1782 920 1821 Dei

107 1840 275 1881 fundari.

165 1912 176 1958 (
184 1909 217 1960 1)
246 1908 428 1964 Quoniam
449 1924 533 1950 vero
559 1913 786 1952 adversarius
809 1914 917 1952 nobis

111 1977 284 2025 opposuit
308 1977 561 2015 auctoritatem
589 1978 751 2017 Bossueti
776 1993 817 2018 ex
839 1979 919 2031 ejus

111 2038 348 2090 Defensione
373 2041 554 2082 declarat.
583 2044 677 2082 cleri
703 2044 891 2096 qallicaui
907 2075 916 2091 ‚

110 2119 185 2143 non
202 2106 266 2145 abs
281 2121 318 2145 re
331 2109 397 2145 erit
412 2108 609 2147 Meldensis
625 2110 796 2162 Episcopi
811 2112 919 2149 verba

111 2172 151 2207 in
174 2173 336 2210 medium
373 2174 583 2223 adducere,
615 2176 751 2228 quibus
783 2175 918 2214 thesim

113 2244 277 2275 nostram
294 2239 461 2278 adstruit.
484 2240 569 2278 Haec
589 2248 713 2280 autem
736 2241 919 2280 habentur

115 2302 154 2337 in
179 2301 242 2339 illo
265 2304 343 2354 ipso
365 2300 469 2350 loco,
498 2320 541 2344 ex
566 2321 640 2358 quo
663 2306 805 2345 Palmer
833 2322 918 2358 pro-

115 2366 212 2416 tulit,
227 2381 306 2419 quae
327 2370 433 2409 nobis
446 2371 588 2424 objicit.
600 2372 661 2412 Sic
674 2375 784 2425 igitur
796 2375 919 2412 scribit

114 2432 307 2471 Bossuetus
325 2461 337 2479 ‚
367 2434 434 2474 lib.
457 2452 477 2474 x
500 2467 510 2484 ‚
535 2451 615 2490 cap.
648 2453 662 2477 1
699 2453 710 2477 :
739 2438 801 2477 Ne
825 2439 920 2491 quid

114 2500 337 2536 necessaria>
350 2500 607 2552 disputationi
638 2505 738 2541 desit
752 2534 763 2551 ‚
793 2505 920 2557 placet

112 2577 298 2615 exponere
320 2564 552 2605 luculentius
571 2568 669 2606 illud
693 2571 891 2609 immotam
906 2601 915 2618 ‚

112 2630 212 2681 quod
231 2635 276 2668 *in
298 2630 374 2681 fide
399 2632 511 2669 Petri
544 2646 670 2672 omnes
696 2635 743 2673 ab
771 2638 920 2688 oriyiue

112 2698 271 2747 aqnovit
300 2698 526 2748 antiquitas.
562 2698 617 2736 Id
643 2700 791 2753 duplici
813 2702 920 2739 modo

114 2774 138 2798 a
161 2762 347 2799 Patribus
372 2762 600 2801 intellectum
623 2778 634 2803 :
654 2767 854 2817 primum,
879 2773 924 2804 ut

116 2824 294 2873 Ecclesia
316 2827 501 2866 catholica
530 2830 572 2866 iu
609 2827 717 2868 Petri
746 2831 825 2881 side
848 2832 922 2869 im-

115 2898 215 2929 mota
250 2895 435 2931 consistat
465 2924 474 2941 ‚
530 2900 611 2932 tum
648 2902 691 2934 ut
723 2900 921 2935 immotum

116 2955 265 3008 aliquid
281 2965 315 2996 et
328 2960 517 2998 invictum
531 2961 575 2998 iu
596 2959 813 3000 Ecclesiam
824 2975 917 3014 quo-

116 3034 188 3072 que
216 3024 450 3075 peculiarem
480 3039 677 3065 romanam
716 3041 761 3066 ac
794 3027 919 3067 eodem

986 1521 1228 1573 apostolicam
1244 1554 1254 1572 ,
1274 1525 1387 1564 Petri
1391 1527 1485 1578 fide,
1498 1529 1796 1582 proedicatioue,

986 1590 1202 1639 sanquine,
1238 1593 1461 1632 auctoritate
1488 1608 1533 1633 ac
1563 1599 1798 1639 successione

986 1653 1216 1693 translatum
1252 1656 1386 1708 fuerit.
1428 1659 1575 1700 Deinde
1591 1691 1601 1709 ‚
1637 1665 1794 1705 recitatis

987 1717 1121 1757 Christi
1135 1721 1255 1760 verbis
1270 1735 1281 1760 :
1300 1724 1363 1761 Tu
1383 1737 1421 1761 es
1440 1721 1579 1764 Petrus
1592 1753 1606 1775 ‚
1624 1735 1695 1767 etc.
1712 1743 1795 1781 pro-

987 1787 1154 1836 sequitur
1191 1800 1201 1825 :
1240 1787 1394 1841 Quibus
1425 1790 1552 1829 verbis
1592 1792 1794 1845 Christus,

984 1850 1184 1900 quisnam
1204 1854 1373 1892 maxime
1398 1865 1517 1893 unam
1546 1857 1687 1897 volebat
1713 1859 1794 1900 Ec-

984 1916 1137 1954 clesiam
1153 1947 1163 1964 ‚
1189 1921 1335 1957 creavit
1353 1923 1619 1972 maqistratum
1634 1925 1796 1978 atnplis-

984 1986 1083 2022 sima
1106 1998 1186 2033 proe
1214 1988 1361 2025 coeteris
1378 1995 1560 2039 potestate
1579 2003 1626 2028 ae
1655 1994 1794 2044 majes-

985 2055 1058 2087 tate
1086 2052 1295 2102 praeditum
1315 2080 1327 2099 ,
1372 2055 1442 2104 qui
1471 2067 1599 2093 omnes
1635 2067 1797 2097 moveret

984 2114 1035 2152 ad
1060 2116 1248 2154 unitatem
1264 2147 1274 2165 ‚
1292 2120 1461 2156 maxime
1486 2120 1528 2156 in
1549 2120 1641 2170 fide.
1670 2121 1797 2174 Atque

984 2179 1045 2217 his
1067 2180 1141 2219 duo
1153 2182 1308 2233 quidem
1323 2184 1565 2234 confirmavit
1580 2199 1590 2223 :
1615 2185 1793 2236 alterum,

984 2244 1090 2283 haud
1111 2247 1303 2286 immerito
1340 2248 1502 2287 Petrum
1527 2253 1704 2290 omnium
1724 2266 1794 2291 uo-

984 2312 1089 2349 miue
1109 2313 1346 2364 respondisse
1362 2343 1373 2362 ‚
1396 2315 1464 2365 qui
1481 2317 1654 2354 omnium
1671 2320 1792 2370 prin-

984 2389 1071 2428 ceps
1094 2377 1142 2415 ab
1163 2379 1248 2431 ipso
1268 2380 1449 2431 maqistro
1482 2380 1633 2420 Christo
1656 2385 1795 2422 comti-

985 2448 1087 2479 tutus
1109 2449 1202 2481 esset
1221 2459 1237 2493 ‚·
1260 2443 1420 2482 alterum
1437 2475 1447 2492 ‚
1478 2448 1623 2497 quoties
1646 2462 1792 2488 succes-

985 2519 1083 2545 sores
1119 2508 1233 2548 Petri
1264 2523 1503 2549 communem
1524 2509 1789 2552 Ecclesiarum

982 2571 1120 2622 fidem,
1156 2588 1203 2613 ea·
1228 2577 1424 2614 communi
1454 2575 1686 2627 traditione,
1715 2594 1790 2632 pro

986 2637 1103 2689 officio
1125 2648 1365 2692 promerent,
1407 2655 1536 2680 eorum
1567 2643 1786 2693 decretum,

981 2703 1293 2754 praedicationem
1308 2736 1318 2754 ‚
1337 2707 1454 2758 fidem
1472 2737 1483 2756 ‚
1501 2708 1585 2759 fore
1604 2708 1790 2748 Ecclesioe

981 2768 1291 2820 fundamentum.
1311 2773 1441 2813 Nescio
1455 2805 1464 2819 ‚
1488 2783 1613 2814 utrum
1633 2777 1710 2815 haec
1732 2792 1789 2816 ar-

987 2834 1128 2875 rideant
1140 2836 1374 2893 Anglicanis.
1390 2839 1470 2878 Cfr.
1485 2854 1572 2892 opp.
1595 2841 1684 2881 edit.
1700 2841 1788 2881 Ver·

987 2902 1105 2941 sailles
1143 2903 1245 2946 1818
1263 2937 1273 2955 ,
1303 2914 1392 2945 tom.
1429 2919 1544 2946 xxxln
1563 2935 1572 2953 ‚
1607 2920 1684 2959 pag.
1712 2904 1786 2957 148

986 2974 1020 3004 et
1044 2979 1148 3021 seqq·

1518 3110 1598 3156 24.
