2028 3354
239 193 332 241 384

681 210 867 240 'numu
906 211 959 240 DE
995 209 1113 241 LOCIS
1149 213 1447 246 THEOLOGICIS·

237 333 458 390 praeterea
483 358 495 382 ,
519 323 708 369 Petrum
733 322 1050 371 obedientiam
1071 334 1119 372 et
1137 326 1470 388 subjectionem
1503 332 1780 395 Imperatori
1804 335 1928 392 ejus—

238 418 328 467 que
360 398 553 446 ducibus
580 399 640 445 ad
661 399 932 465 exemplum
962 400 1094 448 Pauli
1118 402 1192 466 (l)
1214 407 1591 467 commendasse,
1615 407 1741 472 quod
1759 407 1931 455 iterum

237 477 295 525 de
333 475 519 540 Imperii
560 474 747 522 subdito
789 494 992 542 pronum
1030 485 1100 525 est
1131 478 1417 544 intelligere,
1452 483 1500 529 in
1537 501 1588 530 ea
1622 493 1843 548 praeterea
1879 484 1932 530 fit

237 552 413 599 mentio
443 551 501 598 de
525 552 712 599 Silvano
731 570 812 600 seu
832 554 923 599 Sila
939 590 952 612 ,
981 556 1107 619 prius
1131 554 1260 602 Pauli
1280 556 1448 605 deinde
1478 561 1602 607 Petri
1625 562 1796 607 comite
1825 560 1901 623 (2)
1918 597 1930 619 ,

237 628 479 675 notissimo
518 628 566 674 in
593 627 682 675 illis
713 628 1008 692 regionibus,
1045 630 1103 677 ad
1138 648 1251 694 quas
1287 650 1370 697 per
1409 632 1617 682 Silanum
1647 638 1811 683 Petrus
1841 625 1962 700 epi-¹

237 705 406 753 stolam
437 722 568 752 suam
596 705 740 751 mittit
774 705 874 768 (3),
900 723 986 753 nec
1013 724 1109 753 non
1139 707 1197 755 de
1229 709 1408 766 Marco,
1434 727 1598 774 quem,
1631 721 1683 757 ut
1703 711 1932 770 vidimus,

238 791 417 829 veteres
444 781 506 827 ad
535 799 685 827 unum
718 798 880 828 omnes
909 782 1120 830 referunt
1145 785 1300 830 Romae
1340 785 1574 848 scripsisse
1602 787 1933 850 Evangelium,

236 858 467 924 probante
500 860 632 905 Petro
652 894 664 916 ,
691 875 926 923 quemque
954 859 1091 919 hujus
1111 860 1253 925 ipsius
1281 862 1511 926 epistolae,
1537 861 1746 909 dictante
1770 864 1934 923 Petro,

237 935 491 983 sententias
524 951 735 981 exarasse
771 934 934 998 plures
968 935 1206 983 affirmant
1236 936 1321 1001 (4).
1356 938 1473 984 Cum
1509 938 1581 984 his
1617 955 1757 1002 porro
1782 939 1936 985 omni-

236 1012 324 1059 bus
347 1011 630 1076 argumentis
658 1011 927 1058 extrinsecis
956 1020 1003 1059 et
1024 1012 1285 1059 intrinsecis
1308 1014 1344 1060 si
1367 1013 1495 1061 leves
1524 1018 1810 1076 conjecturas
1831 1031 1938 1061 con-

237 1090 380 1149 feras,
406 1088 573 1153 quibus
587 1087 895 1147 recentiores,
917 1097 1081 1134 cuncta
1096 1088 1356 1137 innovandi
1375 1089 1582 1137 lubidine
1603 1089 1759 1149 ducti,
1786 1107 1840 1137 eo
1855 1089 1939 1137 de-

238 1174 500 1224 venerunt,
524 1174 577 1211 ut
598 1164 673 1212 vel
691 1164 917 1211 Chaldaeae
939 1165 1254 1230 metropolim,
1278 1166 1353 1213 vel
1377 1167 1566 1231 Aegypti
1581 1167 1716 1228 hujus
1735 1168 1938 1213 nominis

238 1243 434 1301 urbem,
473 1250 553 1289 aut
582 1242 731 1306 ipsam
772 1241 1143 1306 Hierosolymam
1184 1242 1492 1305 significatam
1538 1259 1636 1289 esse
1683 1242 1938 1290 contende-

239 1329 369 1380 rent,
411 1318 694 1385 comperies,
717 1335 792 1365 eas
818 1317 957 1383 plane
978 1335 1255 1366 evanescere
1279 1319 1376 1383 (5);
1412 1319 1670 1383 praesertim
1707 1335 1813 1365 cum
1842 1337 1939 1366 non

301 1503 355 1557 (l)
384 1500 465 1540 Cfr.
488 1496 660 1536 michael.
686 1503 775 1534 sect.
797 1508 836 1533 11.

300 1569 358 1618 (⁶2)
388 1568 441 1605 Ex
455 1565 546 1604 urbe
570 1562 766 1605 Corinthi,
788 1560 852 1599 ubi
867 1567 954 1598 teste
968 1558 1059 1598 Dio-

245 1637 355 1690 nysio
374 1631 651 1672 Corinthiorum
671 1628 794 1679 Episc.
814 1625 940 1664 Petrus
965 1638 1059 1677 prae-

246 1702 383 1741 dicavit
396 1730 407 1747 ‚
421 1698 592 1737 comitem
604 1694 675 1733 sibi
696 1693 848 1731 adscivit
860 1691 975 1729 Silam
983 1692 1060 1729 sive

246 1770 440 1810 Silvanum
458 1792 470 1812 ‚
495 1764 540 1801 de
569 1775 643 1813 quo
673 1761 712 1797 fit
733 1772 851 1797 sermo
877 1758 958 1795 Act.
977 1770 1026 1795 xv
1045 1786 1056 1805 ‚

248 1849 298 1888 27
317 1865 327 1882 ‚
355 1833 423 1880 32,
451 1827 518 1880 40.
541 1828 621 1866 Cfr.
641 1826 784 1864 calmet
805 1832 840 1863 et
867 1823 1059 1862 Cornelius

247 1916 268 1939 a
290 1898 428 1950 Lapide
445 1925 455 1942 ‚
480 1898 520 1933 in
544 1908 556 1931 1
579 1892 676 1930 Petr.
698 1906 720 1928 v
738 1917 749 1938 ‚
781 1903 842 1928 12.

306 1964 358 2016 (3)
389 1961 577 2006 1Pet.,v‚
614 1971 678 1995 12.

307 2031 358 2083 (le)
380 2028 460 2068 Cfr.
483 2033 665 2073 auctores,
681 2034 774 2074 quos
784 2019 893 2072 paulo
908 2026 990 2057 ante
1007 2018 1062 2056 al-

250 2094 537 2150 legavimuS‚qui
544 2104 621 2131 uno
632 2091 755 2128 animo
765 2094 956 2133 testantur,
967 2083 1064 2122 Mar-

251 2178 338 2203 cum
347 2161 520 2201 comitem
534 2166 570 2196 et
580 2159 819 2205 interpretem
830 2153 941 2190 fuisse
956 2150 1064 2190 S.Pe-

253 2231 314 2277 tri,
330 2230 395 2281 qui
405 2232 593 2279 propterea
607 2222 836 2265 existimant,
851 2217 1065 2255 &Marcum

253 2296 364 2333 fuisse
384 2301 652 2332 amanuensem
678 2286 802 2332 Petri,
830 2290 1013 2335 quatenus
1035 2282 1067 2320 ei

251 2360 436 2399 calamum
451 2370 493 2394 ac
513 2353 653 2408 stylum
679 2348 1009 2390 accommodaverit
1029 2348 1069 2384 in

255 2424 466 2465 scribendo.
497 2420 593 2459 Sane
616 2418 734 2472 stylus
757 2414 890 2468 prioris
912 2413 1067 2464 epistolas

255 2505 276 2530 a
298 2490 395 2543 stylo
417 2486 627 2540 posterioris
656 2479 830 2521 nonnihil
855 2478 1066 2529 discrepat,

257 2564 384 2609 utpote
410 2554 457 2593 ab
478 2552 548 2591 alio
573 2557 746 2590 exaratae.

312 2621 370 2673 (ὅ),
392 2618 540 2657 Horum
579 2616 750 2653 omnium
777 2611 1068 2660 discrepantium

258 2686 526 2727 sententiarum
557 2689 721 2719 auctores
756 2685 792 2716 et
822 2683 1067 2727 argumenta,

261 2754 396 2807 quibus
422 2762 526 2788 suam
540 2747 798 2798 unusquisque
814 2741 1000 2780 adstruere
1013 2743 1071 2779 ni-

261 2821 349 2857 titur
363 2845 376 2865 ‚
394 2815 505 2854 refert
528 2811 610 2849 Pott
626 2841 636 2857 ‚
653 2823 714 2861 op.
733 2817 768 2846 et
793 2807 866 2845 loc.
892 2809 956 2845 cit.
974 2807 1069 2858 prol.

261 2900 346 2938 pag.
368 2895 412 2921 12
435 2889 469 2920 et
493 2892 597 2931 seqq.
628 2878 691 2929 qui
714 2883 889 2927 praeterea
907 2881 946 2910 et
962 2873 1071 2910 aliam

261 2950 395 3003 adjecit
420 2948 460 2985 in
493 2940 793 2983 adnotationibus
820 2938 866 2976 ad
899 2951 978 2989 cap.
1017 2935 1042 2976 5
1060 2966 1070 2983 ‚

263 3016 286 3056 3
305 3044 316 3063 ,
346 3012 406 3065 14.
442 3011 495 3050 Ex
525 3022 571 3048 eo
590 3018 726 3058 nempe
748 3004 849 3057 quod
864 3005 903 3042 iu
928 3003 1073 3053 vulgato

1119 1502 1217 1533 textu
1232 1494 1324 1533 desit
1342 1507 1414 1532 vox
1433 1493 1657 1544 Ἐκκλησία,
1691 1495 1940 1546 collegerunt,

1120 1560 1278 1598 Wolfius
1291 1568 1326 1597 et
1338 1559 1483 1598 Millius
1497 1575 1621 1599 vocem
1635 1564 1852 1604 Συνεκλετῆν
1866 1573 1942 1599 esse

1121 1641 1259 1665 nomen
1274 1628 1432 1665 foeminae
1456 1627 1650 1679 cujusdam
1664 1658 1673 1674 ‚
1700 1638 1736 1665 et
1755 1629 1944 1678 speciatim

1120 1697 1247 1735 uxoris
1255 1695 1366 1743 Petri,
1374 1709 1485 1747 quam
1495 1698 1572 1747 ipse
1580 1709 1663 1735 secu
1670 1695 1937 1747 mBabylonem

1121 1763 1289 1803 duxerat.
1316 1760 1426 1801 Hanc
1438 1765 1659 1801 sententiam
1674 1763 1870 1813 amplexus
1884 1769 1938 1800 est

1124 1828 1222 1876 Ροῐῑ,
1240 1830 1303 1881 qui
1316 1828 1469 1879 proinde
1482 1828 1630 1881 adjecit,
1645 1827 1812 1866 Marcum
1826 1828 1938 1866 fuisse

1123 1894 1243 1933 filium
1260 1893 1465 1933 naturalem
1492 1894 1588 1932 Petri
1605 1909 1615 1943 3
1633 1907 1797 1946 eumque
1819 1895 1937 1945 poeni-

1124 1963 1208 2008 tuit,
1227 1961 1327 2012 quod
1341 1960 1419 1998 haee
1427 1961 1588 1999 omiserit
1601 1962 1641 1998 in
1653 1960 1935 2011 prolegomenis,

1125 2040 1209 2079 quae
1231 2034 1311 2065 tum
1342 2026 1455 2078 praelo
1481 2039 1610 2065 excusa
1635 2034 1766 2073 erant,
1789 2026 1937 2077 quando

1124 2093 1205 2131 haec
1230 2092 1449 2132 observavit.
1476 2092 1533 2131 Ita
1563 2100 1710 2130 strenue
1738 2098 1937 2141 nugantur,

1126 2161 1192 2211 qui
1217 2172 1293 2197 non
1331 2159 1564 2211 antiquitatis
1595 2159 1845 2205 documenta,
1874 2157 1938 2195 sed

1127 2225 1292 2277 proprias
1312 2233 1497 2264 sectantur
1511 2227 1740 2276 conjecturas
1760 2225 1800 2261 in
1817 2221 1940 2274 Scrip-

1129 2299 1295 2329 turarnm
1326 2291 1584 2342 intelligentia.
1609 2288 1682 2328 Sed
1709 2289 1779 2328 cfr.
1805 2288 1938 2340 Foggi-
1966 2303 1968 2305 ¹

1130 2356 1233 2400 nius,
1254 2356 1325 2394 loc.
1346 2357 1409 2393 cit.
1439 2357 1503 2407 qui
1526 2356 1605 2392 haec
1637 2355 1677 2391 in
1713 2361 1939 2392 antecessum

1132 2418 1237 2458 docte
1271 2420 1488 2472 eruditeque
1521 2419 1721 2458 refellerat.
1752 2419 1940 2472 Quoniam

1132 2500 1216 2525 vero
1238 2486 1283 2524 de
1308 2485 1546 2537 opinionibus
1580 2486 1834 2537 singularibus
1860 2496 1942 2534 pro-

1132 2555 1345 2593 testantium
1370 2553 1513 2602 agimus
1527 2582 1538 2598 ,
1563 2565 1640 2589 non
1654 2552 1720 2589 abs
1737 2565 1775 2589 re
1795 2552 1862 2589 erit
1875 2548 1941 2586 ad-

1129 2621 1242 2673 jicere
1253 2626 1426 2656 eventum
1443 2617 1696 2664 memorabile,
1716 2614 1815 2666 quod
1827 2612 1938 2664 ephe-

1135 2685 1272 2723 meride
1286 2685 1467 2722 litterariae
1486 2683 1693 2735 Lipsienses
1714 2681 1726 2730 (
1743 2679 1946 2730 Leipziqer

1135 2748 1572 2800 Litteratur-Zeitunq,
1607 2745 1733 2791 1831,
1762 2758 1843 2795 pag.
1873 2741 1946 2795 195

1135 2824 1168 2853 et
1190 2816 1322 2868 seqq.)
1338 2815 1503 2854 referunt
1520 2843 1531 2859 ,
1548 2812 1716 2850 sciliceta
1729 2811 1948 2848 centurione

1135 2882 1298 2933 quodam
1314 2909 1325 2927 ‚
1348 2880 1536 2919 occasione
1557 2875 1798 2928 expeditionis
1824 2874 1948 2926 Napo-

1135 2946 1286 2984 leonicae
1304 2947 1343 2983 in
1369 2944 1570 2996 AEgyptum
1602 2948 1775 2992 susceptas
1794 2969 1805 2987 .,
1835 2952 1947 2991 prope

1133 3010 1281 3063 Jopp'en
1311 3009 1422 3061 Syriae
1456 3008 1554 3047 hanc
1578 3007 1713 3058 lapidis
1737 3005 1948 3058 sepulcralis
