2028 3354
395 208 522 237 mar.
558 210 584 236 ι.
627 208 749 238 secr.
787 208 837 237 11.
879 210 975 240 cn».
1017 210 1069 238 11.
1111 210 1164 242 ΒΕ
1201 207 1385 240 anAr.
1423 209 1602 242 murm.
1721 194 1815 242 373

120 319 287 367 falsum
322 330 417 379 est;
448 337 534 368 nec
565 322 690 368 enim
725 322 949 370 Catholici
979 341 1034 371 ex
1064 324 1388 371 convenientia
1409 360 1422 385 ‚
1463 324 1706 372 commodo
1735 336 1816 374 aut

119 396 318 443 utilitate
335 432 346 453 a
384 413 484 461 quae
516 414 573 444 ex
597 399 801 463 primatu
827 399 885 446 ad
909 400 1137 446 unitatem
1169 399 1375 447 Ecclesiae
1394 400 1675 449 firmandam
1702 420 1817 467 pro-

121 473 315 519 veniunt
340 509 351 529 ,
389 490 597 537 unquam
641 475 842 522 intulere
883 477 1113 540 primatus
1150 476 1293 540 ipsius
1325 476 1623 523 existentiam
1666 486 1808 542 atque

116 548 489 607 institutionem3
527 550 608 596 sed
638 567 663 596 e
704 561 863 597 contra
902 551 1166 597 certissimis
1210 550 1393 597 biblicis
1429 569 1481 598 ac
1505 552 1815 601 traditionali-

115 622 202 669 bus
235 624 524 671 documentis
547 626 804 673 ostendunt
824 627 1080 690 primatum
1106 643 1129 670 a
1154 625 1338 672 Christo
1369 627 1417 671 in
1449 627 1645 674 Ecclesia
1667 638 1811 676 statu-

114 707 215 746 tum
237 717 287 746 ac
319 702 453 747 Petro
485 701 702 748 collatum
721 738 733 760 7
761 711 807 748 et
838 719 893 747 ex
917 701 1081 748 iisdem
1110 700 1403 746 documentis
1422 702 1656 765 probant·7
1689 704 1815 752 hunc

114 778 368 841 primatum
413 789 692 844 perpetuum
735 779 1002 825 institutum
1035 794 1133 824 esse
1165 776 1225 823 ad
1268 776 1479 825 Ecclesiae
1518 777 1727 841 bonum7
1763 800 1815 830 ac

113 854 343 900 unitatem
383 854 491 902 fidei
514 864 561 902 et
582 855 920 902 communionis
960 852 1241 902 servandam
1261 889 1273 907 ,
1305 871 1393 902 nec
1425 863 1670 919 propterea
1703 874 1809 906 cum

115 931 240 976 Petri
261 930 391 977 obitu
417 932 670 978 terminare
700 930 927 978 debuisse.
957 930 1122 978 Nullus
1145 930 1375 994 igiturhic
1388 931 1527 977 datur
1542 936 1814 994 conjecturae

114 1004 270 1065 locus,
310 1016 390 1052 aut
419 1005 670 1053 arbitrariae
707 1024 787 1053 seu
826 1008 1037 1070 gratuitae
1064 1005 1290 1065 illationi,
1312 1016 1363 1053 ut
1391 1024 1639 1073 perperam
1654 1008 1814 1059 adver-

113 1082 259 1128 sarius
283 1081 416 1128 nobis
445 1081 639 1145 affingit.

181 1158 290 1204 545.
327 1159 443 1204 Cum
472 1176 584 1205 vero
621 1176 677 1206 ex
701 1159 816 1205 falso
838 1160 1081 1225 supposito
1110 1159 1315 1225 applicet
1336 1162 1461 1207 casui
1497 1171 1657 1209 nostro
1678 1163 1814 1227 prin-

114 1235 284 1299 cipium
308 1234 541 1295 Bossueti‚
578 1236 703 1299 quod
737 1235 794 1282 ad
818 1252 916 1282 rem
941 1245 1221 1300 praesentem
1242 1253 1340 1283 non
1372 1236 1479 1283 facit
1495 1273 1507 1295 ‚
1540 1255 1740 1302 cumque
1756 1257 1813 1286 ex

112 1310 237 1357 falsis
254 1311 501 1375 praemi-ssis
519 1310 766 1357 concludat
789 1311 1105 1370 adversariuS‚
1133 1329 1229 1359 non
1251 1329 1386 1377 posse
1410 1329 1435 1358 a
1450 1311 1584 1359 nobis
1610 1314 1812 1361 demon-

113 1386 246 1433 strari
270 1422 281 1440 2
306 1385 527 1433 collatum
547 1404 646 1433 esse
678 1388 815 1433 Petro
834 1404 859 1433 a
882 1387 1064 1434 Christo
1084 1389 1284 1434 Domino
1306 1388 1564 1451 primatum
1590 1398 1642 1435 ut
1660 1392 1812 1453 013]ὲο-

113 1473 214 1509 tum
244 1480 543 1525 permaneus
558 1499 570 1521 ‚
589 1480 649 1510 ne
662 1479 768 1509 cum
790 1464 1008 1528 temporis
1021 1463 1265 1528 dispendio
1276 1463 1348 1510 his
1361 1464 1627 1512 refellendis
1651 1466 1812 1530 singil-

112 1538 245 1584 latim
264 1541 593 1597 immoremur‚
614 1539 721 1584 satis
743 1538 830 1584 erit
845 1539 1111 1586 haecomnia
1127 1538 1274 1586 veluti
1291 1544 1475 1603 aloyz‘ca
1488 1550 1806 1590 contemnere.

114 1617 204 1660 Ista
226 1632 335 1661 vero
361 1614 611 1661 adversarii
636 1615 800 1678 agendi
824 1616 942 1661 ratio
972 1614 1253 1661 luculentius
1271 1615 1422 1662 adhuc
1440 1626 1635 1681 apparet
1653 1618 1703 1663 in
1722 1635 1778 1664 eo
1795 1654 1808 1677 a

113 1690 238 1755 quod
274 1699 510 1754 postremo
546 1690 729 1752 subjicit
771 1691 899 1749 loco7
943 1709 1000 1739 ex
1036 1691 1241 1755 primatu
1274 1692 1396 1738 Petri
1431 1709 1528 1737 non
1561 1710 1698 1757 posse
1727 1711 1810 1740 nos

112 1765 343 1813 deducere
363 1771 455 1829 jus
495 1769 720 1813 divinum
761 1768 988 1833 primatus
1025 1767 1237 1828 romani,
1268 1768 1375 1831 quia
1401 1769 1555 1832 potuit
1596 1769 1809 1817 Christus

113 1841 246 1888 illum
280 1843 489 1890 conferre
516 1845 651 1890 Petro
688 1845 736 1889 in
767 1844 1013 1908 praemium
1033 1843 1170 1901 fidei,
1202 1842 1287 1890 zeli
1320 1860 1372 1890 ac
1403 1842 1666 1891 dilectionis
1685 1862 1808 1903 suae,

112 1919 163 1964 in
193 1936 285 1983 quo
323 1920 569 1967 manifeste
605 1919 921 1979 adversarius,
959 1930 1011 1967 ut
1039 1918 1179 1985 paulo
1216 1928 1328 1967 ante
1358 1919 1805 1979 animadvertimus,

115 1996 362 2058 permiscet
383 1997 885 2043 causaminstitutionis
904 1997 1131 2061 primatus
1150 2013 1255 2042 cum
1272 1996 1466 2055 motivo,
1487 2014 1579 2061 quo
1597 1996 1808 2044 Christus

117 2070 254 2117 illum
283 2074 420 2119 Petro
446 2073 599 2136 potius
630 2089 773 2137 quam
803 2072 936 2121 alteri
971 2072 1192 2139 Apostolo
1215 2072 1479 2120 contulerit.

747 2280 1070 2323 PROPOSITIO
1102 2281 1157 2321 11.

117 2415 291 2460 Petrus
323 2417 528 2464 Romam
564 2423 693 2465 venit
711 2456 722 2473 ,
744 2427 884 2481 atque
904 2419 1051 2480 hujus
1074 2419 1216 2464 urbis
1244 2422 1569 2481 episcopatum
1595 2421 1813 2465 instituit

513 2498 728 2557 ‘rexitque
758 2511 907 2557 usque
937 2495 1007 2539 ad
1028 2495 1212 2540 obitum
1237 2512 1398 2541 suum.

183 2684 295 2731 546.
334 2685 445 2731 Fere
464 2686 611 2749 sopita
631 2694 728 2732 erat
753 2685 839 2732 sub
862 2686 1006 2732 finem
1033 2686 1172 2733 seculi
1196 2684 1341 2751 elapsi
1364 2689 1678 2736 controversia
1706 2687 1805 2736 haec

109 2760 287 2819 critica,
315 2778 418 2825 quae
438 2760 495 2807 de
526 2761 731 2808 adventu
750 2762 875 2808 Petri
902 2762 950 2807 in
983 2759 1156 2808 Urbem
1185 2766 1374 2826 ejusque
1403 2781 1597 2810 romano
1630 2763 1809 2828 episeo-

109 2834 222 2898 patu
249 2853 301 2884 ac
322 2838 371 2883 in
395 2836 556 2885 eadem
575 2835 690 2884 urbe
708 2837 931 2901 martyrio
949 2837 1116 2900 agitata
1136 2838 1215 2885 diu
1243 2839 1330 2885 fuit
1357 2838 1482 2887 inter
1499 2848 1807 2904 protestantes

110 2918 157 2956 et
182 2911 427 2961 catholicos
466 2913 643 2978 ingenti
687 2913 829 2960 animi
869 2913 1185 2962 contentione.
1222 2914 1390 2962 Perciti
1428 2915 1657 2979 siquidem
1691 2930 1809 2978 pro-
1864 2956 1866 2959 ,

111 2994 333 3036 testantes
368 2989 579 3054 plerique
605 2990 747 3037 totius
798 2989 1087 3055 antiquitatis
1125 2990 1334 3055 pondere
1358 3027 1370 3050 7
1414 3006 1695 3054 suorumque
1723 2989 1811 3036 do,-
