2028 3354
165 187 259 234 152
634 204 792 236 macr.
831 203 884 233 nn
920 204 1037 236 iouis
1071 206 1369 236 THEOLOGIClS.

164 317 449 367 unanimiter
481 318 786 381 profitentur,
815 315 1077 364 Romanum
1106 320 1375 366 Pontificem
1408 337 1514 367 cum
1540 320 1737 368 Ecclesia
1764 338 1845 369 seu

163 410 354 458 corpore
393 394 631 438 Pastorum
653 427 664 449 ‚
700 391 797 438 sive
827 392 875 437 in
909 391 1112 438 Concilio
1142 394 1238 441 sive
1267 404 1397 442 extra
1425 396 1708 455 Concilium,
1748 414 1845 444 esse

160 484 347 532 prorsus
376 465 685 513 infallibilem.
728 467 832 514 Haec
868 466 1024 529 regula
1065 484 1308 531 nunquam
1349 472 1535 518 nutavit
1568 481 1647 518 aut
1676 481 1812 519 nutat
1832 508 1850 531 .,

165 543 289 608 quod
318 543 369 587 in
399 542 642 606 praesentia
676 541 810 589 nobis
837 544 945 589 satis
973 550 1057 589 est.
1085 543 1133 588 Si
1165 559 1254 606 qua
1289 554 1508 606 praeterea
1533 549 1847 596 controversia

162 620 278 665 circa
314 618 545 681 potiorem
583 626 765 682 partem
792 618 929 680 hujus
958 617 1129 680 regulae
1163 619 1417 677 excitatur„
1452 622 1615 670 eadem
1644 641 1742 670 non
1775 633 1847 670 at—

166 694 304 757 tingit
326 693 534 756 regulam
558 694 709 757 ipsam
725 730 738 752 ‚
773 711 824 741 ac
846 703 940 740 tota
969 693 1223 740 domestica
1249 704 1346 756 est,
1377 700 1503 758 cujus
1527 710 1764 747 momenta
1790 699 1848 746 ab

164 787 444 834 unaquaque
490 771 876 817 contendentium
911 778 1044 834 parte
1081 770 1278 834 proferri
1314 771 1446 818 solita
1484 783 1642 837 postea
1673 792 1850 840 expen-

163 845 342 892 demus.
378 845 645 892 Absurdum
678 863 819 910 porro
846 855 916 892 est
944 862 1001 892 ex
1026 862 1105 905 eo,
1141 846 1267 908 quod
1285 864 1381 893 non
1402 848 1510 894 satis
1533 858 1709 897 constet
1730 852 1850 898 inter

162 921 420 969 Catholicos
437 958 449 980 7
477 931 581 968 utra
603 922 848 968 auctoritas
869 923 1098 986 potiorem
1121 921 1210 967 sibi
1230 922 1434 969 vindicet
1454 933 1636 987 partem
1652 960 1664 984 ,
1692 935 1852 973 utrum

164 997 337 1045 scilicet
366 998 584 1045 Pontifex
615 1014 824 1043 seorsum
848 1005 1109 1061 spectatus,
1141 1014 1200 1043 an
1237 1014 1345 1044 vero
1373 999 1568 1046 Ecclesia
1592 1017 1672 1047 seu
1697 1002 1855 1049 Conci-

164 1073 281 1120 lium
310 1109 323 1133 ,
358 1073 634 1120 concludere
655 1109 666 1131 ‚
694 1090 846 1137 neque
875 1074 924 1118 in
941 1073 1162 1119 Pontifice
1190 1090 1299 1119 cum
1324 1073 1519 1120 Ecclesia
1542 1092 1622 1121 seu
1653 1077 1854 1124 Concilio

162 1167 264 1197 eam
283 1150 511 1210 residere3
535 1149 652 1195 illud
679 1150 805 1195 enim
828 1148 1025 1213 perinde
1042 1157 1162 1195 esset
1178 1165 1229 1195 ac
1251 1149 1424 1196 inferre
1440 1186 1452 1209 ,
1481 1167 1537 1197 ex
1555 1168 1609 1197 eo
1630 1153 1755 1215 quod
1774 1154 1854 1199 di-

159 1214 353 1291 sputant
372 1225 628 1289 pyhsiologi
650 1261 662 1282 ‚
688 1233 846 1271 utrum
870 1225 919 1269 in
938 1223 1126 1271 cerebro
1147 1259 1160 1283 ‚
1180 1241 1239 1270 an
1258 1225 1307 1270 in
1336 1225 1472 1273 corde
1487 1262 1499 1285 7
1528 1243 1608 1272 seu
1640 1228 1688 1273 in
1711 1237 1853 1291 syste-

157 1311 284 1349 mate
306 1318 479 1349 nerveo
496 1338 508 1361 ⁷
533 1310 613 1347 aut
641 1299 866 1349 vasculari
897 1300 1083 1364 proprie
1105 1300 1200 1347 vita
1231 1300 1460 1361 resideat,
1492 1319 1595 1349 eam
1628 1319 1779 1368 neque
1804 1305 1853 1351 in

157 1387 257 1425 toto
284 1378 474 1425 homine
497 1377 697 1425 residere
721 1377 812 1441 (1).

224 1453 336 1500 250.
362 1454 431 1500 Ad
460 1454 556 1510 2¹1¹,
589 1455 714 1500 Dz'st.
750 1455 802 1499 In
828 1454 910 1513 iis,
943 1471 1045 1518 quae
1072 1454 1121 1499 in
1151 1455 1350 1519 praefatis
1394 1456 1607 1503 Conciliis
1630 1456 1854 1505 adversus

162 1529 402 1577 haereticos
421 1529 612 1576 definita
635 1539 745 1576 sunt
765 1538 850 1576 eta
868 1531 1003 1577 Rom.
1024 1529 1322 1576 Pontificibus
1342 1531 1610 1578 confirmata
1626 1566 1639 1591 ‚
1658 1549 1786 1596 περς
1805 1533 1854 1579 in

163 1607 219 1653 iis
239 1642 252 1667 ‚
272 1623 375 1670 quae
393 1604 589 1671 probata
609 1623 634 1652 a
648 1607 780 1652 Rom.
803 1606 1023 1653 Pontifice
1042 1624 1138 1652 non
1162 1616 1291 1666 sunt,
1309 1618 1388 1655 aut
1413 1609 1463 1654 in
1486 1608 1854 1674 disciplinaribus

161 1683 392 1741 decretis,
434 1691 586 1729 trans.
620 1684 727 1729 Jam
769 1700 879 1730 vero
918 1700 1078 1731 omnes
1118 1684 1291 1747 pariter
1324 1684 1546 1732 Catholici
1568 1686 1620 1732 in
1654 1703 1708 1733 eo
1743 1703 1857 1733 eon-

159 1760 385 1817 veniunt‚
408 1758 598 1805 definita
618 1758 668 1804 in
694 1758 905 1805 Conciliis
932 1758 1279 1805 Constantiensi
1304 1770 1350 1809 et
1367 1761 1617 1808 Basileensi
1635 1761 1855 1809 adversus

160 1834 429 1883 Wicleffitas
445 1870 457 1893 7
479 1834 685 1880 Hussitas
700 1869 713 1893 7
740 1834 966 1881 Bohernos
996 1844 1042 1881 et
1067 1853 1092 1881 a
1111 1836 1311 1882 Martino
1335 1838 1369 1882 V
1388 1846 1434 1884 et
1455 1838 1657 1900 Eugenio
1681 1839 1738 1884 IV
1751 1854 1856 1884 con-

163 1912 369 1967 firmata,
399 1909 587 1975 plenam
618 1909 827 1957 obtinere
861 1911 1213 1969 auctoritatem7
1245 1921 1291 1958 et
1318 1914 1367 1959 in
1394 1913 1481 1960 hoc
1508 1913 1637 1961 nulla
1661 1922 1730 1960 est
1761 1913 1859 1961 dis-

166 1986 385 2050 ceptatio.
410 1986 478 2032 Ad
498 1985 675 2049 reliqua
698 2003 807 2035 vero
829 1986 953 2052 quod
971 1987 1155 2047 attinet,
1175 2003 1275 2052 quae
1292 1988 1458 2052 dogma
1474 2008 1571 2036 non
1590 1991 1828 2053 attingunt
1843 2027 1856 2050 a

168 2079 322 2127 neque
355 2061 664 2126 perhibentur
687 2080 709 2108 a
735 2064 867 2108 Rom.
896 2063 1114 2110 Pontifice
1135 2063 1329 2128 probata
1348 2101 1360 2122 ,
1394 2065 1454 2111 ad
1476 2066 1678 2112 criticam
1702 2065 1858 2113 devol-

168 2148 373 2196 vuntur,
415 2147 462 2185 et
484 2155 569 2184 nos
598 2155 683 2202 pro
720 2140 1071 2203 opportunitate
1099 2139 1432 2204 expendemus.
1472 2142 1538 2188 De
1559 2141 1858 2188 oecumenici-

175 2224 273 2263 tate
303 2214 493 2261 Concilii
511 2213 831 2261 Lateranensis
861 2214 903 2261 V
936 2213 994 2276 ob
1024 2216 1238 2277 exiguum
1265 2216 1593 2281 Episcoporum
1611 2234 1861 2264 numerum

173 2308 199 2337 a
249 2290 489 2338 nonnullis
540 2289 805 2336 dubitatum
857 2299 926 2336 est
950 2310 962 2348 ς
1011 2290 1092 2338 sed
1136 2308 1262 2338 nunc
1303 2292 1361 2339 ab
1391 2292 1606 2339 omnibus
1634 2294 1702 2339 uti
1749 2287 1860 2341 vere

174 2367 517 2415 oecumenicum
563 2366 764 2413 habetur
791 2401 803 2425 a
849 2367 987 2413 etiam
1021 2366 1079 2414 ab
1121 2367 1232 2432 ipsis
1275 2367 1418 2416 Gallis
1450 2369 1521 2432 (2)
1550 2405 1563 2428 7
1602 2360 1863 2417 Concilium

231 2583 280 2634 (l)
296 2584 467 2622 Attamen
480 2586 541 2624 hic
555 2591 611 2624 est
627 2587 901 2638 paralogismus,
914 2601 985 2639 quo
1053 2590 1091 2625 in
1114 2595 1215 2639 parte
1231 2595 1393 2641 systema
1408 2589 1591 2639 peculiare
1607 2597 1728 2641 postea
1742 2584 1862 2626 discu-

178 2651 296 2687 utitur
312 2648 470 2697 Palmer,
489 2664 552 2703 op.
566 2654 629 2690 cit.
646 2659 738 2691 tom.
752 2663 781 2689 11
795 2682 804 2699 ‚
822 2660 916 2702 part.
931 2666 984 2700 iv,
1056 2654 1205 2691 tiernus.

182 2729 264 2767 cap.
286 2728 321 2768 7,
340 2724 428 2754 sect.
452 2729 491 2765 ι,
523 2729 608 2766 pag.
638 2715 708 2754 152
732 2725 768 2755 et
789 2731 897 2769 seqq.
923 2718 986 2756 ubi
1112 2718 1163 2769 (2)
1196 2718 1395 2770 Nunquam
1422 2721 1521 2758 enim
1541 2722 1581 2757 in
1603 2720 1673 2757 hoc
1694 2717 1858 2756 Concilio

178 2782 308 2818 nititur
320 2783 503 2828 evincere,
526 2782 826 2821 infallibilitatem
839 2783 982 2836 Synodi
1050 2785 1316 2836 Episcoporum
1378 2799 1554 2824 numerus
1612 2784 1658 2822 ad
1708 2792 1856 2822 centum

181 2847 414 2884 oecumenicae
438 2846 624 2885 celebratae
655 2855 690 2886 et
718 2848 941 2886 confirmatae
967 2864 988 2887 a
1054 2858 1090 2887 et
1132 2852 1256 2901 viginti
1306 2852 1483 2901 pervenit.
1541 2848 1618 2887 Cfr.
1675 2847 1860 2887 Cabassu-

180 2912 256 2950 solo
287 2911 395 2950 Rom.
429 2911 604 2951 Pontifice
651 2926 726 2951 esse
754 2916 793 2951 in
828 2912 990 2953 Ecclesia
1055 2916 1149 2961 tius,
1175 2914 1326 2953 Notitia
1355 2913 1638 2961 Conciliorum,
1673 2927 1746 2952 sec.
1773 2916 1858 2965 xvi;

179 2990 336 3017 romana
363 2990 507 3017 meram
533 2979 767 3030 opinionem.
805 2979 896 3032 Ejus
922 2981 990 3019 hac
1056 2987 1184 3032 praeter
1218 2979 1470 3035 Cabassutium
1488 3007 1500 3028 ,
1532 2978 1727 3028 Labbeus,
1763 2978 1858 3019 Har-
