2028 3354
230 172 327 219 274

705 183 859 215 TnAc'r.
902 186 955 214 DE
990 186 1111 215 Locis
1147 188 1453 219 THEOLOGIOES.

231 301 474 357 scribitur3
498 314 596 360 qua
607 305 755 359 parte
779 313 885 343 vero
901 300 1153 360 insinuat,
1179 301 1445 350 Ecclesiam
1473 321 1567 351 non
1585 303 1757 352 hahere
1778 316 1931 355 aucto-

230 382 422 426 ritatem
437 374 745 436 subjectionis
764 377 864 420 suis
877 374 1077 420 decretis
1088 378 1328 438 ewiqendoe
1340 381 1484 426 aliter
1494 397 1641 443 qua-m
1653 398 1748 444 per
1758 383 1931 439 media,

230 472 336 518 quae
364 451 578 516 pendent
600 467 631 496 a
661 452 970 512 persuasione
981 466 997 505 ,·
1029 460 1267 514 quatenus
1294 458 1515 504 intendat
1535 457 1804 506 Ecclesiam
1836 478 1933 508 non

231 531 402 577 habere
431 529 652 575 collatam
674 528 774 573 sibi
792 544 824 574 a
851 528 948 574 Deo
965 536 1245 590 potestatem
1269 547 1368 577 non
1395 536 1547 581 solum
1574 536 1824 600 dz'riyendi
1840 555 1934 601 per

230 606 432 654 consilia
449 613 493 651 et
511 606 784 659 suasiones,
806 604 889 649 secl
910 607 1057 650 etiam
1067 606 1289 667 jubendi
1294 623 1387 671 per
1410 609 1524 673 loyes
1538 648 1551 666 ,
1569 630 1626 659 ac
1645 615 1801 660 devios
1823 631 1934 662 con-
1967 633 1969 635 ·

231 693 533 744 tumacesque
551 681 983 741 euteriorejudicio
995 699 1053 727 ac
1064 683 1350 730 salubribus
1360 689 1522 747 poenis
1535 690 1781 736 coe‘rcendi
1795 699 1937 754 atque

230 760 442 825 cogendi7
463 757 523 804 ab
542 756 706 805 eodem
726 756 949 804 Pontifice
971 756 1222 805 damnatur
1234 776 1289 806 ex
1310 761 1485 809 Bened.
1501 764 1622 822 XIV,
1644 766 1694 811 in
1709 767 1844 815 Brevi
1855 768 1942 815 Ad

231 838 457 885 assiduas
472 871 485 893 7
507 833 621 882 anni
644 831 770 880 1755
788 869 802 891 7
832 834 1026 881 Primati
1042 869 1056 893 7
1087 834 1452 902 Archiepiscopis
1474 847 1521 885 et
1548 837 1777 906 Episcopis
1807 844 1938 907 regni

233 913 393 962 Polon.
417 920 466 958 ut
478 911 712 958 inducens
735 912 791 956 in
806 919 1011 973 systema
1034 912 1161 958 alias
1179 911 1469 960 damnatum
1489 923 1546 962 ut
1558 915 1835 964 haereticum
1848 918 1934 984 (1).

301 988 411 1036 414.
450 989 516 1035 Ex
542 1003 633 1052 qua
652 1003 847 1033 censura
872 985 1177 1049 intelligimus
1194 1025 1206 1048 7
1228 987 1321 1036 duo
1335 992 1471 1052 juxta
1497 990 1761 1040 doctrinam
1783 994 1941 1042 catho-

232 1067 371 1114 licam
398 1073 573 1112 asserta
611 1079 709 1110 esse
744 1080 769 1110 a
801 1062 883 1109 Pio
916 1064 974 1109 Vl
1008 1064 1125 1110 circa
1154 1064 1363 1112 Ecclesiae
1390 1068 1715 1116 auctoritatem
1733 1105 1746 1129 7
1770 1070 1942 1119 scilicet

233 1150 518 1208 potestatem
538 1140 662 1203 leges
679 1137 998 1203 disciplinares
1023 1140 1257 1187 condendi
1272 1178 1284 1200 7
1314 1150 1361 1206 et
1381 1152 1663 1207 potestatem
1682 1148 1939 1195 coactivam

235 1220 353 1267 circa
377 1218 536 1266 devios
565 1225 612 1263 et
644 1224 943 1263 contumaces
959 1251 972 1274 7
996 1233 1198 1280 quarum
1225 1217 1374 1265 ambae
1399 1236 1426 1265 a
1454 1221 1550 1267 Deo
1574 1220 1730 1268 eidem
1759 1223 1941 1272 collatae

237 1304 363 1343 sunt.
388 1294 667 1358 Priusquam
697 1309 808 1340 vero
827 1300 1075 1356 utramque
1094 1301 1376 1358 potestatem
1399 1295 1605 1357 Ecclesiae
1627 1297 1942 1361 vindicemus,

239 1370 591 1438 praemittimus7
608 1386 693 1415 nos
711 1368 787 1415 hic
807 1367 935 1433 loqui
950 1367 1152 1431 dejure7
1167 1387 1265 1416 non
1285 1380 1442 1418 autem
1460 1372 1520 1420 de
1531 1379 1690 1437 praa-i
1699 1377 1943 1443 utriusque

239 1447 497 1514 potestatis.
522 1444 594 1494 Ad
616 1445 959 1510 praximcnim
988 1445 1114 1509 quod
1135 1454 1313 1511 spectat
1331 1484 1344 1507 7
1365 1449 1601 1508 novimus7
1625 1451 1783 1516 plures
1801 1453 1944 1502 factas

240 1544 339 1574 esse
365 1543 392 1573 a
422 1526 469 1571 S.
490 1522 608 1571 Sede
632 1523 974 1570 *conventiones
1006 1539 1111 1570 cum
1136 1523 1334 1572 diversis
1355 1526 1497 1573 seculi
1527 1527 1815 1595 Principibus
1837 1567 1850 1590 7
1885 1530 1945 1579 ad

241 1602 417 1669 quaevis
436 1602 487 1647 in
506 1616 669 1648 earum
694 1599 914 1647 exercitio
932 1600 1086 1664 jurgia
1107 1599 1335 1649 tollenda.
1360 1603 1478 1650 Cum
1498 1614 1724 1670 praeterea
1741 1616 1947 1671 potestas

241 1680 449 1729 coactiva
468 1696 566 1726 non
585 1677 726 1725 modo
752 1676 1091 1741 complectatur
1105 1694 1270 1741 poenas
1291 1680 1553 1744 spirituales
1569 1693 1592 1741 7'
1604 1683 1686 1731 sed
1706 1684 1946 1735 afflictivas

298 1867 355 1916 (1)
386 1863 481 1902 Cum
503 1865 603 1902 enim
623 1863 664 1901 P.
681 1862 732 1901 La
751 1862 870 1901 Borde
894 1865 1067 1901 oratoria-

243 1945 315 1970 nus
333 1929 476 1969 librum
498 1927 672 1968 edidisset
685 1958 695 1975 7
713 1929 774 1967 cui
790 1930 846 1967 tit.
862 1924 1068 1980 Principes

241 2010 310 2036 sur
343 1995 519 2041 l’essence
535 2025 546 2043 7
595 1993 633 2033 la
668 1994 894 2032 distinction
937 2000 973 2033 et
1014 1993 1066 2032 les

244 2062 386 2101 limites
408 2061 473 2099 des
489 2060 590 2099 deuo:
610 2061 842 2113 puissances
855 2059 1067 2113 spirituelle

245 2134 282 2166 et
297 2124 511 2181 temporelle
526 2153 538 2175 7
554 2126 780 2177 proscriptus
799 2126 866 2163 iste
878 2126 950 2163 fuit
962 2124 1064 2163 decr.

246 2208 269 2232 v
293 2193 388 2246 Aug.
406 2190 507 2246 1753
524 2222 536 2240 7
559 2204 583 2229 a
608 2190 796 2243 Conqreq.
821 2189 900 2231 SS.
921 2190 1066 2242 Inqui-

248 2260 416 2299 sitiom's.
463 2257 716 2296 Nihilominus
757 2255 1067 2296 Jansenianorum

250 2327 329 2365 zelo
366 2333 404 2365 et
424 2324 606 2364 industria
633 2324 696 2362 hic
718 2323 812 2362 liber
841 2336 919 2361 non
943 2322 1068 2361 solum

249 2406 342 2444 saepe
366 2395 408 2430 in
429 2391 557 2430 Galliis
577 2404 728 2431 recusus
742 2398 797 2429 est
814 2418 825 2436 ‚
853 2389 917 2428 sed
940 2397 1066 2441 praete-

253 2471 315 2497 rea
334 2460 375 2496 in
400 2457 567 2509 linguam
597 2456 811 2508 polonicam
835 2467 1035 2494 conversus
1055 2485 1066 2504 7

253 2537 388 2573 magno
421 2523 520 2561 illius
554 2523 710 2574 regionis
743 2521 965 2560 detrimento
994 2522 1069 2559 dif-

251 2588 494 2628 fundebatur.
509 2586 740 2639 Quapropter
750 2584 971 2625 Benedictus
983 2600 1044 2625 xxv
1055 2616 1066 2636 ‚

249 2655 379 2693 litteris
412 2655 490 2693 suis
514 2653 583 2692 sub
610 2652 709 2691 diem
733 2650 761 2701 4
786 2651 896 2691 Max-t.
939 2651 1065 2707 1755,

252 2722 384 2760 excitat
410 2718 636 2771 vigilantiam
659 2717 863 2758 Praesulum
889 2717 988 2757 illius
1010 2733 1067 2759 re-

255 2788 317 2839 gni
340 2782 525 2824 adversus
542 2782 766 2835 vaniloquos
787 2789 822 2821 et
841 2783 1067 2834 seductores,-

252 2860 297 2891 ιιι
322 2854 400 2904 ipse
426 2851 619 2904 loquitur,
647 2849 818 2892 docentes
836 2879 846 2896 ‚
876 2863 962 2901 quw
992 2864 1071 2889 non

251 2922 417 2971 oportet,
442 2917 513 2968 qui
537 2916 756 2955 constitutos
778 2927 803 2952 a
828 2913 918 2954 Deo
942 2915 1072 2955 civilis

246 2982 445 3033 potestatis
463 2981 564 3030 fines
586 2979 827 3032 amplificare
845 2988 880 3018 et
907 2981 1075 3020 transire

1131 1863 1367 1911 moliuntur,
1389 1863 1580 1905 Ecclesiae
1601 1880 1688 1905 vero
1708 1869 1811 1921 jura
1832 1866 1943 1908 coar-

1131 1934 1249 1977 ctare,
1270 1930 1503 1969 imminuere
1520 1938 1632 1983 atque
1644 1932 1849 1973 convellere
1867 1942 1948 1973 stu-

1130 1994 1220 2032 dent
1229 2012 1243 2040 ,-
1271 2002 1306 2033 et
1338 1995 1486 2034 divinis
1519 1997 1693 2037 hamana
1715 2001 1917 2039 miscentes
1935 2030 1946 2047 7

1131 2061 1339 2111 imperium
1386 2068 1422 2099 et
1468 2062 1723 2102 sacerdotium
1769 2064 1948 2104 seditiose

1130 2126 1382 2165 committunt.
1399 2126 1455 2165 Ita
1479 2129 1630 2180 quidem
1647 2129 1815 2169 Pontifex
1830 2160 1840 2177 7
1856 2130 1877 2183 ὃ
1892 2130 1916 2169 3
1935 2145 1947 2181 ;

1130 2193 1172 2229 in
1190 2188 1352 2243 §autem
1369 2205 1381 2229 1
1392 2222 1403 2240 7
1417 2192 1571 2246 loquens
1583 2194 1630 2233 de
1645 2195 1741 2234 libro
1754 2197 1848 2247 ipsc,
1862 2211 1949 2236 eum

1132 2256 1290 2296 traducit
1328 2259 1381 2296 uti
1413 2256 1581 2310 pravum
1609 2274 1654 2299 ac
1685 2262 1951 2313 perniciosum

1130 2328 1294 2373 systema
1301 2324 1542 2377 jampridem
1558 2325 1606 2365 ab
1618 2327 1826 2379 apostolica
1839 2329 1925 2368 sede
1936 2358 1947 2377 ‚

1126 2390 1343 2439 proesertim
1364 2403 1452 2429 vero
1484 2405 1508 2430 a
1527 2390 1681 2432 Joanne
1709 2405 1791 2433 xx11
1807 2423 1821 2443 ‚
1841 2408 1948 2447 γνω-

1132 2451 1318 2493 decessore
1343 2463 1469 2495 nostro
1485 2486 1496 2508 ‚
1522 2460 1676 2499 constit.
1701 2461 1828 2512 incip.
1849 2460 1950 2499 Lieet

1129 2521 1234 2571 juxta
1261 2521 1466 2561 doctrinam
1484 2553 1495 2571 7
1520 2524 1784 2576 reprobatum,
1811 2538 1856 2564 ac
1874 2538 1950 2577 pro

1132 2584 1309 2627 hoeretico
1321 2601 1493 2641 expresse
1505 2590 1749 2639 damnatum,
1764 2589 1863 2642 quod
1869 2590 1947 2642 fal-

1131 2650 1279 2691 lacibus
1295 2655 1528 2697 ratiunculis
1542 2685 1555 2704 ,
1570 2658 1716 2707 fucatis
1729 2662 1765 2694 et
1785 2655 1838 2693 ad
1860 2656 1950 2695 reli-

1130 2720 1283 2771 qionem
1302 2724 1519 2774 compositis
1532 2722 1674 2770 verbis,
1694 2723 1951 2776 contortisque

1134 2781 1434 2838 Scripturarum
1457 2795 1492 2826 et
1508 2788 1675 2831 ‚Palmam
1698 2788 1924 2829 testimoniis
1938 2819 1949 2837 7

1136 2851 1342 2902 impudens
1366 2852 1527 2904 scriptor
1546 2851 1716 2891 obtrudit
1731 2882 1743 2901 ‚
1759 2866 1833 2904 quo
1856 2855 1951 2893 sim-

1132 2915 1307 2968 plicibus
1332 2924 1367 2955 et
1395 2918 1526 2957 minue
1549 2919 1674 2956 caratis
1689 2918 1852 2969 facilius
1873 2921 1950 2958 im·
2011 2938 2014 2941 v

1135 2987 1273 3032 ponat.
