2028 3354
212 195 273 243 56
681 215 837 246 ruscr.
872 216 928 247 ns
961 217 1080 248 LOCIS
1114 218 1412 249 ruaosoclois.

214 326 272 375 ab
300 328 435 376 initio
463 327 548 375 soli
576 325 778 391 Apostoli
804 343 909 376 cum
930 330 1153 378 ministris
1178 348 1257 379 seu
1287 330 1490 379 diaconis
1517 347 1644 378 sacro
1673 332 1765 378 ritu
1798 331 1892 379 ini-

213 405 336 452 tiatis
355 404 453 467 (1),
481 402 649 449 deinde
676 420 787 450 vero
809 420 916 451 cum
941 405 1263 453 Sacerdotibus
1294 418 1491 472 utraque
1532 407 1737 472 praeditis
1759 416 1893 471 pote-

216 488 333 527 state
349 514 361 536 7
387 476 690 541 presbyterali
711 478 882 527 scilicet
906 488 953 528 et
976 480 1223 545 episcopali
1251 482 1320 544 (2)
1334 517 1350 539 ,
1371 500 1424 530 ac
1456 483 1645 530 demum
1671 482 1892 546 temporis

213 554 363 617 exigui
388 553 521 617 lapsu
558 570 663 599 cum
688 554 949 620 Episcopis,
979 556 1059 619 qui
1077 555 1133 602 ad
1160 558 1458 619 praecavenda
1497 559 1740 606 schismata
1765 561 1893 605 Pres·
1939 564 1942 567 ‘

197 629 412 694 vbyteris,
441 630 522 676 tali
544 630 688 692 gradu
709 630 942 678 destitutis
960 667 972 689 7
1000 631 1280 696 superpositi
1299 641 1408 678 sunt
1431 634 1518 696 (3).
1545 635 1721 682 Exinde
1745 633 1900 681 habe-
1954 634 1955 637 ’

213 722 333 765 mus,
355 705 669 752 Sacerdotium
682 705 822 765 illud,
851 707 975 771 quod
988 707 1038 752 in
1056 724 1136 753 sua
1154 706 1449 770 plenitudine
1470 709 1674 757 Christus
1692 713 1897 776 primum

212 781 444 847 Apostolis
478 781 768 840 contulerat,
811 782 957 830 veluti
993 781 1172 829 flumen
1207 782 1430 829 trifariam
1462 783 1511 829 in
1549 786 1640 831 suis
1679 785 1895 849 gradibus

214 856 486 904 distinctum
511 857 572 904 ad
599 876 684 904 nos
707 875 853 923 usque
874 874 1168 923 promanare.
1194 857 1386 905 Nullum
1406 860 1633 924 siquidem
1658 878 1777 925 pene
1794 879 1899 908 mo-

213 941 496 980 numentum
522 933 880 980 ecclesiasticum
904 943 975 981 est
1001 933 1074 981 vel
1102 951 1127 980 a
1150 934 1458 980 remotissima
1478 936 1578 998 ipsa
1601 937 1900 1001 antiquitate,

214 1009 265 1056 in
295 1026 386 1074 quo
419 1018 500 1056 aut
537 1026 746 1056 seorsum
787 1019 867 1057 aut
892 1009 1032 1056 simul
1067 1010 1208 1057 etiam
1236 1011 1414 1057 mentio
1452 1028 1549 1057 non
1571 1020 1779 1060 occurrat
1795 1012 1903 1077 Epi-

215 1101 492 1150 scoporum,
526 1084 911 1149 Presbyterorum
944 1094 991 1131 et
1020 1087 1345 1133 Diaconorum‚
1384 1085 1452 1133 De
1482 1086 1554 1132 his
1584 1088 1709 1133 enim
1734 1105 1906 1134 monu-

215 1169 376 1208 menta
402 1159 569 1208 biblica
597 1162 794 1225 passim,
819 1161 877 1208 de
896 1162 968 1208 his
988 1160 1202 1209 Clemens
1215 1163 1448 1209 Romanus
1469 1162 1767 1209 immediatus
1788 1164 1905 1227 Apo-

217 1236 444 1284 stolorum
458 1236 727 1301 discipulus‚
744 1254 831 1284 nec
844 1255 940 1284 non
960 1238 1171 1297 Hermas,
1184 1238 1405 1300 lgnaffius,
1421 1239 1905 1303 Papiasfflolycarpus,

217 1312 433 1377 discipuli
458 1312 633 1377 pariter
653 1312 979 1378 Apostolorum
996 1348 1009 1372 ‚
1042 1313 1212 1360 deinde
1239 1314 1405 1379 reliqui
1424 1332 1584 1362 omnes
1601 1350 1613 1374 7
1637 1315 1715 1379 qui
1741 1315 1907 1362 iisdem

218 1398 551 1448 successerunt,
566 1390 851 1435 mentionem
871 1389 1063 1436 faciunt.
1081 1391 1259 1436 Horum
1282 1390 1492 1437 omnium
1510 1408 1908 1455 supervacaneum

211 1461 382 1511 *censeo
409 1465 675 1512 testimonia
707 1466 758 1511 in
788 1465 995 1512 medium
1026 1464 1282 1525 adducere,
1321 1466 1495 1532 quippe
1530 1466 1746 1514 omnibus
1778 1485 1911 1515 com-

219 1549 501 1604 pertlsfflma.
1728 1602 1731 1605 Ι

288 1616 399 1663 101.
440 1616 576 1675 Quod
606 1626 759 1665 autem
786 1618 1021 1683 potissime
1047 1634 1141 1683 prae
1166 1618 1307 1666 oculis
1336 1618 1396 1666 ad
1420 1636 1519 1667 rem
1545 1628 1753 1667 nostram
1770 1620 1823 1666 in
1841 1619 1913 1668 his

221 1691 513 1739 documentis
533 1692 804 1741 habendum
820 1730 832 1754 ,
854 1695 1102 1741 auctoritas
1121 1693 1198 1740 illa
1217 1695 1422 1758 profecto
1444 1704 1512 1742 est
1527 1731 1540 1755 .,
1562 1712 1702 1760 quam
1725 1695 1784 1742 ab
1803 1696 1913 1761 ipsis

222 1768 433 1815 Ecclesiae
465 1769 730 1832 primordiis
764 1778 1071 1815 exercuerunt
1108 1770 1279 1815 summi
1311 1773 1543 1829 Pastores,
1586 1787 1638 1817 ac
1679 1771 1766 1817 sub
1802 1772 1913 1836 ipsis

222 1844 394 1908 reliqui
414 1844 617 1891 secundo
636 1881 647 1904 ,
670 1854 725 1891 ut
747 1843 948 1891 diximus
963 1880 975 1904 ‚
997 1853 1079 1892 aut
1098 1844 1236 1892 tertio
1257 1844 1508 1893 Sacerdotii
1527 1845 1671 1910 gradu
1689 1847 1912 1910 insigniti,

225 1918 490 1983 Presbyteri
509 1937 681 1984 nempe
703 1929 751 1968 et
774 1921 981 1968 Diaconi.
1010 1921 1160 1985 Atque
1181 1928 1232 1966 ut
1249 1921 1544 1968 exordiamur
1569 1921 1627 1968 ab
1658 1922 1913 1988 Apostolis,

224 1995 446 2059 legimus,
473 2013 548 2044 eos
583 2015 607 2043 a
627 1997 798 2061 Spiritu
820 1997 865 2043 S.
889 1997 937 2043 in
966 2013 1081 2061 opus
1105 1996 1352 2043 ministerii
1372 2006 1633 2063 assumptos
1657 1999 1795 2045 fuisse
1811 2035 1823 2057 .,
1847 1999 1917 2046 uti

225 2070 423 2118 Paulum
443 2081 490 2119 et
509 2072 768 2119 Barnaham
785 2071 854 2135 (4)
873 2092 884 2130 3
913 2071 1110 2119 Paulum
1128 2073 1242 2118 item
1262 2081 1308 2118 et
1326 2073 1586 2119 Barnabam
1608 2091 1692 2138 per
1708 2074 1916 2121 civitates

206 2147 429 2213 *singulas
457 2138 754 2212 presbyteros
789 2148 1078 2195 constituisse
1108 2149 1381 2195 auctoritate
1413 2149 1599 2213 propria
1629 2167 1714 2213 per
1738 2165 1917 2197 sacram

226 2224 626 2287 inaugurationem
650 2225 752 2288 (5);
786 2224 977 2288 insuper
999 2224 1194 2271 Paulum
1217 2233 1439 2271 testatum
1462 2241 1561 2272 esse
1577 2261 1590 2283 .,
1614 2225 1861 2290 Episcopos
1890 2242 1917 2272 a

227 2300 402 2365 Spiritu
420 2301 466 2347 S.
491 2301 666 2365 positos
686 2316 785 2348 esse
804 2299 864 2347 ad
882 2301 1141 2364 reyendam
1168 2300 1416 2347 Ecclesiam
1435 2302 1518 2347 Dei
1539 2300 1635 2364 (6);
1660 2301 1918 2365 praefecisse

228 2374 525 2423 Timotheum
555 2377 764 2424 Ecclesiae
796 2375 1036 2441 Ephesinae
1065 2377 1166 2440 (7),
1199 2376 1354 2424 Titum
1384 2378 1593 2424 Cretensi
1626 2378 1722 2440 (8);
1752 2377 1918 2424 iisdem

227 2448 408 2511 regulas
428 2469 480 2499 ac
502 2453 682 2499 monita
704 2451 885 2499 dedisse
902 2487 915 2511 .,
947 2460 1000 2496 ut
1019 2452 1212 2512 scirent,
1238 2452 1471 2516 quomodo
1489 2454 1539 2499 in
1558 2453 1812 2500 commissis
1832 2453 1918 2499 Eo-

231 2523 377 2572 clesiis
397 2528 659 2577 conversari
678 2563 691 2587 ‚
719 2544 888 2591 easque
912 2544 1017 2574 cum
1046 2528 1176 2575 omni
1203 2528 1403 2593 imperio
1421 2528 1684 2594 gubernare
1703 2530 1799 2596 (9),
1821 2528 1918 2593 qui-

212 2714 215 2720 ,
286 2677 340 2729 (l)
370 2676 454 2716 Act.
482 2692 535 2718 w.
1150 2679 1209 2731 (5)
1241 2679 1338 2719 Ibid.
1365 2695 1439 2730 xiv,
1463 2694 1532 2721 20.

286 2743 335 2793 (2)
364 2741 443 2781 cfr.
458 2756 538 2795 quae
550 2743 760 2793 scripsimus
781 2744 820 2782 in
844 2751 950 2782 tract.
969 2743 1030 2782 De
1152 2744 1205 2795 (6)
1233 2745 1332 2785 [bid.
1363 2762 1407 2784 xx
1424 2777 1435 2795 ,
1468 2746 1535 2787 28.

234 2805 385 2846 Ordine
407 2822 449 2846 n.
484 2804 558 2856 104
586 2816 621 2845 et
647 2822 749 2861 seqq.
1153 2811 1207 2863 (7)
1237 2811 1255 2849 I
1281 2812 1327 2850 ad
1353 2811 1452 2850 Tim.
1477 2813 1521 2860 i,
1545 2811 1585 2850 3.

285 2872 430 2925 (3)Cfr.
450 2872 545 2911 Ibid.
559 2887 598 2911 n.
614 2870 664 2925 57
680 2882 717 2913 et
728 2886 829 2926 seqq.
847 2882 881 2913 et
897 2889 937 2914 n.
960 2887 1033 2912 110
1157 2876 1208 2926 (8)
1238 2877 1295 2914 Ad
1323 2876 1395 2915 Tit.
1417 2889 1430 2912 ι
1444 2904 1455 2923 ,
1483 2873 1526 2915 6.

230 2946 264 2978 et
290 2951 392 2992 seqq.
1154 2940 1210 2992 (9)
1240 2940 1340 2980 Ibid.
1379 2953 1435 2988 11,
1478 2939 1550 2989 15,
1578 2948 1614 2979 et
1646 2942 1685 2979 in
1721 2942 1826 2994 epist.
1863 2942 1910 2980 ad

281 3005 336 3057 (h)
365 3004 447 3044 Aet.
478 3006 541 3045 xui
559 3033 570 3055 ,
597 3017 619 3042 2
644 3014 680 3045 et
699 3018 803 3058 seqq.
1100 3004 1218 3045 Hebr.
1252 3020 1345 3056 xm,
1384 3013 1489 3045 vocat
1524 3004 1693 3045 Ecclesiae
1722 3008 1908 3046 ministros
