2028 3354
166 213 228 261 90
640 230 796 261 ·rRAc‘r.
835 232 889 261 nu
923 233 1042 264 Locis
1077 220 1369 266 Tnnozoclcis.

165 342 358 391 Ecclesia
380 361 433 391 ea
463 341 558 389 sola
578 350 665 401 est,
698 358 801 406 quae
820 360 904 408 per
923 345 1116 393 modum
1134 347 1268 394 unius
1288 364 1313 394 a
1335 345 1518 393 Christo
1537 344 1746 391 instituta
1766 354 1837 392 est

164 419 224 466 ad
248 420 396 465 instar
417 416 646 466 individui
669 419 868 468 viventis
891 436 948 467 ex
971 421 1125 469 anima
1149 431 1195 469 et
1218 439 1430 487 corpore,
1465 431 1511 469 et
1529 420 1715 486 quidem
1734 438 1837 467 cor-

162 512 276 560 pore
298 496 495 557 integro,
514 495 650 558 quale
676 497 855 560 exurgit
874 514 928 543 ex
948 497 1097 562 capite
1120 506 1166 544 et
1187 497 1405 544 membris
1423 498 1486 545 ita
1503 498 1624 544 inter
1642 515 1690 545 se
1708 514 1840 544 coor-

165 570 364 630 dinatis,
385 579 438 616 ut
464 580 602 635 caput
620 572 804 636 praesit,
829 572 1037 620 membra
1063 572 1312 619 arctissime
1330 575 1451 620 inter
1476 591 1523 620 se
1548 591 1753 621 connexa
1773 573 1841 620 ei-

162 644 270 693 dem
296 644 504 705 subsint,
536 645 594 693 ab
618 664 766 712 eoque
795 657 1015 712 regantur
1031 685 1043 708 7
1068 658 1366 713 motumque,
1408 657 1460 695 ut
1477 648 1539 695 ita
1563 649 1712 696 dicam
1734 685 1746 707 ,
1781 647 1840 694 ab

160 720 324 769 eodem
357 722 597 788 accipiant.
635 725 742 771 Jam
770 742 880 772 vero
905 724 1155 772 recensitas
1175 733 1307 770 notas
1326 741 1409 770 nos
1433 722 1597 772 ducere
1625 724 1675 771 in
1702 724 1840 785 hujus

160 797 369 845 Ecclesiae
387 799 711 862 cognitionem,
728 809 857 865 patet
869 800 945 848 vel
962 801 1055 848 levi
1073 800 1287 847 instituto
1308 798 1594 863 singularum
1613 801 1846 861 examine,

160 874 284 938 quod
315 874 377 921 sic
402 892 486 940 per
506 885 663 940 partes
693 876 1000 940 aggredimur.

734 1005 807 1047 DE
836 1005 982 1049 NOTA
1011 1005 1269 1048 UNITATIS.

227 1124 336 1172 156.
367 1125 529 1172 Unitas
547 1126 757 1175 Ecclesiae
773 1128 823 1174 in
839 1127 1085 1193 Scripturis
1099 1124 1661 1189 constanterpraedicatur.
1687 1125 1851 1172 Chris-

159 1208 234 1247 tus
262 1201 391 1249 enim
426 1211 560 1250 vocat
599 1202 845 1250 Ecclesiam
876 1221 1078 1268 requam
1107 1209 1278 1258 stium,
1310 1204 1452 1258 ovile,
1488 1203 1713 1258 domum,
1748 1202 1849 1249 Ec-

157 1278 351 1324 clesiam
378 1296 520 1325 suam
547 1296 731 1344 semper
758 1281 809 1326 in
837 1279 1059 1344 singulari
1090 1296 1313 1340 numer03
1347 1277 1589 1344 Apostolus
1614 1294 1723 1325 vero
1740 1294 1847 1342 pas-

159 1353 247 1400 sim
278 1354 449 1402 Christi
476 1354 723 1404 Ecclesiam
750 1365 884 1405 vocat
913 1374 1087 1419 corpus
1115 1357 1319 1411 Christi,
1351 1354 1478 1420 quod
1507 1362 1630 1401 certe
1660 1353 1848 1400 nonnisi

157 1447 308 1477 unum
341 1448 441 1479 esse
473 1441 641 1497 potest.
677 1434 1083 1497 Supervacaneum
1119 1440 1277 1479 autem
1308 1439 1428 1477 esset
1458 1446 1703 1493 congerere
1739 1446 1847 1475 san-

157 1515 340 1553 ctorum
370 1509 563 1555 Patrum
601 1509 867 1556 testimonia
900 1509 1068 1556 adhoc
1090 1507 1513 1571 confirmandum„
1533 1523 1640 1552 cum
1676 1514 1724 1553 et
1761 1504 1851 1552 ad-

159 1584 351 1632 versarii
376 1585 465 1650 ipsi
496 1584 544 1631 id
568 1586 802 1633 fateantur
832 1585 923 1650 (l)

231 1661 339 1708 157.
379 1662 487 1709 Haec
516 1671 673 1709 autem
696 1663 851 1708 unitas
875 1662 1056 1725 exurgit
1076 1677 1132 1707 ex
1155 1660 1333 1706 unitate
1347 1658 1467 1721 fidei
1494 1667 1540 1706 et
1561 1657 1847 1713 charitatis,

160 1754 241 1785 seu
263 1741 637 1793 communionis,
671 1755 762 1802 quo
787 1739 841 1784 fit
871 1745 923 1783 ut
946 1738 977 1783 ii
1003 1753 1163 1783 omnes
1182 1772 1194 1795 7
1213 1735 1293 1800 qui
1320 1734 1379 1781 ad
1396 1733 1624 1780 unitatem
1645 1732 1856 1780 Ecclesiae-

157 1814 429 1878 pertinent,
471 1814 684 1862 eamdem
713 1814 854 1861 fidem
881 1812 1088 1877 profiteri
1122 1821 1169 1859 et
1198 1811 1412 1858 eamdem
1446 1818 1604 1856 tenere
1632 1825 1846 1855 commu—

158 1889 352 1936 nionem
381 1889 599 1937 debeant.
633 1890 678 1936 Si
707 1898 903 1953 utraque
933 1898 1013 1936 aut
1039 1887 1261 1935 alterutra
1285 1886 1433 1944 desit,
1467 1885 1675 1933 Ecclesiae
1693 1884 1846 1930 unitas

160 1981 249 2012 nec
279 1973 378 2024 est,
422 1982 575 2030 neque
607 1965 784 2031 concipi
813 1974 983 2031 potest.
1013 1964 1196 2011 Etenim
1230 1962 1289 2009 ad
1319 1963 1548 2010 unitatem
1575 1960 1684 2008 fidei
1722 1958 1850 2025 quod

160 2050 365 2106 spectat,
396 2051 507 2088 nota
531 2051 642 2088 sunt
669 2041 872 2106 Apostoli
900 2039 1039 2090 verba
1067 2057 1077 2086 :
1118 2040 1252 2087 Unus
1281 2040 1546 2094 Dominus,
1579 2054 1685 2083 una
1698 2037 1849 2098 fides,

159 2134 319 2164 αητωη
349 2119 590 2183 baptisma
617 2119 723 2181 (2);
757 2118 816 2164 ad
852 2119 1081 2164 unitatem
1119 2133 1228 2164 vero
1255 2113 1488 2161 charitatis
1520 2130 1601 2159 seu
1636 2128 1850 2159 commu-

160 2195 313 2241 nionis
343 2195 468 2259 quod
494 2196 661 2241 attinet
689 2229 701 2253 ,
732 2203 1044 2258 praeterquam
1073 2191 1198 2257 quod
1245 2190 1452 2237 Christus
1496 2196 1707 2235 mortuus
1739 2203 1846 2252 per-

160 2269 366 2330 hibetur,
384 2280 441 2318 ut
450 2272 574 2333 filios
590 2272 692 2325 Dei,
711 2272 798 2332 qui
812 2270 1183 2332 erantdispersi,
1200 2273 1502 2330 conyreyaret
1519 2268 1574 2310 in
1588 2280 1746 2310 uniam
1761 2261 1850 2326 (3),

215 2434 273 2484 (1)
300 2435 408 2474 Plura
423 2436 633 2474 testimonia
649 2434 716 2472 Dr.
733 2432 888 2480 palmer,
904 2445 967 2484 op.

162 2501 224 2539 cit.
262 2498 323 2538 De·
355 2498 557 2547 Ecclesia,
593 2507 686 2551 part.
717 2509 731 2535 1
744 2527 756 2546 ,
794 2489 875 2550 cap.
917 2497 943 2548 4
957 2527 967 2545 ,

160 2574 246 2604 sect.
271 2576 296 2603 2
313 2594 323 2611 ‚
351 2568 512 2617 congerit
535 2580 576 2603 ex
589 2564 742 2603 Calvino
755 2592 768 2611 ‚
789 2577 832 2602 ex
854 2563 972 2614 angli-

162 2633 262 2670 canis
280 2660 291 2679 ,
315 2631 597 2683 presbyterianis
615 2659 625 2675 ‚
644 2629 886 2676 methodi-stis,
899 2637 970 2668 etc.

161 2698 227 2748 qui
255 2696 476 2733 unanimiter
497 2696 739 2746 profitentur,
766 2708 873 2745 grave
899 2708 974 2733 esse

169 2768 361 2813 peccatum
375 2760 540 2798 scindere
560 2762 737 2799 unitatem
757 2789 767 2807 ‚
792 2773 835 2798 ac
845 2773 972 2799 omnes

164 2828 281 2865 teneri
307 2826 353 2864 ad
374 2827 679 2864 communionem
703 2839 790 2864 cum
814 2826 883 2872 iis,
907 2828 972 2877 qui

163 2900 362 2931 censentur
374 2904 495 2931 veram
513 2892 647 2930 Christi
660 2891 862 2930 Ecclesiam
880 2904 972 2929 con-

164 2960 326 2997 stituere.
357 2955 501 2997 Verum
534 2957 627 2995 illud
655 2956 782 2995 sedulo
805 2956 971 2995 animad-

166 3022 381 3062 vertendum
393 3031 445 3063 est
455 3035 544 3061 cum
554 3022 742 3061 Fratribus
751 3021 796 3061 de
804 3020 972 3060 Walem-

1039 2431 1157 2469 burch
1172 2458 1183 2477 ‚
1210 2431 1250 2468 in
1274 2437 1440 2468 controv.
1455 2425 1511 2466 De
1525 2429 1624 2465 notis
1637 2439 1704 2464 seu
1727 2425 1853 2476 siquis

1040 2496 1220 2536 Ecclesiae
1236 2526 1246 2544 ‚
1271 2504 1366 2548 part.
1393 2503 1488 2547 post.
1517 2493 1536 2547 §
1561 2506 1585 2533 2
1601 2522 1612 2540 ,
1645 2494 1730 2532 licet
1759 2492 1850 2529 Pro-

1041 2570 1215 2603 testantes
1263 2575 1392 2600 omnes
1428 2590 1440 2608 ‚
1501 2560 1629 2599 saltem
1684 2561 1847 2610 ipsorum

1043 2633 1233 2680 tempore,
1259 2628 1474 2679 agnoverint
1492 2625 1691 2664 Ecclesiam
1716 2634 1847 2668 usnam,

1044 2693 1164 2733 nullas
1179 2702 1303 2732 tamen
1314 2692 1558 2731 confessiones
1570 2688 1850 2727 protestantium

1044 2773 1180 2811 ponere
1210 2761 1394 2798 unitatem
1423 2765 1603 2809 tanquam
1640 2760 1767 2790 notam
1785 2751 1843 2789 vel

1043 2827 1190 2878 signum
1209 2837 1304 2864 verae
1332 2823 1516 2863 Ecclesiae.

1097 2891 1149 2942 (2)
1181 2890 1320 2942 Ephe&
1339 2897 1393 2936 iv,
1425 2885 1464 2924 5.

1096 2955 1147 3007 (3)
1174 2955 1284 2994 Joan.
1313 2964 1374 3001 xi,
1420 2949 1486 2990 52.
1516 2948 1589 2989 Ubi
1614 2949 1745 3000 pariter
1772 2947 1852 2986 ani-

1042 3019 1343 3060 madvertendum
1360 3024 1437 3064 est,
1468 3028 1553 3055 cum
1571 3013 1728 3053 dicimus
1743 3042 1755 3061 ‚
1784 3024 1850 3050 no-
