2028 3354
234 183 297 230 82
706 189 867 221 ‘rr-Aer.
902 186 956 217 nn
989 186 1106 217 Locls
1141 185 1437 217 rnnorocmis,

234 329 363 368 crum
388 309 448 356 ad
474 304 691 369 tegendas
728 319 799 348 res
826 301 1086 348 notissimas
1115 300 1201 347 sub
1231 300 1437 364 mysterii
1462 298 1595 361 velo;
1620 310 1778 348 contra
1798 319 1906 350 vero
1930 314 1941 321 ‘

233 390 350 436 facta
373 385 450 432 illa
464 420 477 444 ‚
498 397 597 446 quae
625 378 890 426 referuntur
910 394 936 423 a
956 376 1254 440 scriptoribus
1286 377 1422 424 sacris
1441 412 1454 436 ‚
1479 375 1693 424 ordinata
1719 386 1829 425 sunt
1848 379 1908 425 ad

234 459 506 513 revelandas
543 457 722 518 ignotas
754 453 986 501 veritates.
1017 451 1151 508 Quod
1169 461 1479 512 assumerent,
1510 452 1562 499 30
1593 452 1794 518 aliquam
1833 454 1908 499 in-

230 538 468 589 tercedere
495 531 884 581 necessitudinem
915 537 962 576 et
990 526 1366 594 convenientiam
1398 530 1521 577 inter
1546 530 1729 593 mythos
1752 529 1908 581 ethni-

231 631 389 663 corum
414 619 461 659 et
484 610 601 657 facta
629 605 998 673 supernaturalia
1016 640 1028 664 7
1065 620 1165 668 quae
1189 622 1214 650 a
1240 603 1537 668 scriptoribus
1557 608 1800 671 utriusque
1828 605 1909 653 foe-

232 691 354 739 deris
372 686 702 754 perhibentur3
724 701 828 731 cum
843 692 1003 729 tamen
1016 680 1165 743 mythi
1181 677 1238 727 ex
1253 679 1590 742 imaginationis
1603 691 1718 729 aestu
1732 717 1745 734 ,
1770 698 1911 746 quem

234 773 500 814 constanter
528 761 744 809 redolent
761 796 773 819 ‚
804 758 1012 816 conficti,
1044 754 1129 802 sub
1157 754 1369 820 turpibus
1391 754 1666 821 plerumque
1688 758 1844 821 figuris
1866 765 1913 804 et

231 839 508 906 imaginibus
541 837 714 902 absque
740 852 877 899 scopo
919 841 965 880 et
998 849 1122 879 nexu
1151 832 1354 895 congesti
1383 831 1557 877 fuerint
1579 867 1591 890 ‚
1626 832 1912 898 populosque

231 918 292 966 ad
323 933 490 983 pravos
524 930 676 961 mores
712 909 1012 967 induxerint3
1056 917 1217 954 contra
1254 924 1366 955 vero
1404 907 1522 954 facta
1551 908 1913 972 supernaturalia

234 993 408 1059 absque
429 999 655 1056 apparatu
674 997 721 1035 et
740 985 991 1035 verborum
1009 983 1200 1046 ambage
1214 1019 1226 1043 a
1258 999 1366 1029 cum
1384 982 1600 1029 omnibus
1619 982 1914 1046 ingenuitatis

231 1088 283 1118 ac
302 1068 508 1118 veritatis
531 1061 869 1112 characteribus
896 1060 1192 1118 referuntur,
1222 1075 1274 1105 ac
1300 1057 1442 1106 veluti
1471 1067 1596 1120 gesta
1621 1059 1707 1105 sub
1729 1058 1916 1105 illorum

230 1145 371 1194 oculis
392 1179 404 1204 7
426 1161 452 1190 a
471 1140 638 1207 quibus
659 1140 756 1187 haee
775 1135 1107 1186 commentaria
1130 1143 1240 1182 sunt
1257 1134 1426 1198 scripta
1443 1169 1455 1192 ,
1487 1131 1794 1193 exhibentur3
1822 1151 1918 1181 om·

190 1279 195 1282 Α
231 1223 311 1269 nia
335 1219 472 1269 simul
493 1226 617 1265 arcte
646 1214 902 1263 consociata
924 1220 1062 1271 sunt,
1097 1220 1235 1276 atque
1258 1219 1381 1257 caste
1414 1217 1663 1273 sancteque
1685 1208 1745 1256 ad
1768 1226 1916 1256 unum

232 1296 527 1360 conspirant,
569 1291 740 1340 scilicet
777 1299 828 1337 ut
862 1297 908 1335 et
936 1287 1020 1334 Dei
1056 1286 1401 1352 providentiam
1432 1284 1634 1331 maximo
1661 1284 1710 1330 in
1738 1284 1918 1332 lumine

233 1381 413 1439 ponant
427 1406 440 1431 ‚
464 1379 511 1416 et
533 1369 635 1416 veri
651 1366 866 1414 Numinis
887 1364 1062 1411 cultum
1079 1398 1092 1420 7
1118 1363 1300 1409 virtutis
1320 1378 1525 1408 amorem
1544 1396 1556 1418 .,
1581 1360 1916 1426 horroremque

234 1449 336 1498 vitii
356 1446 528 1510 ubique
553 1443 678 1509 apud
709 1440 905 1507 populos
937 1438 1270 1486 commendent
1296 1435 1714 1502 persuadeantque.
1746 1436 1799 1483 40
1828 1439 1914 1483 De·

233 1540 365 1571 mum
382 1558 396 1582 7
430 1520 529 1567 aliis
557 1517 906 1583 praetermissis,
933 1513 1057 1579 quod
1077 1522 1385 1574 assumerent,
1410 1520 1568 1574 gentes
1594 1528 1755 1558 omnes
1781 1530 1913 1558 suam

233 1598 407 1647 habere
420 1594 645 1662 epocham
659 1591 1033 1658 mythologicam‚
1053 1606 1150 1636 non
1168 1589 1369 1654 exceptis
1383 1586 1587 1635 Hebraeis
1599 1596 1739 1652 atque
1764 1587 1915 1634 Chris-

231 1675 371 1722 tianis
389 1709 402 1732 ‚
428 1689 535 1719 cum
563 1679 724 1718 tamen
752 1686 808 1716 ex
839 1668 971 1714 dictis
997 1675 1043 1713 et
1066 1682 1120 1712 ex
1140 1666 1261 1712 facto
1292 1666 1392 1730 ipso
1417 1663 1669 1711 certissime
1695 1672 1875 1711 constet
1898 1699 1910 1724 .,

230 1766 385 1815 neque
398 1747 615 1795 Hebraeos
633 1761 785 1809 neque
806 1743 1086 1790 Christianos
1105 1758 1313 1805 unquam
1342 1739 1568 1802 ejusmodi
1587 1739 1812 1804 epocham
1835 1738 1914 1786 ha—

231 1825 413 1883 buisse;
445 1822 562 1870 illud
591 1822 720 1870 enim
746 1821 869 1867 inter
892 1819 1088 1881 origines
1112 1816 1318 1863 ethnicas
1349 1824 1396 1863 et
1422 1832 1571 1862 sacras
1592 1824 1817 1880 perpetuo
1843 1814 1913 1862 in—

232 1899 497 1965 terponitur
519 1897 769 1945 discrimen
784 1930 797 1955 ‚
826 1894 952 1960 quod
977 1894 1099 1940 inter
1126 1910 1241 1958 opus
1266 1892 1351 1940 Dei
1376 1900 1424 1939 et
1444 1891 1691 1938 hominum
1717 1890 1913 1941 inventa

229 1975 476 2025 intercedit
496 1973 584 2037 (l).

290 2127 349 2181 (l)
376 2129 528 2168 Diversa
542 2155 552 2174 ‚
569 2134 609 2164 ut
623 2132 754 2163 notum
777 2130 849 2167 est,
878 2123 1039 2161 existunt

235 2204 426 2250 systemata
463 2193 689 2233 eruditorum
725 2191 820 2227 circa
855 2190 1038 2225 rationem

235 2261 443 2314 explicandi
452 2260 640 2310 antiquam
650 2253 931 2309 mythologiam.
945 2252 1041 2290 Sunt

235 2330 299 2381 qui
328 2327 503 2378 adoptant
515 2323 794 2374 explicationem
808 2317 1037 2364 Evehemeri,

235 2396 338 2445 juxta
378 2403 496 2443 quam
531 2388 753 2440 mythologia
788 2399 865 2424 non
900 2396 975 2435 prae
1004 2396 1041 2422 se

237 2458 306 2495 fert
341 2457 413 2493 nisi
442 2461 591 2493 eventus
616 2453 807 2490 historicos
827 2480 837 2498 ‚
884 2463 1042 2501 quorum

236 2522 409 2559 homines
418 2508 581 2557 auctores
597 2517 755 2563 fuerint,
770 2517 821 2554 dii
833 2523 952 2554 autem
964 2529 1040 2553 non

237 2587 375 2625 fuerint
398 2586 469 2622 nisi
487 2584 623 2631 duces,
659 2589 779 2619 nautae
797 2610 807 2627 ‚
833 2581 901 2618 viri
930 2580 1040 2618 belli-

239 2652 326 2690 cosi.
343 2649 432 2687 Haec
453 2648 642 2699 explicatio
665 2647 837 2684 historica
861 2645 1042 2696 mytholo-

239 2718 306 2768 giae
331 2714 377 2753 ab
397 2712 478 2766 ejus
502 2719 647 2751 auctore
670 2719 706 2750 et
729 2711 918 2750 defensore
937 2709 978 2748 E
982 2724 1042 2748 ve·-

243 2779 462 2818 homeritica
476 2777 572 2815 dicta
584 2785 651 2816 est.
663 2776 769 2815 Hanc
779 2776 1041 2822 expositionem

237 2843 342 2883 avide
368 2844 596 2893 arripuerunt
609 2842 791 2894 epicurei,
817 2848 940 2891 utpote
955 2853 1040 2892 quae

239 2910 355 2960 magis
387 2916 599 2958 congrueret
632 2909 795 2958 ipsorum
829 2906 1039 2957 systemati,

239 2973 341 3026 quod
351 2972 453 3012 nulla
466 2971 573 3011 detur
585 2971 815 3024 providentia
834 2998 845 3018 ,
869 2978 903 3009 et
915 2971 1041 3010 omnia

1112 2133 1197 2159 casu
1218 2133 1260 2158 ac
1295 2118 1446 2156 fortuito
1472 2120 1657 2157 eveniant.
1697 2118 1803 2156 Hanc
1825 2120 1917 2170 pari-

1112 2195 1166 2224 ter
1191 2199 1320 2237 magna
1341 2184 1468 2222 saltem
1488 2197 1534 2234 ex
1556 2191 1657 2234 parte
1683 2183 1916 2222 adsciverunt

1112 2251 1262 2302 mythici
1288 2251 1524 2294 moenum-ea,
1552 2262 1705 2301 eamque
1729 2248 1915 2299 applicant

1112 2328 1219 2355 sacrae
1243 2315 1450 2366 Scripturae.
1468 2313 1539 2352 Alii
1557 2314 1732 2366 adoptant
1756 2314 1914 2365 explica-

1113 2384 1248 2419 tionem
1264 2380 1500 2433 symbolicam
1512 2408 1524 2428 ,
1541 2379 1602 2418 alii
1619 2381 1770 2418 mixtam
1787 2408 1800 2429 ,
1816 2393 1916 2418 eam-

1113 2460 1186 2499 que
1213 2445 1342 2484 evolvit
1365 2445 1524 2484 Kreuzer
1550 2458 1635 2483 cum
1662 2448 1735 2484 suis
1768 2445 1915 2484 modifi-

1113 2511 1315 2551 cationibus
1329 2513 1368 2549 in
1380 2509 1752 2562 suaSymbolica.Alii
1767 2516 1916 2549 censent

1113 2586 1175 2617 aut
1192 2578 1386 2632 physicam
1417 2585 1480 2616 aut
1509 2578 1654 2617 ethicen
1678 2577 1746 2616 sub
1778 2577 1913 2627 mythis

1113 2645 1313 2683 contineri.
1343 2643 1415 2681 Alii
1440 2643 1510 2681 alia
1535 2645 1674 2682 ratione
1697 2656 1773 2679 rem
1802 2655 1913 2693 expo-

1112 2718 1221 2748 nunt.
1238 2709 1314 2748 Cfr.
1335 2717 1403 2748 art,
1423 2710 1484 2748 cit.
1511 2722 1580 2746 nec
1592 2721 1667 2746 non
1684 2706 1823 2745 Natalis
1839 2707 1912 2745 Co-

1115 2776 1211 2813 mitis
1242 2772 1485 2826 Mytholoqioe
1505 2774 1585 2810 sive
1607 2770 1911 2823 explz'eationum

1108 2839 1332 2890 fabularum
1380 2838 1448 2876 lib.
1483 2852 1504 2875 x
1525 2864 1538 2884 ‚
1590 2835 1720 2875 Venet.
1774 2835 1867 2876 ¹581
1898 2851 1910 2885 ;

1113 2904 1351 2944 Montsaucon
1369 2932 1381 2953 ,
1418 2900 1648 2953 l'Amiquite
1683 2901 1880 2954 empliqube
1894 2930 1909 2951 ‚

1112 2969 1213 3010 Paris
1250 2981 1374 3022 1719,
1397 2976 1488 3007 tom.
1520 2979 1534 3006 1
1550 2996 1561 3016 ‚
1595 2964 1774 3007 Discours
1788 2965 1912 3021 preli-
