2028 3354
1681 216 1781 263 245

431 236 555 266 PART.
588 236 621 266 1.
661 236 758 267 CAP-
795 234 860 266 lV.
900 235 954 264 DE
987 233 1202 265 ECCLESIAE
1236 234 1433 265 DOTIBUS.
1461 251 1463 253 ·

159 348 268 395 369.
309 346 380 395 Ad
418 348 498 409 8¹¹¹,
536 348 655 413 Ney.
688 347 856 413 agendi
877 348 1132 407 rationem,
1166 365 1307 413 quam
1337 355 1469 395 tenet
1501 346 1697 394 Ecclesia
1727 350 1776 394 in

92 423 407 489 proponendis
425 424 533 472 fidei
546 424 837 488 dogmatibus
854 440 939 489 per
955 423 1159 489 aliquam
1178 423 1538 472 determinatam
1561 422 1777 485 formam,

92 500 325 548 adversari
357 500 630 566 antiquioris
659 500 866 548 Ecclesiae
891 499 1065 557 indoli3
1093 499 1180 546 hoc
1199 500 1326 546 enim
1351 498 1517 545 falsum
1536 509 1623 546 est.
1651 499 1778 547 Vidi·

93 593 195 622 mus
213 575 439 640 siquidem
458 576 615 641 plures
634 576 830 623 haereses
844 612 856 634 7
874 576 924 621 in
947 575 1063 621 vivis
1081 572 1234 620 adhuc
1258 573 1503 636 agentibus
1530 576 1775 639 Apostolis‚

87 651 365 716 proscriptas
389 651 553 712 fuisse,
574 661 620 699 et
643 649 964 700 determinatis
981 647 1193 695 formulis
1214 648 1594 696 contradictorias
1612 652 1777 698 errori-

89 726 176 773 bus
204 726 296 773 illis
325 729 545 776 veritates
574 737 782 775 assertas,
811 727 930 772 Ante
959 723 1217 771 Concilium
1249 724 1491 771 Nicaenum
1516 728 1618 786 Jam
1652 737 1779 774 octo—

90 803 216 867 ginta
243 802 348 868 plus
382 804 538 851 minus
576 803 771 850 haereses
801 799 1054 866 profligatae
1087 809 1229 858 sunt,
1262 807 1309 847 et
1347 800 1518 848 veritas
1557 800 1779 850 catholica

88 878 253 926 eadem
273 880 451 926 ratione
473 880 523 926 in
545 888 648 926 tuto
660 877 835 943 posita3
858 893 995 925 voces
1014 878 1277 931 trinitatis,
1291 893 1510 939 personae
1522 910 1539 933 ,
1561 885 1787 938 maturans

90 954 284 1020 aliaeque
309 954 534 1017 ejusmodi
559 954 762 1001 inductae
788 962 897 1000 sunt
920 961 1081 1000 contra
1100 952 1337 1000 catholicae
1361 953 1569 1000 veritatis
1590 954 1745 1002 hostes
1765 992 1777 1015 ,

90 1039 143 1077 ut
168 1040 353 1077 tesserae
379 1029 645 1077 orthodoxae
673 1029 783 1076 fidei
805 1028 893 1091 (l).
926 1027 1061 1087 Quod
1086 1029 1123 1075 si
1143 1029 1321 1076 factiosi
1349 1028 1493 1094 aliqui
1518 1030 1632 1077 tunc
1663 1041 1782 1079 tem-

90 1108 214 1171 poris
236 1106 408 1170 pariter
429 1107 704 1153 restiterunt
724 1104 933 1152 Ecclesiae
957 1103 1306 1152 definitionibus
1321 1142 1333 1162 ,
1363 1107 1433 1152 uti
1455 1123 1582 1152 nunc
1605 1107 1781 1155 eisdem

90 1183 311 1230 resistunt
342 1182 686 1240 Protestantes‚
725 1182 880 1228 cuncti
917 1181 975 1227 ab
1008 1180 1219 1229 Ecclesiae
1254 1182 1358 1227 sinu
1392 1183 1524 1244 ejecti
1554 1191 1665 1229 sunt
1684 1219 1696 1242 .,
1736 1193 1783 1230 et

78 1261 188 1325 ipsa
208 1257 452 1306 incolumis
479 1275 664 1324 semper
689 1258 891 1324 perstitit
911 1276 962 1305 ac
984 1258 1047 1305 ita
1081 1268 1354 1324 perseverat
1369 1293 1381 1314 ,
1414 1267 1466 1305 ut
1485 1276 1540 1307 ex
1561 1259 1782 1323 perduel-

90 1334 207 1381 lium
234 1334 491 1383 defectione
517 1334 703 1382 nullum
731 1334 1070 1382 detrimentum
1092 1336 1242 1400 capiat
1262 1334 1351 1399 (2).

93 1536 207 1571 rum,
231 1525 410 1574 praecipue
444 1535 529 1560 vero
566 1520 736 1560 Strausii.
765 1520 902 1560 Verum
969 1522 1068 1575 nysii
1101 1519 1363 1569 Alexandrini,
1399 1534 1481 1573 pag.
1518 1521 1570 1573 34
1606 1531 1642 1561 et
1677 1538 1783 1577 seqq.

96 1594 133 1625 et
153 1587 225 1625 hoc
250 1595 405 1639 systema
434 1585 570 1637 pendet
591 1599 611 1623 a
635 1594 767 1623 natura
790 1587 905 1638 ipsius
969 1585 1098 1624 Romae
1124 1584 1241 1639 1796.

93 1653 378 1704 protestantismi
394 1681 404 1698 ‚
418 1665 498 1703 quae
513 1658 589 1690 tota
600 1650 806 1702 subjectiva
821 1659 875 1689 est
890 1681 901 1699 ‚
958 1656 963 1661 “

93 1731 157 1756 seu
196 1732 217 1755 a
253 1719 384 1769 spiritu
420 1714 714 1769 uniuscujusque
765 1718 905 1767 privato

1029 1650 1081 1702 (Ξ)
1111 1651 1165 1690 Ex
1196 1652 1254 1689 his
1280 1659 1447 1703 constat,
1479 1666 1593 1704 quam
1617 1654 1787 1704 ineptum

973 1719 1043 1765 sit,
1064 1717 1163 1769 quod
1176 1717 1403 1755 Boehmerus
1417 1718 1489 1755 loc.
1513 1719 1577 1756 eit.
1602 1718 1784 1768 adstruit,

92 1791 270 1835 tanquam
294 1797 314 1821 a
345 1784 492 1834 proprio
514 1782 631 1820 fundo
655 1782 753 1820 fides
770 1796 813 1820 ac
846 1796 905 1821 re-

92 1849 179 1900 ligio
211 1849 289 1886 erui
323 1848 446 1886 debet.
482 1847 580 1886 Hinc
618 1847 827 1899 pervulgata
868 1849 908 1885 in

96 1912 295 1951 Germania
317 1913 504 1952 antithesis
522 1913 584 1952 illa
599 1942 609 1962 ‚
626 1927 700 1966 qua
715 1913 909 1964 distingui-

96 1986 155 2016 tur
177 1981 219 2017 in
246 1992 312 2017 sua
329 1987 460 2017 natura
482 1978 755 2027 catholicismus
776 1991 798 2015 a
820 1992 908 2029 pro-

96 2045 323 2083 testantismo
350 2073 361 2091 ‚
402 2045 501 2097 quod
550 2045 611 2082 ille
647 2046 826 2081 nimirum
865 2046 912 2081 sit

96 2110 315 2162 objections,
341 2117 526 2163 quatenus
538 2111 650 2149 fidem
663 2125 725 2149 seu
743 2111 828 2149 fidei
846 2110 912 2149 ob-

96 2177 234 2226 jectum
254 2174 300 2214 ab
323 2177 485 2215 Ecclesia
502 2178 647 2229 recipit,
670 2178 735 2214 iste
754 2178 800 2213 sit
822 2176 911 2213 sub—

89 2241 278 2291 jectivae,
306 2250 487 2295 quatenus
511 2243 625 2282 fidem
652 2257 715 2281 seu
742 2242 827 2280 fidet
844 2242 912 2280 ob-

98 2307 240 2358 jectum
262 2307 307 2345 de
331 2322 396 2346 suo
425 2309 528 2347 cudit
557 2308 701 2361 sibique
725 2307 910 2346 efformat.

158 2371 210 2422 (l)
240 2370 386 2412 Harum
419 2375 667 2414 formularum
705 2373 914 2427 exemplum

101 2437 202 2476 aliud
225 2441 383 2476 occurrit
404 2443 446 2478 in
465 2455 554 2480 voce
586 2438 762 2491 ὅμοοῦσ-ιον
780 2469 791 2488 ,
824 2454 914 2478 con-

103 2503 378 2552 substantiale,
403 2519 484 2558 quae
502 2509 575 2559 jam
598 2507 720 2546 seculo
740 2519 780 2544 in
805 2512 916 2545 tesse-

104 2582 182 2607 ram
203 2569 450 2608 constituebat
470 2571 678 2610 orthodoxae
704 2571 790 2609 fidei
821 2574 918 2609 circa

106 2634 191 2674 Filii
217 2635 449 2675 divinitatem
465 2664 476 2684 ,
518 2637 609 2675 adeo
643 2644 685 2675 ut
721 2637 919 2689 Dionysius

109 2702 214 2741 Alex.
230 2711 420 2741 accusatus
434 2703 541 2741 fuerit
555 2703 651 2754 apud
664 2705 919 2755 cognominem

110 2781 206 2805 rom.
219 2767 435 2806 Pontificem
453 2798 463 2816 ‚
480 2769 581 2821 quod
594 2782 674 2806 eam
688 2781 817 2807 vocem
831 2769 924 2805 omi-

111 2835 214 2872 sisset
232 2832 274 2871 in
294 2832 459 2873 Ecclesia
482 2849 502 2873 a
521 2833 694 2872 Patribus
715 2834 925 2886 frequenta-

114 2906 208 2937 tam.
228 2897 308 2938 Csr.
334 2914 419 2953 quae
439 2900 610 2939 adversus
636 2900 856 2953 Basnagium
879 2900 925 2938 de

111 2963 184 3016 hac
203 2976 290 3002 voce
309 2963 450 3004 erudite
478 2967 619 3018 scripsit
632 2966 761 3004 doctus
781 2965 835 3004 De
847 2964 926 3004 Ma—

974 1783 1064 1821 dum
1086 1781 1258 1830 affirmat,
1283 1783 1383 1835 quod
1398 1783 1494 1834 fidei
1512 1784 1677 1823 definitio
1693 1786 1784 1826 alie-

973 1863 1063 1887 nam
1085 1863 1105 1887 a
1123 1847 1308 1901 religionis
1329 1857 1460 1888 natura
1487 1853 1712 1890 coactionem
1726 1854 1787 1890 in-

976 1915 1080 1954 ferat.
1102 1914 1185 1953 Jam
1201 1929 1286 1953 vero
1305 1944 1316 1962 ‚
1343 1929 1436 1953 num
1467 1916 1653 1968 religionis
1681 1926 1790 1956 natu-

976 1995 1056 2020 ram
1080 1979 1274 2033 ignorabat
1286 1981 1484 2033 Apostolus
1496 2011 1507 2030 ,
1526 1996 1612 2021 cum
1630 1984 1790 2023 sormam

976 2047 1151 2086 doctrinm
1183 2047 1429 2099 praescriberet
1450 2048 1497 2086 ab
1517 2049 1691 2087 omnibus
1715 2063 1791 2089 ser-

978 2113 1135 2151 vandam
1155 2117 1174 2152 Ἱ
1208 2115 1282 2153 Aut
1321 2127 1408 2152 cum
1432 2116 1536 2152 verbi
1568 2114 1792 2154 administris

978 2181 1179 2229 potentiam
1213 2179 1340 2218 datam
1376 2180 1581 2218 testabatur
1603 2210 1613 2227 ‚
1642 2194 1671 2218 ιι
1706 2180 1790 2219 Cor.

980 2257 1004 2281 x
1024 2274 1034 2291 ‚
1062 2243 1087 2283 5
1106 2275 1117 2292 ,
1152 2252 1194 2282 ut
1217 2258 1367 2283 omnem
1400 2245 1632 2284 intellectum
1653 2245 1801 2298 redige--

980 2317 1064 2348 rent
1081 2311 1120 2348 in
1145 2308 1368 2362 obsequium
1390 2309 1560 2348 Christi?
1582 2310 1697 2350 Ludit
1709 2299 1796 2364 pro·-

983 2374 1078 2412 fecto
1092 2374 1341 2425 Boehmerus‚
1363 2373 1453 2413 dum
1470 2374 1551 2413 haec
1566 2376 1720 2427 oggerit.
1738 2377 1806 2414 An.

982 2440 1073 2478 forte
1104 2439 1170 2479 hie
1207 2442 1326 2491 agitur
1363 2440 1409 2479 de
1447 2443 1634 2479 coactione
1662 2471 1672 2489 ‚
1712 2455 1797 2495 quae

987 2504 1146 2544 libertati
1181 2507 1258 2544 vim
1296 2506 1453 2553 inferat,
1485 2520 1597 2558 quam
1627 2519 1698 2545 nec
1721 2509 1799 2559 ipsa

987 2579 1115 2609 natura
1139 2569 1306 2623 patitur?
1335 2570 1469 2623 Agitur
1500 2573 1600 2610 enim
1635 2585 1717 2611 vero
1754 2572 1800 2612 de

988 2638 1200 2676 necessitate
1223 2637 1333 2675 officii
1351 2667 1361 2686 ‚
1397 2650 1511 2690 quam
1543 2651 1667 2676 secum
1690 2638 1802 2677 infert

989 2701 1192 2753 legitimum
1235 2703 1391 2756 quodvis
1432 2711 1655 2756 praeceptum
1686 2733 1697 2750 ,
1728 2717 1802 2756 qua

993 2780 1126 2819 nempe
1143 2768 1358 2820 intelligitur
1374 2770 1623 2821 praescriptum
1639 2767 1803 2807 officinm

990 2835 1040 2870 ita
1056 2835 1301 2872 necessarium
1316 2847 1391 2872 esse
1404 2862 1416 2880 ‚
1439 2840 1497 2881 ut,
1515 2834 1578 2885 qui
1598 2846 1723 2884 parere
1738 2832 1804 2871 de-

993 2905 1136 2947 trectet,
1148 2906 1185 2937 et
1194 2898 1343 2952 culpam
1354 2899 1556 2947 contrahat,
1567 2896 1807 2938 etsubeundae

995 2977 1110 3016 poenae
1121 2964 1324 3004 obnoxium
1335 2977 1373 3005 se
1382 2964 1525 3005 reddat.
1537 2963 1615 3003 Cfr.
1627 2964 1689 3002 cit.
1698 2962 1792 3001 Com

117 3029 236 3080 gistris
253 3059 263 3078 ,
292 3031 332 3069 in
352 3030 567 3082 praefatione
588 3031 636 3071 ad
650 3045 759 3084 opera
782 3030 823 3071 S.
842 3029 931 3070 Dio·
999 3036 1119 3070 ment.
1139 3043 1223 3083 pag.
1237 3028 1305 3069 81.
