2028 3354
234 201 327 251 360

720 217 878 249 TRACT.
918 219 972 248 lm
1010 220 1130 250 LOCIS
1162 219 1467 251 THEOLOGICIS.

227 333 444 382 Ecclesia
486 332 664 386 claves,
702 331 794 377 uhi
821 339 1020 394 peecata
1060 332 1266 393 quotidie
1294 334 1654 380 dimittuntur?
1689 332 1784 378 Sed
1813 346 1930 394 quo-

229 412 366 456 niam
393 410 448 453 in
472 407 815 470 saym‘fi'eatz'one
840 424 1095 467 personam
1116 408 1290 455 Petrus
1318 410 1536 471 gestabat
1552 409 1794 463 Ecclesioe,
1809 406 1936 470 quod

229 486 310 531 illa·
335 487 432 530 uni
454 484 625 529 datum
659 491 748 538 est,
781 483 1004 530 Ecclesiae
1030 484 1193 530 datum
1218 492 1286 530 est
1310 484 1396 548 (l).
1429 487 1569 532 Porro
1604 493 1762 549 aperte
1788 483 1934 547 liquet

288 646 342 697 (1)
373 643 491 685 Serm.
517 658 648 694 cxux,
690 645 739 684 al.
764 660 877 694 xxiv,
915 644 970 684 De
994 646 1055 684 di-

231 712 379 758 versis,
403 724 445 749 n.
481 724 519 762 7.
554 711 631 749 Nec
657 713 780 749 minus
812 712 909 750 clare
940 712 1054 763 loqui-

229 781 293 815 tur
331 775 366 814 S.
390 776 549 824 Ductor,
583 776 716 815 Traot.
760 776 830 815 ult.
869 779 912 813 in
935 776 1053 816 Joan.

231 857 272 880 n.
311 856 332 895 7
351 871 361 889 ‚
390 842 517 880 dicens
545 853 556 881 τ
588 841 784 879 Omnibus
830 843 973 879 sanctis
1006 841 1057 879 ad

234 907 383 947 Christi
412 921 548 960 corpus
590 906 897 957 inseparabiliter
930 909 1054 958 perti-

231 973 438 1020 nentibus,
472 979 626 1024 propter
655 971 771 1024 hujus
793 973 882 1010 vitae
910 972 1056 1023 proeel-

233 1038 432 1077 losissimoe
465 1036 772 1089 qubernaculum
787 1065 799 1084 ,
826 1038 877 1074 ad
900 1037 1056 1088 liqanda

234 1111 272 1142 et
305 1103 485 1143 solvenda
500 1110 659 1156 peccata
682 1102 804 1141 claves
826 1105 936 1153 requi
955 1102 1058 1141 coelo-

234 1183 322 1207 rum
341 1171 498 1221 primus
523 1168 790 1221 Apostolorum
826 1168 971 1206 Petrus
993 1182 1058 1206 ac-

235 1236 349 1287 cepit.
375 1234 449 1273 Ubi
484 1235 693 1273 notandum
724 1235 840 1279 illud,
881 1234 1059 1272 omnibus

236 1300 379 1339 sanctis
396 1330 406 1347 ‚
424 1313 488 1337 seu
503 1300 645 1337 dativus
661 1329 671 1348 ‚
692 1301 755 1351 qui
771 1314 790 1337 a
811 1301 1058 1353 grammaticis

237 1365 429 1403 commodi
459 1365 621 1411 dicitur,
644 1365 693 1403 ad
714 1365 996 1416 significandum
1018 1367 1058 1402 in

238 1430 435 1469 utilitatem
463 1428 634 1468 omnium
663 1437 870 1469 sauctorum
886 1460 896 1478 ‚
921 1430 1058 1469 scilicet

239 1495 424 1545 fidelium,
436 1495 536 1533 datas
549 1495 655 1533 Petro
667 1493 930 1547 Apostolorum
941 1498 1058 1547 primo

244 1561 377 1605 claves,
391 1561 606 1614 adeoqueiu
623 1575 845 1600 successores
862 1575 921 1600 eas
941 1570 1060 1599 trans-

242 1629 296 1665 ire
333 1627 517 1666 debuisse.
558 1627 665 1679 Quod
711 1628 849 1666 ibidem
900 1627 1061 1665 declarat

244 1692 468 1744 Augustinus
485 1721 496 1740 ‚
525 1693 688 1731 subdens
722 1704 734 1732 τ
767 1693 964 1744 Quoniam
991 1705 1061 1731 ‘neo

240 1759 311 1795 iste
341 1757 442 1796 solus
469 1757 670 1808 (Petrus),
691 1757 755 1795 sed
774 1759 955 1796 universa
981 1755 1060 1797 Ec-

243 1822 358 1862 clesia
387 1823 481 1875 liqut
504 1824 684 1875 solvitque
696 1830 864 1876 peccata.
888 1823 1054 1871 Accedit,

243 1889 377 1938 passim
390 1889 509 1938 ipsum
524 1888 710 1925 inculcare
725 1917 735 1934 ‚
756 1897 904 1925 eatenus
913 1888 1059 1926 Petrum

245 1960 401 2004 gestasse
423 1954 583 2004 figuram
607 1952 827 1991 Ecclesiaein
839 1954 1060 2004 accipiendis

246 2018 436 2068 clavibus,
454 2027 635 2069 quatenus
650 2018 813 2057 habebat
828 2021 1029 2070 primatum
1049 2032 1059 2059 Ξ

244 2082 411 2135 Propter
443 2083 672 2136 apostolatus
711 2085 775 2121 sui
811 2086 1026 2136 primatum
1048 2114 1058 2132 ‚

246 2156 287 2187 ut
321 2150 476 2197 scribit,
519 2149 652 2188 Tract.
676 2149 748 2188 ult.
783 2152 848 2188 eit.
870 2151 916 2187 in
941 2152 1060 2190 Joa‘n.

244 2214 410 2267 Propter
413 2217 628 2267 primatum
646 2245 657 2263 ‚
677 2228 787 2265 quem
799 2217 841 2252 in
862 2215 1064 2268 discipulis

243 2278 401 2329 habuit,
429 2291 469 2319 ut
490 2282 539 2319 ait
565 2284 605 2319 in
621 2280 771 2319 Enarr.
794 2284 840 2318 in
858 2278 927 2319 Ps.
949 2285 1061 2334 cvin3

245 2345 390 2384 Petrus
416 2360 439 2384 a
462 2353 576 2399 petra
605 2348 892 2399 coynominatus
915 2346 1061 2395 beatus,

245 2411 288 2451 E
290 2412 437 2451 cclesiae
447 2414 617 2464 fiyuram
636 2421 799 2466 portans
810 2442 822 2461 ‚
837 2413 1065 2465 apostolatus

237 2477 508 2529 principatum
530 2484 681 2525 tenens,
715 2486 755 2516 ut
785 2478 913 2516 scribit
935 2477 1061 2518 Serm.

246 2555 380 2589 xxxvi,
416 2541 477 2579 De
511 2543 635 2581 verbis
663 2542 845 2580 Domini.
879 2542 917 2581 Si
954 2546 1064 2595 igitur

248 2608 389 2645 ratione
424 2609 601 2657 primatus
632 2610 688 2646 sui
728 2611 832 2660 juxta
866 2608 907 2647 S.
939 2609 1064 2661 Augu·-

248 2673 388 2710 stinum
422 2671 547 2710 Petrus
589 2687 782 2724 personam
810 2682 873 2712 aut
903 2675 1058 2726 figuram

247 2737 415 2788 gestabat
428 2738 597 2777 Ecclesiae
611 2768 623 2787 ,
639 2740 788 2777 evidens
808 2748 861 2778 est
874 2770 883 2786 ‚
916 2756 958 2779 ex
979 2743 1057 2794 ejus

251 2812 373 2841 mente
397 2803 545 2842 Petrum
566 2818 643 2842 nou
673 2807 853 2856 accepisse
874 2806 994 2845 claves
1015 2816 1056 2845 ut

246 2868 414 2907 Ecclesiae
425 2868 583 2920 legatum
597 2898 608 2917 ‚
633 2871 697 2922 qui
714 2872 793 2922 ejus
813 2872 963 2911 nornine
974 2887 1056 2923 age-

244 2942 324 2982 ret,
351 2939 389 2972 et
411 2936 727 2988 quemadmodum
752 2936 891 2987 legatus
904 2940 1058 2977 nomine

244 2998 423 3051 Principis
459 3002 589 3052 accipit
627 3002 745 3040 claves
777 3001 960 3054 civitati53
994 3004 1057 3043 sed

1121 647 1303 697 accepisse
1317 655 1356 684 ut
1368 646 1530 697 ejusdem
1545 647 1714 686 Ecclesiae
1726 649 1936 699 principem

1120 726 1162 750 ac
1198 725 1411 764 supremum
1464 713 1743 753 moderatorem.
1795 713 1936 752 Eodem

1122 791 1254 828 nempe
1280 786 1384 828 pacto
1402 805 1411 824 .
1431 785 1471 816 ut
1487 774 1649 829 loquitur
1669 777 1935 823 Bellarminus,

1121 843 1192 880 loc.
1212 842 1276 880 cit.
1301 857 1373 894 quo
1388 843 1544 881 dicimus
1563 873 1572 889 ‚
1590 856 1698 893 reguo
1717 844 1815 890 dari,
1836 843 1937 895 quod

1121 906 1208 959 Regi
1232 910 1301 958 ipsi
1324 909 1429 946 (latur
1444 936 1456 955 ‚
1474 910 1672 959 praesertim
1698 911 1726 945 si
1746 909 1783 946 id
1808 912 1845 946 in
1865 923 1938 960 pu-

1122 972 1257 1010 blicam
1277 974 1472 1011 utilitatem
1491 974 1610 1012 cedat.
1623 973 1698 1011 Neo
1714 974 1779 1011 abs
1799 987 1839 1011 re
1856 976 1937 1021 erit,

1122 1051 1207 1075 cum
1233 1038 1361 1076 eodem
1395 1038 1690 1076 eminentissimo
1717 1038 1940 1077 Bellarmino

1123 1112 1295 1154 praeterea
1330 1103 1648 1151 animadvertere,
1667 1118 1783 1155 quum
1797 1103 1836 1142 S.
1862 1103 1939 1142 Au-

1122 1166 1290 1219 gustinus
1308 1168 1436 1214 docet,
1459 1167 1605 1206 Petrum
1620 1170 1801 1219 accepisse
1821 1168 1941 1207 claves

1123 1241 1231 1285 prout
1258 1234 1403 1284 gerebat
1428 1234 1585 1285 figuram
1619 1233 1787 1271 Ecclesiae
1806 1264 1816 1280 ,
1855 1248 1940 1273 eum

1122 1312 1199 1336 non
1220 1299 1416 1337 exclusisse
1438 1301 1686 1337 narrationem
1704 1299 1939 1347 historicam,

1124 1364 1203 1411 sed,
1222 1364 1284 1402 illa
1301 1367 1483 1416 supposita
1500 1393 1511 1410 ,
1526 1378 1672 1402 sensum
1689 1362 1942 1414 parabolicum

1124 1431 1333 1477 attexuisse,
1348 1432 1501 1468 uticum
1515 1428 1660 1476 scribit,
1679 1428 1816 1467 Judam
1831 1429 1945 1468 fuisse

1123 1494 1278 1546 figuram
1318 1495 1528 1534 Judaeorum
1562 1498 1786 1546 ingratorum
1806 1526 1815 1544 ‚
1855 1509 1942 1534 cum

1124 1559 1318 1598 Christum
1350 1560 1538 1612 prodidit3
1567 1558 1607 1599 S.
1632 1560 1817 1598 Joannem
1848 1561 1941 1612 figu-

1124 1640 1202 1664 ram
1228 1624 1400 1665 Ecclesiae
1423 1627 1681 1676 triumphantis
1698 1634 1733 1664 et
1754 1628 1837 1664 vitae
1854 1639 1943 1664 con-

1125 1691 1373 1744 temptativae,
1399 1706 1485 1729 cum
1500 1692 1546 1730 de
1569 1705 1611 1730 eo
1634 1692 1726 1730 dixit
1750 1690 1939 1729 Christus:

1126 1757 1193 1794 Sic
1222 1771 1307 1794 eum
1331 1756 1411 1794 volo
1430 1769 1611 1805 vianere5
1634 1764 1670 1795 et
1695 1757 1840 1794 Petrum
1862 1769 1941 1806 ges-

1124 1826 1211 1862 sisse
1235 1824 1389 1876 figuram
1405 1824 1574 1863 Ecclesiae
1601 1823 1791 1861 militantis
1810 1830 1846 1861 et
1859 1825 1941 1861 vitae

1124 1891 1248 1928 activae
1263 1919 1273 1937 ‚
1313 1903 1400 1927 cum
1430 1891 1463 1927 ei
1492 1889 1583 1927 dixit
1619 1888 1784 1927 Salvator
1822 1900 1833 1927 :
1872 1886 1941 1928 Se-

1124 1968 1236 2005 quere
1256 1968 1336 2003 me3
1353 1954 1538 1993 Christum
1553 1956 1675 2006 ipsum
1688 1954 1844 2006 figuram
1856 1968 1938 2005 ges·-

1125 2021 1214 2058 sisse
1247 2020 1415 2058 Ecclesiae
1430 2049 1439 2066 ‚
1463 2021 1612 2072 quaudo
1625 2019 1830 2071 baptizatus
1861 2027 1938 2069 θεῖς

1126 2087 1217 2137 quin
1239 2093 1362 2123 tamen
1384 2088 1579 2138 quisquam
1605 2099 1735 2136 negare
1756 2085 1912 2123 voluerit
1927 2113 1938 2132 ,

1125 2153 1242 2203 reipsa
1280 2153 1455 2190 historice
1489 2152 1625 2189 Judam
1661 2151 1865 2202 prodidisse
1898 2153 1939 2188 in

1125 2219 1270 2268 propria
1292 2231 1443 2266 persona
1464 2216 1652 2255 Christum
1669 2230 1680 2266 3
1705 2216 1842 2255 Joauui
1857 2216 1937 2254 his-

1126 2285 1237 2322 torice
1256 2284 1398 2322 dictum
1419 2298 1496 2323 esse
1514 2286 1553 2321 in
1584 2285 1731 2335 propria
1756 2296 1910 2334 persona
1923 2310 1937 2332 ‚

1125 2347 1192 2386 Sic
1217 2362 1303 2386 eum
1316 2348 1396 2386 volo
1412 2362 1564 2387 manere
1579 2379 1588 2397 ‚
1607 2357 1678 2387 etc.
1697 2357 1732 2387 et
1752 2348 1937 2387 Christum

1126 2427 1207 2452 vere
1228 2416 1267 2452 in
1290 2416 1430 2466 propria
1451 2428 1602 2465 persona
1629 2415 1739 2453 fuisse
1767 2414 1935 2466 baptiza-

1128 2486 1218 2516 tum.
1243 2479 1323 2532 Quo
1350 2493 1459 2518 sensu
1481 2481 1589 2519 etiam
1613 2479 1654 2519 S.
1680 2479 1814 2518 Paulus
1833 2506 1844 2527 ‚
1867 2477 1937 2516 Ga-

1126 2544 1192 2583 lat.
1216 2557 1252 2583 1v
1268 2577 1278 2594 ‚
1315 2546 1435 2591 docet,
1461 2546 1551 2585 duos
1568 2546 1723 2584 Abrahae
1747 2546 1840 2584 filios
1861 2546 1933 2595 sig-

1126 2611 1293 2649 nificasse
1314 2612 1388 2650 duo
1415 2621 1653 2659 testamenta3
1679 2619 1840 2649 attamen
1864 2608 1935 2647 hoc

1127 2691 1204 2715 non
1223 2676 1401 2728 impedit,
1432 2680 1632 2729 quominus
1651 2676 1834 2715 Abraham
1849 2688 1933 2714 vere

1124 2742 1217 2780 duos
1249 2743 1343 2781 filios
1382 2745 1563 2794 genuerit.
1602 2742 1731 2793 Itaque
1764 2742 1933 2792 quamvis

1121 2806 1161 2846 S.
1175 2807 1300 2846 Petrus
1311 2810 1460 2858 gesserit
1476 2809 1627 2859 figuram
1639 2805 1826 2853 Ecclesiae,
1845 2819 1932 2843 cum

1121 2872 1239 2911 claves
1261 2875 1422 2924 accepit,
1442 2873 1565 2923 negari
1589 2872 1741 2923 nequit,
1763 2870 1934 2909 historice

1123 2940 1239 2990 reipsa
1266 2941 1304 2976 in
1321 2952 1473 2989 persona
1502 2938 1646 2988 propria
1669 2936 1785 2975 claves
1810 2939 1932 2989 ipsum

1124 3006 1321 3053 accepisse.
1350 3002 1436 3041 Haec-
1466 3001 1596 3041 sedulo
1619 3003 1781 3041 notanda
1799 3011 1927 3050 erant,
