2028 3354
482 202 612 261 mar}
648 233 679 260 1.
720 230 819 261 car.
858 232 928 260 111.
968 232 1021 259 nu
1057 230 1270 261 ECCLEstAE
1305 231 1451 262 NOTls.
1727 213 1820 262 139

133 354 238 410 post
267 344 467 393 detectas
491 345 666 392 indicas
698 345 906 408 regiones
937 343 1059 391 illico
1091 344 1339 392 Ecclesiam
1357 346 1613 391 Romanam
1647 343 1708 391 ad
1741 361 1817 393 eas

133 421 366 487 appulisse
384 430 453 469 sat
479 431 645 468 notum
670 430 764 479 θεῖς
795 420 923 467 nulla
945 428 1014 467 est
1036 421 1183 484 regio,
1214 420 1342 467 nulla
1367 430 1439 468 est
1461 421 1627 469 mundi
1650 421 1820 485 cogniti

132 497 294 563 plaga7
334 492 543 562 quamvis
577 499 626 544 in
666 499 730 544 eis
761 505 841 543 aut
870 495 1082 543 infideles
1124 505 1203 542 aut
1235 496 1442 544 haeretici
1467 506 1515 544 et
1540 497 1820 546 schismatici

132 574 458 635 dominentur,
489 592 591 640 quae
616 573 822 621 Ecclesiae
849 574 1068 620 Romanae
1099 571 1231 636 plura
1259 581 1339 618 aut
1370 573 1585 637 pauciora
1609 573 1820 622 membra

134 667 228 696 non
248 651 501 698 contineat.
532 653 631 697 Imo
659 651 742 698 etsi
765 648 937 711 ubique
963 647 1058 693 fere
1078 647 1287 709 gentium
1314 647 1411 694 haec
1437 648 1632 696 Ecclesia
1663 667 1823 714 perse·

132 727 364 774 ontionem
404 727 635 791 patiatur,
672 723 910 790 potissime
949 721 1007 768 ab
1037 721 1292 782 haereticis,
1324 733 1486 771 tamen
1526 727 1818 774 numerosior

131 801 346 848 omnibus
375 803 507 849 sectis
536 811 631 860 est⁷
663 800 801 846 etiam
825 796 965 844 simul
993 798 1192 861 sumptis
1218 799 1320 863 (1),
1352 808 1399 847 et
1429 799 1635 865 quotidie
1657 802 1818 850 crescit

131 887 178 924 et
198 877 439 925 fructificat
458 878 543 941 (2).
565 874 698 933 Quod
728 891 835 923 vero
854 881 1033 939 spectat
1057 874 1115 921 ad
1136 873 1433 923 identitatem
1453 913 1466 937 .,
1498 893 1550 924 ea
1575 876 1724 942 liquet
1744 879 1820 926 vel

132 971 185 999 ex
216 953 359 1017 ipsius
392 951 743 1008 constitutione,
774 968 877 1016 quae
909 951 1168 998 necessario
1201 951 1259 999 ab
1293 952 1511 999 omnibus
1547 961 1596 1000 et
1628 952 1821 1016 singulis

132 1029 351 1075 membris
378 1029 468 1075 suis
488 1028 694 1093 exposcit
715 1028 945 1075 unitatem
966 1026 1073 1074 fidei
1097 1035 1143 1074 et
1171 1029 1510 1076 communionis
1531 1066 1543 1089 ,
1579 1038 1720 1095 prout
1747 1046 1824 1078 ex-

131 1106 379 1170 posuimus.
406 1105 515 1151 Haec
535 1105 873 1151 confirmantur
896 1104 945 1150 10
969 1121 1025 1151 ex
1040 1121 1092 1150 eo
1109 1140 1120 1163 7
1138 1104 1264 1169 quod
1288 1106 1404 1153 facta
1427 1105 1487 1152 sit
1514 1109 1611 1168 ejus
1631 1109 1823 1172 propria

131 1182 357 1228 Ecclesiae
385 1181 623 1228 catholicoe
660 1180 1009 1239 denominatio,
1053 1181 1294 1245 quamvis,
1329 1190 1383 1227 ut
1416 1180 1647 1242 diximus,
1680 1182 1826 1247 aliqui

131 1265 274 1304 coetus
314 1255 372 1308 ab
411 1273 463 1304 ea
502 1256 638 1304 divisi
677 1273 781 1303 eam
814 1255 901 1303 sibi
937 1256 1107 1303 frustra
1143 1274 1368 1322 usurpare
1401 1257 1690 1306 tentaverint
1724 1257 1821 1324 (3);

182 1442 233 1492 (l)
272 1441 367 1479 Sane
396 1439 509 1478 Graeci
532 1441 753 1479 schismatici
771 1470 781 1486 ‚
809 1440 945 1492 quibus

130 1520 364 1544 accensemus
390 1505 547 1551 Russos,
568 1507 739 1557 quamvis
755 1507 814 1542 isti
835 1507 945 1556 patri--

131 1571 278 1610 archam
303 1570 757 1621 Constantinopolitanum
792 1572 947 1609 minime

130 1644 328 1689 agnoscant
354 1665 364 1683 ‚
394 1645 637 1674 numerantur
669 1638 914 1683 30‚000,000
931 1667 942 1685 ‚

130 1703 266 1755 quibus
276 1702 334 1740 alii
349 1701 560 1753 adjicientes
570 1701 816 1749 Nestorianos,
837 1701 860 1739 J
863 1715 949 1740 aco-

128 1767 237 1815 bitas‚
251 1769 442 1815 Armenos,
457 1766 615 1818 Coptos,
641 1767 840 1819 Abyssinos
851 1796 861 1816 ‚
876 1774 946 1805 etc.

129 1846 312 1870 summam
344 1846 386 1870 ex
413 1832 489 1869 istis
524 1832 700 1870 omnibus
745 1832 948 1870 conficiunt

131 1895 177 1947 41
190 1896 658 1948 ‚ooo‚000.Protestantes,
671 1911 757 1935 cum
774 1898 949 1936 innume-

131 1963 181 2000 ris
193 1962 436 2001 divisionibus
449 1963 538 2010 suis,
560 1970 802 2001 numerantur
815 1964 854 2000 in
867 1962 945 2001 Eu-

130 2041 218 2080 ropa
230 2025 495 2079 46‚ooo,ooo‚
511 2036 547 2066 et
556 2029 596 2066 in
607 2028 790 2067 foederatis
801 2029 948 2079 provin-

130 2094 195 2132 ciis
213 2123 223 2140 ‚
250 2107 336 2132 cum
359 2092 530 2145 pluribus
542 2095 663 2142 sectis,
686 2106 941 2141 11‚ooo‚ooo‚

132 2160 197 2210 qui
209 2166 334 2197 tamen
351 2172 528 2197 numerus
537 2161 648 2197 nimis
658 2167 784 2197 auctus
795 2156 945 2196 dicitur.

131 2223 262 2277 Itaque
288 2239 334 2264 ex
362 2225 420 2263 his
450 2224 624 2263 omnibus
648 2225 759 2262 simul
791 2226 949 2277 sumptis

134 2302 277 2328 summa
301 2292 498 2329 conficitur
529 2288 948 2342 98‚000‚ooo.·Contra

136 2367 221 2392 vero
258 2354 436 2394 Catholici
472 2369 538 2408 per
574 2358 790 2395 universum
819 2357 947 2395 Orbem

136 2428 380 2458 numerantur
418 2419 705 2471 180‚ooo‚ooo.
744 2421 799 2460 De
837 2434 948 2474 parva

135 2485 415 2537 anglicanorum
446 2487 624 2526 fractione
648 2495 772 2539 postea
811 2488 946 2526 dicam·

135 2551 215 2591 Cfr.
238 2552 267 2589 F
269 2565 371 2590 ranc.
389 2552 564 2591 Patricius
586 2553 745 2592 Kenrick
760 2554 948 2607 coadjutor

136 2616 307 2669 Episcopi
326 2615 593 2669 Philadelphiae
609 2621 649 2657 in
673 2621 867 2671 provinciis
881 2620 948 2658 foe-

136 2683 270 2722 deratis
302 2682 477 2721 Americae
494 2712 504 2729 ‚
533 2684 573 2721 in
618 2683 825 2736 Theoloqia
857 2683 948 2736 doq-

140 2750 283 2788 matica
298 2779 308 2797 ,
328 2757 420 2788 tom.
437 2761 447 2787 ι
465 2779 475 2798 ,
494 2758 599 2789 tract.
616 2762 643 2788 ιι
655 2778 667 2798 ,
694 2751 740 2790 de
763 2750 921 2790 Ecclesia
936 2782 948 2798 ,

143 2827 228 2867 pag.
250 2829 263 2854 1
277 2829 339 2870 17,
356 2816 615 2869 Philadelpbiae
627 2832 691 2857 an.
712 2815 827 2872 1839.
843 2817 950 2871 Quod

143 2883 172 2921 si
192 2883 310 2933 ipsam
332 2881 484 2922 Adriani
508 2881 615 2922 Balbi
638 2886 949 2936 computationem

145 2949 321 3000 sequaris,
335 2947 486 3001 Abreqe
500 2948 546 2987 de
561 2948 816 3003 Geoqraphie,
829 2966 868 3004 p.
882 2950 948 3005 75,

145 3012 245 3052 Paris
265 3011 365 3063 1834
378 3042 389 3062 ‚
402 3017 466 3068 qui
484 3015 723 3056 schismaticis
738 3046 748 3065 ‚
766 3019 841 3057 sive
852 3015 956 3056 Grae-

1013 1444 1064 1478 cis
1084 1470 1093 1487 ‚
1133 1442 1206 1479 sive
1239 1441 1388 1489 Russis,
1432 1445 1508 1481 sive
1526 1441 1784 1485 Orientalibus
1812 1474 1823 1492 ‚

1014 1504 1290 1557 62,0oo‚000;
1314 1510 1600 1558 protestantibus
1620 1518 1745 1549 autem
1766 1524 1826 1550 cu·

1011 1573 1146 1623 jusque
1170 1574 1312 1623 generis
1346 1571 1624 1626 59‚000‚ooo;
1655 1574 1829 1615 Ecclesiae

1014 1649 1099 1674 vero
1114 1637 1302 1675 catholicae
1326 1638 1591 1691 139,ooo‚ooo
1610 1640 1740 1679 tribuit
1756 1642 1828 1693 (cui

1014 1709 1139 1739 tamen
1160 1706 1425 1755 computationi
1444 1705 1605 1748 haudita
1617 1707 1725 1746 facile
1741 1709 1828 1747 sub-

1014 1765 1228 1817 scribimus)
1246 1798 1256 1815 ,
1278 1777 1374 1820 patet
1391 1799 1401 1818 ,
1418 1784 1592 1822 magnum
1607 1786 1750 1824 semper
1770 1773 1831 1813 in-

1013 1831 1201 1871 tercedere
1218 1833 1415 1873 discrimen
1435 1837 1529 1874 inter
1547 1851 1747 1875 numerum
1757 1836 1831 1878 Ca·

1015 1897 1236 1937 tholicorum
1270 1913 1312 1938 ac
1355 1913 1552 1940 numerum
1589 1902 1832 1943 heterodoxo-

1018 1977 1117 2003 rum.
1823 1967 1827 1971 “

1069 2029 1119 2079 (2)
1150 2028 1224 2068 Cfr.
1241 2030 1420 2069 Annales
1450 2031 1497 2069 de
1521 2031 1559 2069 la
1570 2033 1830 2086 propaqation

1014 2093 1109 2132 dela
1127 2094 1200 2145 foi,
1226 2095 1320 2134 Lion
1351 2094 1449 2135 1820
1469 2105 1505 2136 et
1523 2111 1625 2149 seqq.

1070 2159 1123 2210 (3)
1162 2160 1216 2200 De
1268 2160 1430 2201 Ecclesia
1483 2176 1634 2201 romana
1686 2164 1831 2214 scripsit

1014 2224 1055 2264 S.
1084 2225 1244 2265 Irenaeus
1260 2257 1271 2275 ,
1303 2227 1372 2265 lib.
1400 2241 1441 2265 ιιι
1457 2257 1467 2275 ,
1492 2241 1572 2279 cap.
1597 2228 1620 2266 3
1641 2242 1650 2265 :
1675 2226 1732 2265 In
1752 2242 1831 2280 qua

1015 2304 1161 2343 semper
1181 2293 1229 2330 ab
1243 2293 1319 2340 his,
1338 2298 1514 2345 quisunt
1532 2294 1719 2347 undique,
1743 2309 1833 2335 con-

1014 2364 1165 2395 servata
1185 2364 1238 2396 esc
1258 2371 1317 2405 ea,
1338 2372 1424 2409 quoe
1444 2366 1496 2397 est
1529 2359 1577 2398 ab
1602 2360 1801 2413 Apostolis
1819 2391 1830 2409 ‚

1014 2421 1188 2460 traditio
1227 2420 1268 2461 S.
1310 2423 1524 2476 Cyprianus
1549 2440 1695 2479 semper
1725 2440 1828 2477 eam,

1017 2502 1097 2540 quae
1131 2501 1216 2527 cum
1247 2503 1400 2528 romano
1442 2490 1623 2544 Episcopo
1661 2506 1833 2533 commu·

1015 2556 1149 2594 nicavit
1166 2586 1176 2603 ‚
1200 2556 1418 2596 catholicam
1456 2559 1706 2610 significavit;
1740 2562 1831 2598 scri-

1014 2619 1106 2659 bens
1128 2625 1229 2661 enim
1251 2623 1298 2661 ad
1316 2622 1573 2663 Antonianum
1586 2653 1600 2675 ,
1627 2627 1735 2678 epist.
1754 2639 1803 2664 ιιι
1818 2656 1831 2674 ,

1017 2692 1060 2723 ut
1092 2698 1178 2726 eum
1202 2690 1392 2728 certiorem
1412 2690 1574 2739 faceret,
1599 2691 1701 2744 quod
1728 2704 1831 2730 com·

1018 2755 1225 2794 manicaret
1245 2770 1331 2794 cum
1358 2756 1518 2796 Ecclesia
1538 2758 1721 2796 catholica
1739 2786 1751 2806 ,
1773 2755 1831 2795 his

1020 2817 1140 2857 verbis
1176 2822 1294 2859 utitur
1321 2834 1331 2859 :
1360 2818 1567 2874 Scripsisti
1602 2825 1719 2861 etiam
1737 2849 1749 2868 ‚
1787 2828 1834 2859 ut

1018 2885 1229 2938 exemplum
1267 2888 1491 2927 earumdem
1527 2888 1741 2927 litterarum
1781 2887 1835 2926 ad

1028 2949 1252 2992 Cornelium
1284 2953 1463 3006 colleyam
1493 2962 1664 2993 nostrum
1702 2958 1833 2991 iram-

1028 3016 1211 3057 mitterem
1229 3049 1238 3066 ‚
1278 3026 1322 3057 ut
1347 3020 1517 3072 deposita
1550 3020 1659 3057 omni
1691 3016 1831 3057 sellim}
