2028 3354
455 226 584 257 mar.
623 226 655 255 1.
694 222 791 254 cn.
830 220 896 252 iv.
935 218 989 247 mi
1024 217 1243 250 Ecctnsmz
1278 219 1478 250 normes.
1690 203 1783 250 261

736 334 1113 370 DIFFICULTATES

162 463 271 511 397.
312 461 413 524 Obj.
437 461 602 526 prima.
631 460 681 506 10
702 459 897 507 Ecclesia
918 476 1015 505 non
1038 467 1110 506 est
1135 457 1388 504 infallibilis
1418 459 1506 504 nisi
1527 459 1681 523 quoad
1701 476 1752 507 ea
1771 496 1783 518 ,

95 557 199 605 quae
219 539 267 585 in
291 539 449 585 divina
473 535 758 585 revelatione
780 535 1109 590 continentum
1138 534 1237 595 jam
1263 550 1372 581 vero
1396 534 1570 582 factum
1593 534 1788 598 dogma-

96 617 267 675 ticum,
294 632 365 661 ex.
390 631 455 677 gr.
479 612 713 672 Jansenii7
738 628 818 658 seu
844 627 1003 657 sensus
1023 617 1069 655 et
1091 619 1224 665 mens
1252 609 1463 656 Jansenii
1487 610 1536 655 in
1555 610 1787 659 damnatis

95 692 302 757 quinque
339 688 761 755 propositionibus,
795 694 935 751 prout
964 685 1015 731 in
1050 687 1146 746 ejus
1180 684 1454 747 Auyzcstino
1488 687 1786 746 continetur7

94 777 177 815 aut
202 784 258 814 ex
292 784 345 814 eo
376 767 580 826 eruitur,
605 780 756 828 neque
783 761 958 808 directe
988 777 1141 825 neque
1171 759 1398 808 indirecte
1424 761 1475 807 in
1503 762 1789 811 revelatione

98 844 385 903 continetur;
418 841 658 889 fatendum
686 836 884 904 proinde
904 844 1001 895 est,
1032 835 1261 898 ejusmodi
1289 835 1671 884 infallibilitatem
1704 840 1789 886 Ec—

100 920 247 967 clesiae
266 920 458 965 minime
488 924 767 980 competere.
796 915 851 960 20
877 914 997 960 Sane
1020 930 1181 960 sensus
1211 912 1400 976 alicujus
1429 915 1787 979 propositionis,

100 1005 183 1043 aut
209 1004 362 1042 textus
385 1002 464 1040 aut
487 992 626 1040 etiam
646 989 783 1049 libri,
814 1007 870 1038 ex
897 989 1004 1036 solis
1021 990 1208 1036 xcritices
1233 998 1279 1037 et
1300 989 1660 1038 hermeneuticoe
1682 991 1789 1038 sub·

101 1072 229 1118 sidiis
248 1070 393 1132 colligi
414 1076 566 1132 potest
580 1103 592 1125 ‚
621 1084 677 1114 ex
701 1065 899 1114 lectione
916 1102 928 1125 a
960 1065 1205 1114 collatione
1220 1102 1233 1126 a
1264 1065 1510 1131 phrasibus
1526 1104 1539 1127 7
1569 1066 1792 1134 loquendi

103 1165 217 1208 usu,
240 1145 429 1209 aliisque
458 1142 688 1206 ejusmodi
707 1141 1001 1189 adminiculis
1020 1179 1032 1201 v
1064 1159 1166 1207 quae
1195 1151 1305 1189 sunt
1337 1160 1444 1207 pars
1473 1142 1628 1206 logicae
1647 1181 1659 1203 ,
1694 1162 1792 1192 non

104 1232 259 1271 autem
279 1221 510 1283 objectum
531 1218 886 1267 infallibilitatis.
913 1219 964 1266 30
984 1220 1146 1285 Ecquis
1166 1220 1292 1267 enim
1313 1237 1521 1284 unquam
1542 1220 1681 1281 dicet,
1705 1222 1791 1269 Ec-

104 1300 289 1347 clesiam
312 1297 642 1345 infallibilitate
671 1296 946 1343 instructam
974 1313 1071 1343 esse
1105 1296 1155 1342 in
1182 1296 1571 1363 interpretatione
1610 1305 1656 1344 et
1683 1314 1792 1345 vero

102 1393 241 1424 sensu
266 1373 621 1422 determinando
645 1372 808 1432 Tullii,
842 1390 913 1420 ex.
949 1390 1015 1435 gr.
1043 1373 1210 1434 Taciti,
1243 1373 1449 1437 Virgilii?
1473 1375 1624 1433 Quare
1655 1374 1795 1438 igitur

105 1450 335 1501 censenda
366 1451 454 1498 erit
489 1448 746 1496 infallibilis
773 1449 825 1495 in
854 1447 1156 1513 intelligendo
1183 1466 1324 1514 opere
1353 1449 1595 1497 Jansenii‘?
1629 1450 1681 1497 40
1703 1452 1796 1498 Re-

108 1536 286 1593 pugnat
305 1535 526 1589 praeterea
544 1562 556 1585 7
586 1524 834 1572 Ecclesiam
854 1542 987 1589 posse
1005 1541 1148 1573 novos
1170 1524 1282 1572 fidei
1303 1525 1518 1573 articulos
1540 1526 1795 1574 credendos

103 1620 365 1669 proponere
381 1640 394 1660 ‚
415 1603 472 1650 de
496 1600 664 1667 quibus
686 1601 804 1648 nihil
829 1610 909 1648 aut
928 1602 977 1648 in
1002 1600 1143 1650 verbo
1161 1601 1245 1648 Dei
1262 1602 1460 1667 scripto,
1483 1612 1563 1650 aut
1583 1604 1630 1650 in
1654 1603 1796 1652 verbo

104 1682 188 1728 Dei
221 1680 395 1727 tradito
423 1681 711 1736 continetur3
744 1679 805 1725 ita
839 1695 978 1743 porro
1007 1695 1055 1726 se
1084 1687 1263 1741 gereret
1286 1678 1482 1725 Ecclesia
1503 1716 1515 1739 ,
1552 1679 1588 1726 si
1613 1680 1704 1728 fide
1724 1689 1796 1728 te-

104 1755 316 1804 nendum
346 1765 465 1803 esset
500 1754 642 1803 talem
690 1771 787 1802 esse
822 1753 1032 1801 Jansenii
1066 1771 1256 1800 sensum
1289 1754 1339 1800 in
1378 1771 1461 1801 suo
1501 1755 1793 1818 Aztgyzcstino.

107 1834 159 1881 5⁰
182 1836 299 1881 Cum
328 1834 469 1896 igitur
492 1833 682 1879 nonnisi
708 1832 914 1879 humana
933 1830 1225 1897 deprehendi
1244 1832 1389 1896 possit
1411 1831 1641 1880 industria
1661 1851 1797 1882 verus

107 1927 267 1957 sensus
307 1908 496 1972 alicujus
535 1910 757 1969 auctoris,
786 1917 956 1968 restat,
994 1916 1048 1954 ut
1081 1907 1319 1969 dicamus⁷
1350 1926 1449 1955 non
1489 1909 1582 1956 fide
1610 1909 1798 1972 divina,

108 1985 191 2034 sed
213 1985 304 2033 fide
331 1985 558 2032 duntaxat
586 1984 794 2032 humana
828 1985 888 2031 ad
915 2002 1154 2031 summum
1186 2003 1270 2032 nos
1313 1994 1475 2032 tenere
1510 1995 1589 2032 aut
1610 1985 1798 2035 credere

106 2062 279 2110 factum
320 2062 635 2126 dogmaticum
670 2061 727 2108 ab
766 2060 963 2109 Ecclesia
1002 2060 1276 2120 definitum,
1311 2078 1414 2125 quae
1446 2079 1544 2108 non
1583 2062 1800 2111 excludat

110 2155 297 2186 omnem
325 2137 512 2186 errandi
532 2137 847 2185 formidinem.
882 2138 1014 2201 Ergo.

177 2214 285 2262 398.
320 2217 457 2280 Resp.
486 2214 557 2262 Ad
586 2216 648 2259 lm
668 2249 681 2272 ,
710 2214 835 2260 Disc.
861 2217 976 2275 maj.
1000 2212 1193 2261 Ecclesia
1217 2231 1314 2262 non
1337 2223 1409 2262 est
1427 2214 1684 2263 infallibilis
1711 2217 1802 2264 nisi

111 2290 227 2336 circa
252 2307 303 2338 ea
317 2327 330 2350 7
351 2309 453 2357 quae
482 2291 531 2337 in
561 2289 717 2338 divina
739 2288 1021 2337 revelatione
1040 2289 1341 2337 continentur
1357 2327 1370 2350 ‚
1391 2300 1532 2355 prout
1553 2295 1680 2339 testis
1700 2303 1796 2352 est7

111 2374 262 2412 trans.
270 2386 290 2424 ,·
313 2377 452 2430 prout
475 2376 544 2416 est
546 2367 709 2429 y'udeoe
732 2374 779 2413 et
798 2369 1048 2430 mayistrQ
1080 2383 1182 2430 neq.
1209 2367 1393 2414 Etenim
1414 2367 1610 2415 Ecclesia
1633 2378 1802 2434 praeter

112 2441 314 2489 officium
353 2445 481 2491 testis
508 2460 703 2502 eorum.³
738 2459 838 2507 quae
871 2443 921 2489 in
964 2441 1247 2490 revelatione
1285 2444 1616 2505 continentur,
1660 2445 1803 2493 habet

111 2518 314 2565 officium
326 2518 492 2581 judicis
507 2518 926 2568 controversiarum
957 2525 1004 2564 et
1021 2520 1270 2582 magisterii
1289 2521 1519 2585 perpetui.
1533 2522 1676 2569 Prout
1695 2540 1803 2571 vero

112 2594 402 2641 ostendimus
419 2631 431 2652 ,
457 2613 552 2642 non
572 2604 731 2660 posset
751 2594 947 2643 Ecclesia
971 2601 1164 2660 utroque
1184 2596 1410 2657 ejusmodi
1434 2614 1630 2645 munere
1650 2598 1797 2663 fungi,

112 2671 200 2717 nisi
224 2680 344 2718 esset
367 2669 695 2717 infallibilitate
718 2687 744 2717 a
767 2670 951 2717 Christo
979 2671 1174 2718 munita.
1206 2672 1374 2737 Utique
1392 2690 1552 2720 sensus
1571 2675 1599 2720 J
1603 2676 1800 2732 ansenii,

114 2747 193 2811 qui
227 2747 276 2793 in
313 2750 409 2808 ejus
444 2748 715 2810 Auyustino
744 2746 1039 2804 continetur7
1078 2763 1174 2793 non
1214 2748 1447 2812 reperitur
1490 2749 1588 2797 sive
1631 2749 1804 2798 directe

118 2927 161 2959 ut
182 2928 316 2960 vocam
329 2950 344 2971 ‚
370 2921 544 2974 insuetis
565 2919 817 2972 doqnzatz'oz'33
847 2920 930 2960 Bol-
997 2928 1077 2959 tum
1098 2922 1137 2959 in
1159 2935 1290 2974 opusc.
1317 2919 1557 2963 L'economia
1574 2923 1669 2962 della
1683 2923 1768 2975 sede
1788 2953 1800 2973 ‚

122 2989 219 3037 geni,
240 2985 380 3037 [faeti
395 2986 618 3025 dommatici
633 3017 643 3036 ‚
664 2985 735 3025 vol.
753 2998 777 3025 2
793 3016 803 3034 ‚
827 2984 928 3035 in-8,
998 2985 1074 3025 volt
1097 3000 1164 3026 un.
1182 2986 1327 3028 Brescia
1364 3000 1481 3041 1790.
