<?xml version="1.0" encoding="UTF-8"?>
<!DOCTYPE html PUBLIC "-//W3C//DTD XHTML 1.0 Transitional//EN"
    "http://www.w3.org/TR/xhtml1/DTD/xhtml1-transitional.dtd">
<html xmlns="http://www.w3.org/1999/xhtml" xml:lang="en" lang="en">
 <head>
  <title>
</title>
<meta http-equiv="Content-Type" content="text/html;charset=utf-8" />
  <meta name='ocr-system' content='tesseract 3.04.00' />
  <meta name='ocr-capabilities' content='ocr_page ocr_carea ocr_par ocr_line ocrx_word'/>
</head>
<body>
  <div class='ocr_page' id='page_1' title='image "./praelectionestheo08perruoft_0524.png"; bbox 0 0 2028 3354; ppageno 0'>
   <div class='ocr_carea' id='block_1_1' title="bbox 193 181 1422 232">
    <p class='ocr_par' dir='ltr' id='par_1_1' title="bbox 193 181 1422 232">
     <span class='ocr_line' id='line_1_1' title="bbox 193 181 1422 232; baseline 0.003 -5"><span class='ocrx_word' id='word_1_1' title='bbox 193 181 288 229; x_wconf 78' lang='lat'>512</span> <span class='ocrx_word' id='word_1_2' title='bbox 681 195 854 225; x_wconf 57' lang='lat' dir='ltr'>macm—</span> <span class='ocrx_word' id='word_1_3' title='bbox 878 195 931 224; x_wconf 70' lang='lat' dir='ltr'>nn</span> <span class='ocrx_word' id='word_1_4' title='bbox 966 195 1086 226; x_wconf 71' lang='lat' dir='ltr'>toc1s</span> <span class='ocrx_word' id='word_1_5' title='bbox 1121 196 1422 232; x_wconf 71' lang='lat' dir='ltr'>Tnnorooxms.</span> 
     </span>
    </p>
   </div>
   <div class='ocr_carea' id='block_1_2' title="bbox 110 309 1882 2269">
    <p class='ocr_par' dir='ltr' id='par_1_2' title="bbox 118 309 1882 1902">
     <span class='ocr_line' id='line_1_2' title="bbox 253 309 1874 381; baseline 0.002 -21"><span class='ocrx_word' id='word_1_6' title='bbox 253 311 366 359; x_wconf 78' lang='lat'><strong>752.</strong></span> <span class='ocrx_word' id='word_1_7' title='bbox 411 310 579 355; x_wconf 87' lang='lat' dir='ltr'>Verum</span> <span class='ocrx_word' id='word_1_8' title='bbox 616 315 785 371; x_wconf 83' lang='lat' dir='ltr'>praeter</span> <span class='ocrx_word' id='word_1_9' title='bbox 819 309 1074 356; x_wconf 88' lang='lat' dir='ltr'>sententias</span> <span class='ocrx_word' id='word_1_10' title='bbox 1103 311 1296 360; x_wconf 88' lang='lat' dir='ltr'>Patrum</span> <span class='ocrx_word' id='word_1_11' title='bbox 1323 314 1416 362; x_wconf 90' lang='lat' dir='ltr'>huc</span> <span class='ocrx_word' id='word_1_12' title='bbox 1452 322 1665 381; x_wconf 83' lang='lat' dir='ltr'>spectant</span> <span class='ocrx_word' id='word_1_13' title='bbox 1691 314 1874 380; x_wconf 84' lang='lat' dir='ltr'>publica</span> 
     </span>
     <span class='ocr_line' id='line_1_3' title="bbox 186 382 1877 451; baseline 0.002 -16"><span class='ocrx_word' id='word_1_14' title='bbox 186 389 328 448; x_wconf 86' lang='lat' dir='ltr'>facta,</span> <span class='ocrx_word' id='word_1_15' title='bbox 360 401 460 451; x_wconf 85' lang='lat' dir='ltr'>quae</span> <span class='ocrx_word' id='word_1_16' title='bbox 494 382 708 432; x_wconf 88' lang='lat' dir='ltr'>eamdem</span> <span class='ocrx_word' id='word_1_17' title='bbox 744 384 792 430; x_wconf 91' lang='lat' dir='ltr'>in</span> <span class='ocrx_word' id='word_1_18' title='bbox 829 385 1108 449; x_wconf 81' lang='lat' dir='ltr'>antiquitate</span> <span class='ocrx_word' id='word_1_19' title='bbox 1140 386 1393 438; x_wconf 85' lang='lat' dir='ltr'><strong>obtinuisse</strong></span> <span class='ocrx_word' id='word_1_20' title='bbox 1425 391 1686 439; x_wconf 84' lang='lat' dir='ltr'>doctrinam</span> <span class='ocrx_word' id='word_1_21' title='bbox 1723 393 1877 439; x_wconf 89' lang='lat' dir='ltr'>mani-</span> 
     </span>
     <span class='ocr_line' id='line_1_4' title="bbox 185 460 1875 533; baseline 0.004 -23"><span class='ocrx_word' id='word_1_22' title='bbox 185 465 299 510; x_wconf 88' lang='lat' dir='ltr'>feste</span> <span class='ocrx_word' id='word_1_23' title='bbox 328 461 551 527; x_wconf 89' lang='lat' dir='ltr'>produnt.</span> <span class='ocrx_word' id='word_1_24' title='bbox 585 460 694 507; x_wconf 83' lang='lat' dir='ltr'><strong>Tale</strong></span> <span class='ocrx_word' id='word_1_25' title='bbox 719 461 945 525; x_wconf 83' lang='lat' dir='ltr'>inprimis</span> <span class='ocrx_word' id='word_1_26' title='bbox 973 471 1043 509; x_wconf 89' lang='lat' dir='ltr'>est</span> <span class='ocrx_word' id='word_1_27' title='bbox 1074 463 1418 513; x_wconf 85' lang='lat' dir='ltr'>Catholicorum</span> <span class='ocrx_word' id='word_1_28' title='bbox 1445 468 1612 533; x_wconf 81' lang='lat' dir='ltr'>agendi</span> <span class='ocrx_word' id='word_1_29' title='bbox 1637 468 1784 527; x_wconf 73' lang='lat' dir='ltr'>rati03</span> <span class='ocrx_word' id='word_1_30' title='bbox 1818 485 1875 516; x_wconf 82' lang='lat' dir='ltr'>ex</span> 
     </span>
     <span class='ocr_line' id='line_1_5' title="bbox 185 537 1877 598; baseline 0.004 -13"><span class='ocrx_word' id='word_1_31' title='bbox 185 539 271 585; x_wconf 83' lang='lat' dir='ltr'>hac</span> <span class='ocrx_word' id='word_1_32' title='bbox 285 539 410 585; x_wconf 90' lang='lat' dir='ltr'>enim</span> <span class='ocrx_word' id='word_1_33' title='bbox 432 545 639 598; x_wconf 84' lang='lat' dir='ltr'>constat,</span> <span class='ocrx_word' id='word_1_34' title='bbox 663 538 712 584; x_wconf 91' lang='grc'>10</span> <span class='ocrx_word' id='word_1_35' title='bbox 725 538 981 596; x_wconf 82' lang='lat' dir='ltr'>Novatores</span> <span class='ocrx_word' id='word_1_36' title='bbox 994 537 1238 586; x_wconf 90' lang='lat' dir='ltr'>damnatos</span> <span class='ocrx_word' id='word_1_37' title='bbox 1261 558 1285 587; x_wconf 89' lang='lat' dir='ltr'>a</span> <span class='ocrx_word' id='word_1_38' title='bbox 1310 541 1417 588; x_wconf 91' lang='lat' dir='ltr'>solis</span> <span class='ocrx_word' id='word_1_39' title='bbox 1438 560 1555 590; x_wconf 86' lang='lat' dir='ltr'>rom.</span> <span class='ocrx_word' id='word_1_40' title='bbox 1580 543 1877 591; x_wconf 90' lang='lat' dir='ltr'>Pontificibus</span> 
     </span>
     <span class='ocr_line' id='line_1_6' title="bbox 184 613 1878 681; baseline 0.004 -20"><span class='ocrx_word' id='word_1_41' title='bbox 184 614 305 661; x_wconf 92' lang='lat' dir='ltr'>illico</span> <span class='ocrx_word' id='word_1_42' title='bbox 324 615 393 661; x_wconf 92' lang='lat' dir='ltr'>uti</span> <span class='ocrx_word' id='word_1_43' title='bbox 410 614 647 664; x_wconf 80' lang='lat' dir='ltr'>haereticos</span> <span class='ocrx_word' id='word_1_44' title='bbox 671 613 855 661; x_wconf 86' lang='lat' dir='ltr'>habitos</span> <span class='ocrx_word' id='word_1_45' title='bbox 876 631 974 662; x_wconf 85' lang='lat' dir='ltr'>esse</span> <span class='ocrx_word' id='word_1_46' title='bbox 992 651 1005 673; x_wconf 62' lang='lat' dir='ltr'>a</span> <span class='ocrx_word' id='word_1_47' title='bbox 1032 625 1285 681; x_wconf 84' lang='lat' dir='ltr'><strong>antequam</strong></span> <span class='ocrx_word' id='word_1_48' title='bbox 1304 627 1577 681; x_wconf 80' lang='lat' dir='ltr'>cogerentur</span> <span class='ocrx_word' id='word_1_49' title='bbox 1593 621 1878 668; x_wconf 89' lang='lat' dir='ltr'>oecumenica</span> 
     </span>
     <span class='ocr_line' id='line_1_7' title="bbox 185 689 1879 760; baseline 0.002 -20"><span class='ocrx_word' id='word_1_50' title='bbox 185 690 387 740; x_wconf 89' lang='lat' dir='ltr'>Concilia</span> <span class='ocrx_word' id='word_1_51' title='bbox 416 691 517 755; x_wconf 67' lang='lat' dir='ltr'>(l);</span> <span class='ocrx_word' id='word_1_52' title='bbox 552 692 606 737; x_wconf 73' lang='lat'>2⁰</span> <span class='ocrx_word' id='word_1_53' title='bbox 623 689 781 755; x_wconf 86' lang='lat' dir='ltr'>plures</span> <span class='ocrx_word' id='word_1_54' title='bbox 813 707 993 738; x_wconf 86' lang='lat' dir='ltr'>errores</span> <span class='ocrx_word' id='word_1_55' title='bbox 1021 700 1250 758; x_wconf 78' lang='lat' dir='ltr'>tanquam</span> <span class='ocrx_word' id='word_1_56' title='bbox 1274 693 1469 742; x_wconf 84' lang='lat' dir='ltr'>haereses</span> <span class='ocrx_word' id='word_1_57' title='bbox 1493 705 1719 760; x_wconf 85' lang='lat' dir='ltr'>spectatos</span> <span class='ocrx_word' id='word_1_58' title='bbox 1743 696 1879 744; x_wconf 86' lang='lat' dir='ltr'>fuisse</span> 
     </span>
     <span class='ocr_line' id='line_1_8' title="bbox 184 765 1881 834; baseline 0.002 -18"><span class='ocrx_word' id='word_1_59' title='bbox 184 785 242 816; x_wconf 82' lang='lat' dir='ltr'>ex</span> <span class='ocrx_word' id='word_1_60' title='bbox 259 767 355 815; x_wconf 89' lang='lat' dir='ltr'>sola</span> <span class='ocrx_word' id='word_1_61' title='bbox 377 784 495 815; x_wconf 89' lang='lat' dir='ltr'>rom.</span> <span class='ocrx_word' id='word_1_62' title='bbox 520 766 798 813; x_wconf 89' lang='lat' dir='ltr'>Pontificum</span> <span class='ocrx_word' id='word_1_63' title='bbox 822 765 1124 815; x_wconf 84' lang='lat' dir='ltr'>damnatione</span> <span class='ocrx_word' id='word_1_64' title='bbox 1149 768 1322 834; x_wconf 85' lang='lat' dir='ltr'>absque</span> <span class='ocrx_word' id='word_1_65' title='bbox 1347 770 1658 819; x_wconf 89' lang='lat' dir='ltr'>Conciliorum</span> <span class='ocrx_word' id='word_1_66' title='bbox 1682 772 1881 820; x_wconf 87' lang='lat' dir='ltr'>celebra—</span> 
     </span>
     <span class='ocr_line' id='line_1_9' title="bbox 183 842 1881 909; baseline 0.002 -17"><span class='ocrx_word' id='word_1_67' title='bbox 183 845 309 893; x_wconf 86' lang='lat' dir='ltr'>tione</span> <span class='ocrx_word' id='word_1_68' title='bbox 332 844 429 909; x_wconf 76' lang='lat'>(2);</span> <span class='ocrx_word' id='word_1_69' title='bbox 461 843 512 890; x_wconf 86' lang='lat'>3⁰</span> <span class='ocrx_word' id='word_1_70' title='bbox 539 842 851 890; x_wconf 87' lang='lat' dir='ltr'>Conciliorum</span> <span class='ocrx_word' id='word_1_71' title='bbox 884 844 1282 892; x_wconf 86' lang='lat' dir='ltr'>oecumenicorum</span> <span class='ocrx_word' id='word_1_72' title='bbox 1316 845 1500 894; x_wconf 84' lang='lat' dir='ltr'>decreta</span> <span class='ocrx_word' id='word_1_73' title='bbox 1534 848 1662 895; x_wconf 88' lang='lat' dir='ltr'>velut</span> <span class='ocrx_word' id='word_1_74' title='bbox 1692 848 1881 895; x_wconf 83' lang='lat' dir='ltr'>irrefor—</span> 
     </span>
     <span class='ocr_line' id='line_1_10' title="bbox 183 917 1881 971; baseline 0.002 -3"><span class='ocrx_word' id='word_1_75' title='bbox 183 920 371 968; x_wconf 87' lang='lat' dir='ltr'>mabilia</span> <span class='ocrx_word' id='word_1_76' title='bbox 405 920 601 966; x_wconf 89' lang='lat' dir='ltr'>minime</span> <span class='ocrx_word' id='word_1_77' title='bbox 634 918 772 966; x_wconf 85' lang='lat' dir='ltr'>fuisse</span> <span class='ocrx_word' id='word_1_78' title='bbox 808 917 970 964; x_wconf 85' lang='lat' dir='ltr'>habita</span> <span class='ocrx_word' id='word_1_79' title='bbox 1005 928 1116 966; x_wconf 91' lang='lat' dir='ltr'>ante</span> <span class='ocrx_word' id='word_1_80' title='bbox 1153 937 1272 967; x_wconf 89' lang='lat' dir='ltr'>rom.</span> <span class='ocrx_word' id='word_1_81' title='bbox 1318 923 1596 971; x_wconf 87' lang='lat' dir='ltr'>Pontificum</span> <span class='ocrx_word' id='word_1_82' title='bbox 1632 925 1881 971; x_wconf 86' lang='lat' dir='ltr'>confirma-</span> 
     </span>
     <span class='ocr_line' id='line_1_11' title="bbox 181 993 1878 1066; baseline 0.002 -21"><span class='ocrx_word' id='word_1_83' title='bbox 181 997 359 1045; x_wconf 86' lang='lat' dir='ltr'>tionem</span> <span class='ocrx_word' id='word_1_84' title='bbox 379 1033 391 1056; x_wconf 63' lang='lat'>,</span> <span class='ocrx_word' id='word_1_85' title='bbox 417 996 511 1042; x_wconf 90' lang='lat' dir='ltr'>imo</span> <span class='ocrx_word' id='word_1_86' title='bbox 541 993 781 1041; x_wconf 88' lang='lat' dir='ltr'>interdum</span> <span class='ocrx_word' id='word_1_87' title='bbox 810 996 980 1055; x_wconf 79' lang='lat' dir='ltr'>reJecta</span> <span class='ocrx_word' id='word_1_88' title='bbox 1005 993 1142 1056; x_wconf 87' lang='lat' dir='ltr'>hujus</span> <span class='ocrx_word' id='word_1_89' title='bbox 1170 997 1533 1045; x_wconf 87' lang='lat' dir='ltr'>confirmationis</span> <span class='ocrx_word' id='word_1_90' title='bbox 1565 999 1749 1048; x_wconf 89' lang='lat' dir='ltr'>defectu</span> <span class='ocrx_word' id='word_1_91' title='bbox 1781 1000 1878 1066; x_wconf 73' lang='lat'><strong>(3);</strong></span> 
     </span>
     <span class='ocr_line' id='line_1_12' title="bbox 183 1070 1881 1144; baseline 0.001 -22"><span class='ocrx_word' id='word_1_92' title='bbox 183 1075 237 1122; x_wconf 83' lang='grc'>40</span> <span class='ocrx_word' id='word_1_93' title='bbox 271 1073 441 1122; x_wconf 82' lang='lat' dir='ltr'>exortis</span> <span class='ocrx_word' id='word_1_94' title='bbox 479 1070 675 1121; x_wconf 83' lang='lat' dir='ltr'>vixdum</span> <span class='ocrx_word' id='word_1_95' title='bbox 710 1070 1038 1118; x_wconf 87' lang='lat' dir='ltr'>controversiis</span> <span class='ocrx_word' id='word_1_96' title='bbox 1058 1107 1070 1130; x_wconf 76' lang='lat'>,</span> <span class='ocrx_word' id='word_1_97' title='bbox 1105 1070 1165 1118; x_wconf 87' lang='lat' dir='ltr'>ad</span> <span class='ocrx_word' id='word_1_98' title='bbox 1207 1088 1283 1118; x_wconf 89' lang='lat' dir='ltr'>eas</span> <span class='ocrx_word' id='word_1_99' title='bbox 1317 1072 1602 1123; x_wconf 89' lang='lat' dir='ltr'>dirimendas</span> <span class='ocrx_word' id='word_1_100' title='bbox 1635 1079 1881 1144; x_wconf 87' lang='lat' dir='ltr'>Episcopos</span> 
     </span>
     <span class='ocr_line' id='line_1_13' title="bbox 180 1145 1877 1216; baseline 0.003 -19"><span class='ocrx_word' id='word_1_101' title='bbox 180 1150 390 1216; x_wconf 90' lang='lat' dir='ltr'>undique</span> <span class='ocrx_word' id='word_1_102' title='bbox 415 1148 475 1196; x_wconf 86' lang='lat' dir='ltr'>ad</span> <span class='ocrx_word' id='word_1_103' title='bbox 500 1165 618 1195; x_wconf 89' lang='lat' dir='ltr'>rom.</span> <span class='ocrx_word' id='word_1_104' title='bbox 646 1146 868 1195; x_wconf 84' lang='lat' dir='ltr'>Praesules</span> <span class='ocrx_word' id='word_1_105' title='bbox 896 1145 1052 1194; x_wconf 91' lang='lat' dir='ltr'>oculos</span> <span class='ocrx_word' id='word_1_106' title='bbox 1079 1149 1391 1206; x_wconf 64' lang='lat' dir='ltr'>convertisse,</span> <span class='ocrx_word' id='word_1_107' title='bbox 1424 1166 1592 1215; x_wconf 90' lang='lat' dir='ltr'>eosque</span> <span class='ocrx_word' id='word_1_108' title='bbox 1621 1155 1877 1215; x_wconf 67' lang='lat' dir='ltr'>rogavisse,</span> 
     </span>
     <span class='ocr_line' id='line_1_14' title="bbox 118 1223 1882 1293; baseline 0.002 -19"><span class='ocrx_word' id='word_1_109' title='bbox 118 1247 120 1249; x_wconf 93' lang='lat'>·</span> <span class='ocrx_word' id='word_1_110' title='bbox 179 1236 234 1274; x_wconf 87' lang='lat' dir='ltr'>ut</span> <span class='ocrx_word' id='word_1_111' title='bbox 254 1226 382 1293; x_wconf 89' lang='lat' dir='ltr'>quod</span> <span class='ocrx_word' id='word_1_112' title='bbox 398 1226 485 1290; x_wconf 91' lang='lat' dir='ltr'>ipsi</span> <span class='ocrx_word' id='word_1_113' title='bbox 508 1225 566 1272; x_wconf 91' lang='lat' dir='ltr'>de</span> <span class='ocrx_word' id='word_1_114' title='bbox 587 1224 640 1270; x_wconf 88' lang='lat' dir='ltr'>iis</span> <span class='ocrx_word' id='word_1_115' title='bbox 661 1223 891 1270; x_wconf 84' lang='lat' dir='ltr'>sentirent</span> <span class='ocrx_word' id='word_1_116' title='bbox 909 1223 1224 1288; x_wconf 83' lang='lat' dir='ltr'>patefacerent</span> <span class='ocrx_word' id='word_1_117' title='bbox 1241 1224 1337 1288; x_wconf 74' lang='lat'><strong>(4);</strong></span> <span class='ocrx_word' id='word_1_118' title='bbox 1362 1224 1415 1270; x_wconf 85' lang='lat'>50</span> <span class='ocrx_word' id='word_1_119' title='bbox 1432 1225 1693 1275; x_wconf 83' lang='lat' dir='ltr'>Catliolicos</span> <span class='ocrx_word' id='word_1_120' title='bbox 1718 1246 1882 1277; x_wconf 85' lang='lat' dir='ltr'>omnes</span> 
     </span>
     <span class='ocr_line' id='line_1_15' title="bbox 179 1300 1881 1369; baseline 0.001 -19"><span class='ocrx_word' id='word_1_121' title='bbox 179 1312 451 1351; x_wconf 82' lang='lat' dir='ltr'>constanter</span> <span class='ocrx_word' id='word_1_122' title='bbox 482 1300 767 1366; x_wconf 87' lang='lat' dir='ltr'>acquievisse</span> <span class='ocrx_word' id='word_1_123' title='bbox 796 1300 1046 1365; x_wconf 89' lang='lat' dir='ltr'>pontificiis</span> <span class='ocrx_word' id='word_1_124' title='bbox 1077 1300 1350 1364; x_wconf 85' lang='lat' dir='ltr'>dogmaticis</span> <span class='ocrx_word' id='word_1_125' title='bbox 1383 1301 1580 1349; x_wconf 87' lang='lat' dir='ltr'>decretis</span> <span class='ocrx_word' id='word_1_126' title='bbox 1598 1339 1611 1362; x_wconf 78' lang='grc'><em>,</em></span> <span class='ocrx_word' id='word_1_127' title='bbox 1649 1320 1804 1369; x_wconf 87' lang='lat' dir='ltr'>neque</span> <span class='ocrx_word' id='word_1_128' title='bbox 1827 1307 1881 1352; x_wconf 91' lang='lat' dir='ltr'>iis</span> 
     </span>
     <span class='ocr_line' id='line_1_16' title="bbox 180 1375 1880 1440; baseline 0.002 -14"><span class='ocrx_word' id='word_1_129' title='bbox 180 1379 270 1427; x_wconf 87' lang='lat' dir='ltr'>nisi</span> <span class='ocrx_word' id='word_1_130' title='bbox 299 1379 418 1426; x_wconf 90' lang='lat' dir='ltr'>solos</span> <span class='ocrx_word' id='word_1_131' title='bbox 448 1377 686 1425; x_wconf 81' lang='lat' dir='ltr'>haereticos</span> <span class='ocrx_word' id='word_1_132' title='bbox 718 1375 977 1423; x_wconf 86' lang='lat' dir='ltr'>obluctatos</span> <span class='ocrx_word' id='word_1_133' title='bbox 1012 1393 1111 1423; x_wconf 89' lang='lat' dir='ltr'>esse</span> <span class='ocrx_word' id='word_1_134' title='bbox 1138 1377 1225 1440; x_wconf 78' lang='lat'>(5)3</span> <span class='ocrx_word' id='word_1_135' title='bbox 1261 1377 1312 1424; x_wconf 89' lang='grc'>60</span> <span class='ocrx_word' id='word_1_136' title='bbox 1342 1379 1612 1427; x_wconf 87' lang='lat' dir='ltr'>universam</span> <span class='ocrx_word' id='word_1_137' title='bbox 1636 1379 1880 1429; x_wconf 86' lang='lat' dir='ltr'>Ecclesiam</span> 
     </span>
     <span class='ocr_line' id='line_1_17' title="bbox 181 1452 1881 1522; baseline 0.001 -19"><span class='ocrx_word' id='word_1_138' title='bbox 181 1465 332 1504; x_wconf 90' lang='lat' dir='ltr'>ratam</span> <span class='ocrx_word' id='word_1_139' title='bbox 358 1454 573 1502; x_wconf 89' lang='lat' dir='ltr'>habuisse</span> <span class='ocrx_word' id='word_1_140' title='bbox 602 1452 853 1501; x_wconf 86' lang='lat' dir='ltr'>formulam</span> <span class='ocrx_word' id='word_1_141' title='bbox 886 1452 944 1500; x_wconf 88' lang='lat' dir='ltr'>ab</span> <span class='ocrx_word' id='word_1_142' title='bbox 976 1453 1223 1501; x_wconf 88' lang='lat' dir='ltr'>Hormisda</span> <span class='ocrx_word' id='word_1_143' title='bbox 1255 1453 1644 1503; x_wconf 86' lang='lat' dir='ltr'>subscribendam</span> <span class='ocrx_word' id='word_1_144' title='bbox 1671 1459 1881 1522; x_wconf 85' lang='lat' dir='ltr'>proposi-</span> 
     </span>
     <span class='ocr_line' id='line_1_18' title="bbox 180 1529 1880 1597; baseline 0.001 -17"><span class='ocrx_word' id='word_1_145' title='bbox 180 1543 308 1593; x_wconf 70' lang='lat' dir='ltr'>tam,</span> <span class='ocrx_word' id='word_1_146' title='bbox 352 1534 401 1579; x_wconf 91' lang='lat' dir='ltr'>in</span> <span class='ocrx_word' id='word_1_147' title='bbox 441 1549 533 1597; x_wconf 90' lang='lat' dir='ltr'>qua</span> <span class='ocrx_word' id='word_1_148' title='bbox 563 1531 660 1578; x_wconf 87' lang='lat' dir='ltr'>haec</span> <span class='ocrx_word' id='word_1_149' title='bbox 706 1529 1010 1577; x_wconf 81' lang='lat' dir='ltr'>infallibilitas</span> <span class='ocrx_word' id='word_1_150' title='bbox 1049 1531 1350 1578; x_wconf 83' lang='lat' dir='ltr'>constituitur</span> <span class='ocrx_word' id='word_1_151' title='bbox 1390 1533 1484 1596; x_wconf 77' lang='lat'>(6);</span> <span class='ocrx_word' id='word_1_152' title='bbox 1514 1532 1569 1580; x_wconf 84' lang='lat'>¹70</span> <span class='ocrx_word' id='word_1_153' title='bbox 1601 1533 1794 1581; x_wconf 87' lang='lat' dir='ltr'>demum</span> <span class='ocrx_word' id='word_1_154' title='bbox 1831 1537 1880 1581; x_wconf 91' lang='lat' dir='ltr'>in</span> 
     </span>
     <span class='ocr_line' id='line_1_19' title="bbox 180 1606 1881 1676; baseline 0.001 -21"><span class='ocrx_word' id='word_1_155' title='bbox 180 1608 367 1676; x_wconf 90' lang='lat' dir='ltr'>publica</span> <span class='ocrx_word' id='word_1_156' title='bbox 389 1606 574 1672; x_wconf 78' lang='lat' dir='ltr'>liturgia</span> <span class='ocrx_word' id='word_1_157' title='bbox 597 1607 719 1654; x_wconf 89' lang='lat' dir='ltr'>hanc</span> <span class='ocrx_word' id='word_1_158' title='bbox 745 1607 894 1670; x_wconf 86' lang='lat' dir='ltr'>ipsam</span> <span class='ocrx_word' id='word_1_159' title='bbox 921 1607 1280 1672; x_wconf 80' lang='lat' dir='ltr'>praerogativam</span> <span class='ocrx_word' id='word_1_160' title='bbox 1308 1625 1514 1656; x_wconf 85' lang='lat' dir='ltr'>romanae</span> <span class='ocrx_word' id='word_1_161' title='bbox 1542 1609 1779 1670; x_wconf 68' lang='lat' dir='ltr'>Ecclesiae,</span> <span class='ocrx_word' id='word_1_162' title='bbox 1803 1628 1881 1658; x_wconf 91' lang='lat' dir='ltr'>seu</span> 
     </span>
     <span class='ocr_line' id='line_1_20' title="bbox 180 1682 1882 1749; baseline 0 -16"><span class='ocrx_word' id='word_1_163' title='bbox 180 1702 376 1734; x_wconf 86' lang='lat' dir='ltr'>romano</span> <span class='ocrx_word' id='word_1_164' title='bbox 413 1683 624 1731; x_wconf 88' lang='lat' dir='ltr'>Pontifici</span> <span class='ocrx_word' id='word_1_165' title='bbox 660 1683 799 1729; x_wconf 86' lang='lat' dir='ltr'>fuisse</span> <span class='ocrx_word' id='word_1_166' title='bbox 835 1691 1057 1729; x_wconf 87' lang='lat' dir='ltr'>assertam</span> <span class='ocrx_word' id='word_1_167' title='bbox 1088 1682 1177 1746; x_wconf 74' lang='grc'>(7).</span> <span class='ocrx_word' id='word_1_168' title='bbox 1216 1685 1328 1742; x_wconf 82' lang='lat' dir='ltr'>Quae</span> <span class='ocrx_word' id='word_1_169' title='bbox 1371 1685 1559 1749; x_wconf 87' lang='lat' dir='ltr'>quidem</span> <span class='ocrx_word' id='word_1_170' title='bbox 1601 1686 1757 1732; x_wconf 90' lang='lat' dir='ltr'>omnia</span> <span class='ocrx_word' id='word_1_171' title='bbox 1803 1694 1882 1733; x_wconf 85' lang='lat' dir='ltr'>aut</span> 
     </span>
     <span class='ocr_line' id='line_1_21' title="bbox 183 1759 1879 1828; baseline -0.001 -19"><span class='ocrx_word' id='word_1_172' title='bbox 183 1771 456 1828; x_wconf 85' lang='lat' dir='ltr'>supponunt</span> <span class='ocrx_word' id='word_1_173' title='bbox 482 1770 561 1807; x_wconf 89' lang='lat' dir='ltr'>aut</span> <span class='ocrx_word' id='word_1_174' title='bbox 598 1760 850 1807; x_wconf 87' lang='lat' dir='ltr'>adstruunt</span> <span class='ocrx_word' id='word_1_175' title='bbox 879 1759 1168 1824; x_wconf 82' lang='lat' dir='ltr'>apertissime</span> <span class='ocrx_word' id='word_1_176' title='bbox 1196 1777 1315 1807; x_wconf 90' lang='lat' dir='ltr'>rom.</span> <span class='ocrx_word' id='word_1_177' title='bbox 1353 1761 1588 1809; x_wconf 89' lang='lat' dir='ltr'>Pontificis</span> <span class='ocrx_word' id='word_1_178' title='bbox 1619 1761 1879 1820; x_wconf 42' lang='lat' dir='ltr'>infallibili,-</span> 
     </span>
     <span class='ocr_line' id='line_1_22' title="bbox 181 1837 1876 1902; baseline -0.001 -16"><span class='ocrx_word' id='word_1_179' title='bbox 181 1848 350 1897; x_wconf 69' lang='lat' dir='ltr'>tatem‚</span> <span class='ocrx_word' id='word_1_180' title='bbox 377 1854 573 1902; x_wconf 86' lang='lat' dir='ltr'>eamque</span> <span class='ocrx_word' id='word_1_181' title='bbox 597 1846 707 1883; x_wconf 89' lang='lat' dir='ltr'>ante</span> <span class='ocrx_word' id='word_1_182' title='bbox 729 1852 1002 1900; x_wconf 77' lang='lat' dir='ltr'>expressum</span> <span class='ocrx_word' id='word_1_183' title='bbox 1029 1844 1109 1882; x_wconf 91' lang='lat' dir='ltr'>aut</span> <span class='ocrx_word' id='word_1_184' title='bbox 1135 1837 1329 1883; x_wconf 88' lang='lat' dir='ltr'>tacitum</span> <span class='ocrx_word' id='word_1_185' title='bbox 1348 1837 1557 1884; x_wconf 85' lang='lat' dir='ltr'>Ecclesiae</span> <span class='ocrx_word' id='word_1_186' title='bbox 1578 1854 1876 1885; x_wconf 84' lang='lat' dir='ltr'>consensum.</span> 
     </span>
    </p>

    <p class='ocr_par' dir='ltr' id='par_1_3' title="bbox 110 1911 1881 2269">
     <span class='ocr_line' id='line_1_23' title="bbox 247 1911 1881 1978; baseline -0.002 -16"><span class='ocrx_word' id='word_1_187' title='bbox 247 1915 359 1963; x_wconf 86' lang='lat'><strong>753.</strong></span> <span class='ocrx_word' id='word_1_188' title='bbox 397 1914 529 1968; x_wconf 83' lang='lat' dir='ltr'>Hane</span> <span class='ocrx_word' id='word_1_189' title='bbox 561 1911 762 1977; x_wconf 88' lang='lat' dir='ltr'>denique</span> <span class='ocrx_word' id='word_1_190' title='bbox 798 1911 1059 1971; x_wconf 84' lang='lat' dir='ltr'>doctrinam</span> <span class='ocrx_word' id='word_1_191' title='bbox 1094 1914 1287 1959; x_wconf 90' lang='lat' dir='ltr'>omnino</span> <span class='ocrx_word' id='word_1_192' title='bbox 1312 1913 1552 1976; x_wconf 80' lang='lat' dir='ltr'>consignat</span> <span class='ocrx_word' id='word_1_193' title='bbox 1585 1913 1683 1978; x_wconf 88' lang='lat' dir='ltr'>ipsa</span> <span class='ocrx_word' id='word_1_194' title='bbox 1714 1913 1881 1976; x_wconf 80' lang='lat' dir='ltr'>agendi</span> 
     </span>
     <span class='ocr_line' id='line_1_24' title="bbox 181 1987 1879 2053; baseline -0.002 -14"><span class='ocrx_word' id='word_1_195' title='bbox 181 1991 301 2039; x_wconf 89' lang='lat' dir='ltr'>ratio</span> <span class='ocrx_word' id='word_1_196' title='bbox 329 1990 673 2038; x_wconf 79' lang='lat' dir='ltr'>haereticorum.</span> <span class='ocrx_word' id='word_1_197' title='bbox 709 1989 825 2035; x_wconf 89' lang='lat' dir='ltr'>Tam</span> <span class='ocrx_word' id='word_1_198' title='bbox 852 1987 945 2035; x_wconf 89' lang='lat' dir='ltr'>alte</span> <span class='ocrx_word' id='word_1_199' title='bbox 978 1989 1105 2035; x_wconf 90' lang='lat' dir='ltr'>enim</span> <span class='ocrx_word' id='word_1_200' title='bbox 1147 1996 1418 2053; x_wconf 89' lang='lat' dir='ltr'>pervaserat</span> <span class='ocrx_word' id='word_1_201' title='bbox 1456 1989 1671 2036; x_wconf 89' lang='lat' dir='ltr'>omnium</span> <span class='ocrx_word' id='word_1_202' title='bbox 1700 1990 1879 2036; x_wconf 90' lang='lat' dir='ltr'>animos</span> 
     </span>
     <span class='ocr_line' id='line_1_25' title="bbox 181 2054 1875 2133; baseline -0.004 -16"><span class='ocrx_word' id='word_1_203' title='bbox 181 2070 234 2117; x_wconf 88' lang='lat' dir='ltr'>in</span> <span class='ocrx_word' id='word_1_204' title='bbox 271 2067 545 2133; x_wconf 87' lang='lat' dir='ltr'>antiquitate</span> <span class='ocrx_word' id='word_1_205' title='bbox 574 2064 807 2130; x_wconf 88' lang='lat' dir='ltr'>persuasio</span> <span class='ocrx_word' id='word_1_206' title='bbox 824 2100 836 2124; x_wconf 59' lang='lat'><em>7</em></span> <span class='ocrx_word' id='word_1_207' title='bbox 862 2063 1176 2112; x_wconf 87' lang='lat' dir='ltr'>ineluctabilia</span> <span class='ocrx_word' id='word_1_208' title='bbox 1201 2065 1342 2130; x_wconf 90' lang='lat' dir='ltr'>plane</span> <span class='ocrx_word' id='word_1_209' title='bbox 1370 2083 1470 2113; x_wconf 88' lang='lat' dir='ltr'>esse</span> <span class='ocrx_word' id='word_1_210' title='bbox 1503 2083 1605 2130; x_wconf 81' lang='lat' dir='ltr'>quae</span> <span class='ocrx_word' id='word_1_211' title='bbox 1636 2082 1722 2130; x_wconf 89' lang='lat' dir='ltr'>per</span> <span class='ocrx_word' id='word_1_212' title='bbox 1754 2054 1875 2112; x_wconf 82' lang='lat' dir='ltr'>rom.</span> 
     </span>
     <span class='ocr_line' id='line_1_26' title="bbox 110 2140 1876 2210; baseline -0.002 -18"><span class='ocrx_word' id='word_1_213' title='bbox 110 2142 119 2148; x_wconf 68' lang='grc'><em>’</em></span> <span class='ocrx_word' id='word_1_214' title='bbox 179 2145 427 2192; x_wconf 86' lang='lat' dir='ltr'>Pontifices</span> <span class='ocrx_word' id='word_1_215' title='bbox 454 2144 505 2190; x_wconf 88' lang='lat' dir='ltr'>in</span> <span class='ocrx_word' id='word_1_216' title='bbox 532 2141 641 2189; x_wconf 86' lang='lat' dir='ltr'>fidei</span> <span class='ocrx_word' id='word_1_217' title='bbox 670 2141 866 2189; x_wconf 84' lang='lat' dir='ltr'>decretis</span> <span class='ocrx_word' id='word_1_218' title='bbox 898 2142 1191 2189; x_wconf 88' lang='lat' dir='ltr'>sancirentur</span> <span class='ocrx_word' id='word_1_219' title='bbox 1212 2178 1224 2201; x_wconf 75' lang='grc'><em>,</em></span> <span class='ocrx_word' id='word_1_220' title='bbox 1260 2140 1542 2210; x_wconf 32' lang='grc' dir='ltr'>αῑ-Ιιωτεῐίοἰ</span> <span class='ocrx_word' id='word_1_221' title='bbox 1569 2143 1659 2207; x_wconf 91' lang='lat' dir='ltr'>ipsi</span> <span class='ocrx_word' id='word_1_222' title='bbox 1687 2142 1737 2187; x_wconf 92' lang='lat' dir='ltr'>in</span> <span class='ocrx_word' id='word_1_223' title='bbox 1766 2157 1876 2189; x_wconf 88' lang='lat' dir='ltr'>con—</span> 
     </span>
     <span class='ocr_line' id='line_1_27' title="bbox 183 2217 1877 2269; baseline -0.002 0"><span class='ocrx_word' id='word_1_224' title='bbox 183 2221 381 2269; x_wconf 86' lang='lat' dir='ltr'>cilianda</span> <span class='ocrx_word' id='word_1_225' title='bbox 402 2218 488 2267; x_wconf 92' lang='lat' dir='ltr'>sibi</span> <span class='ocrx_word' id='word_1_226' title='bbox 511 2218 697 2266; x_wconf 84' lang='lat' dir='ltr'>illorum</span> <span class='ocrx_word' id='word_1_227' title='bbox 719 2218 951 2266; x_wconf 89' lang='lat' dir='ltr'>sententia</span> <span class='ocrx_word' id='word_1_228' title='bbox 979 2218 1115 2266; x_wconf 82' lang='lat' dir='ltr'>enixe</span> <span class='ocrx_word' id='word_1_229' title='bbox 1148 2217 1483 2266; x_wconf 85' lang='lat' dir='ltr'>adlaborarint.</span> <span class='ocrx_word' id='word_1_230' title='bbox 1512 2218 1630 2264; x_wconf 87' lang='lat' dir='ltr'>Sane</span> <span class='ocrx_word' id='word_1_231' title='bbox 1649 2218 1773 2264; x_wconf 89' lang='lat' dir='ltr'>inter</span> <span class='ocrx_word' id='word_1_232' title='bbox 1799 2234 1877 2265; x_wconf 89' lang='lat' dir='ltr'>ce·-</span> 
     </span>
    </p>
   </div>
   <div class='ocr_carea' id='block_1_3' title="bbox 183 2402 1881 2596">
    <p class='ocr_par' dir='ltr' id='par_1_4' title="bbox 183 2402 1881 2596">
     <span class='ocr_line' id='line_1_28' title="bbox 239 2402 1878 2460; baseline -0.002 -13"><span class='ocrx_word' id='word_1_233' title='bbox 239 2407 294 2460; x_wconf 85' lang='lat' dir='ltr'>(l)</span> <span class='ocrx_word' id='word_1_234' title='bbox 322 2408 401 2447; x_wconf 83' lang='lat' dir='ltr'>Hoc</span> <span class='ocrx_word' id='word_1_235' title='bbox 424 2415 478 2446; x_wconf 91' lang='lat' dir='ltr'>est</span> <span class='ocrx_word' id='word_1_236' title='bbox 495 2413 758 2459; x_wconf 84' lang='lat' dir='ltr'>argumentum</span> <span class='ocrx_word' id='word_1_237' title='bbox 776 2434 786 2452; x_wconf 92' lang='lat'>‚</span> <span class='ocrx_word' id='word_1_238' title='bbox 806 2405 907 2458; x_wconf 89' lang='lat' dir='ltr'>quod</span> <span class='ocrx_word' id='word_1_239' title='bbox 935 2418 996 2443; x_wconf 89' lang='lat' dir='ltr'>co-</span> <span class='ocrx_word' id='word_1_240' title='bbox 1120 2403 1172 2455; x_wconf 89' lang='lat'>(3)</span> <span class='ocrx_word' id='word_1_241' title='bbox 1204 2404 1282 2442; x_wconf 81' lang='lat' dir='ltr'>cfr.</span> <span class='ocrx_word' id='word_1_242' title='bbox 1296 2404 1389 2443; x_wconf 88' lang='lat' dir='ltr'>ibid.</span> <span class='ocrx_word' id='word_1_243' title='bbox 1405 2417 1487 2456; x_wconf 85' lang='lat' dir='ltr'>cap.</span> <span class='ocrx_word' id='word_1_244' title='bbox 1509 2402 1557 2442; x_wconf 89' lang='lat'>16</span> <span class='ocrx_word' id='word_1_245' title='bbox 1570 2434 1579 2452; x_wconf 78' lang='grc'>,</span> <span class='ocrx_word' id='word_1_246' title='bbox 1597 2413 1632 2443; x_wconf 88' lang='lat' dir='ltr'>et</span> <span class='ocrx_word' id='word_1_247' title='bbox 1646 2404 1760 2444; x_wconf 79' lang='lat' dir='ltr'>eard.</span> <span class='ocrx_word' id='word_1_248' title='bbox 1774 2404 1878 2453; x_wconf 86' lang='lat' dir='ltr'>Orsi,</span> 
     </span>
     <span class='ocr_line' id='line_1_29' title="bbox 183 2470 1881 2528; baseline -0.003 -16"><span class='ocrx_word' id='word_1_249' title='bbox 183 2476 286 2528; x_wconf 87' lang='lat' dir='ltr'>piose</span> <span class='ocrx_word' id='word_1_250' title='bbox 321 2483 356 2513; x_wconf 89' lang='lat' dir='ltr'>et</span> <span class='ocrx_word' id='word_1_251' title='bbox 390 2475 536 2513; x_wconf 83' lang='lat' dir='ltr'>erudite</span> <span class='ocrx_word' id='word_1_252' title='bbox 571 2474 706 2513; x_wconf 87' lang='lat' dir='ltr'>evolvit</span> <span class='ocrx_word' id='word_1_253' title='bbox 741 2472 849 2512; x_wconf 84' lang='lat' dir='ltr'>Card.</span> <span class='ocrx_word' id='word_1_254' title='bbox 885 2471 993 2520; x_wconf 85' lang='lat' dir='ltr'>Orsi,</span> <span class='ocrx_word' id='word_1_255' title='bbox 1064 2484 1126 2522; x_wconf 88' lang='lat' dir='ltr'>op.</span> <span class='ocrx_word' id='word_1_256' title='bbox 1157 2470 1223 2507; x_wconf 82' lang='lat' dir='ltr'>cit.</span> <span class='ocrx_word' id='word_1_257' title='bbox 1260 2477 1350 2521; x_wconf 82' lang='lat' dir='ltr'>tom.</span> <span class='ocrx_word' id='word_1_258' title='bbox 1380 2483 1419 2518; x_wconf 87' lang='lat'>1,</span> <span class='ocrx_word' id='word_1_259' title='bbox 1453 2477 1549 2522; x_wconf 85' lang='lat' dir='ltr'>part.</span> <span class='ocrx_word' id='word_1_260' title='bbox 1584 2482 1612 2507; x_wconf 82' lang='grc' dir='ltr'><strong><em>η</em></strong></span> <span class='ocrx_word' id='word_1_261' title='bbox 1634 2500 1645 2518; x_wconf 88' lang='grc'><em>,</em></span> <span class='ocrx_word' id='word_1_262' title='bbox 1672 2484 1755 2522; x_wconf 86' lang='lat' dir='ltr'>cap.</span> <span class='ocrx_word' id='word_1_263' title='bbox 1791 2483 1813 2507; x_wconf 87' lang='lat'><strong>2</strong></span> <span class='ocrx_word' id='word_1_264' title='bbox 1843 2476 1881 2509; x_wconf 88' lang='lat' dir='ltr'>et</span> 
     </span>
     <span class='ocr_line' id='line_1_30' title="bbox 185 2540 1172 2596; baseline -0.007 -15"><span class='ocrx_word' id='word_1_265' title='bbox 185 2540 333 2581; x_wconf 79' lang='lat' dir='ltr'>duobus</span> <span class='ocrx_word' id='word_1_266' title='bbox 357 2540 499 2580; x_wconf 78' lang='lat' dir='ltr'>volum.</span> <span class='ocrx_word' id='word_1_267' title='bbox 524 2553 590 2580; x_wconf 86' lang='lat' dir='ltr'>seu</span> <span class='ocrx_word' id='word_1_268' title='bbox 615 2549 714 2580; x_wconf 81' lang='lat' dir='ltr'>tom.</span> <span class='ocrx_word' id='word_1_269' title='bbox 737 2554 749 2578; x_wconf 82' lang='grc' dir='ltr'>ι</span> <span class='ocrx_word' id='word_1_270' title='bbox 765 2569 775 2586; x_wconf 94' lang='grc'><strong><em>,</em></strong></span> <span class='ocrx_word' id='word_1_271' title='bbox 798 2540 933 2591; x_wconf 82' lang='lat' dir='ltr'>prima</span> <span class='ocrx_word' id='word_1_272' title='bbox 963 2545 999 2576; x_wconf 83' lang='lat' dir='ltr'>et</span> <span class='ocrx_word' id='word_1_273' title='bbox 1056 2550 1172 2596; x_wconf 49' lang='lat' dir='ltr'>&#39;seqq-</span> 
     </span>
    </p>
   </div>
   <div class='ocr_carea' id='block_1_4' title="bbox 183 2598 1880 3054">
    <p class='ocr_par' dir='ltr' id='par_1_5' title="bbox 183 2598 1880 2660">
     <span class='ocr_line' id='line_1_31' title="bbox 183 2598 1880 2660; baseline -0.006 -14"><span class='ocrx_word' id='word_1_274' title='bbox 183 2607 354 2646; x_wconf 73' lang='lat' dir='ltr'>secunda</span> <span class='ocrx_word' id='word_1_275' title='bbox 370 2613 504 2660; x_wconf 83' lang='lat' dir='ltr'>parte,</span> <span class='ocrx_word' id='word_1_276' title='bbox 528 2621 589 2658; x_wconf 87' lang='lat' dir='ltr'>op.</span> <span class='ocrx_word' id='word_1_277' title='bbox 613 2608 673 2644; x_wconf 88' lang='lat' dir='ltr'>cit.</span> <span class='ocrx_word' id='word_1_278' title='bbox 695 2604 752 2644; x_wconf 80' lang='lat' dir='ltr'>De</span> <span class='ocrx_word' id='word_1_279' title='bbox 773 2604 995 2655; x_wconf 77' lang='lat' dir='ltr'>irresbrma·</span> <span class='ocrx_word' id='word_1_280' title='bbox 1119 2600 1172 2651; x_wconf 80' lang='grc' dir='ltr'>(Ιι)</span> <span class='ocrx_word' id='word_1_281' title='bbox 1204 2599 1282 2639; x_wconf 78' lang='lat' dir='ltr'>cfr.</span> <span class='ocrx_word' id='word_1_282' title='bbox 1310 2598 1488 2639; x_wconf 85' lang='lat' dir='ltr'>Ballerin.</span> <span class='ocrx_word' id='word_1_283' title='bbox 1517 2614 1579 2648; x_wconf 86' lang='lat' dir='ltr'>op.</span> <span class='ocrx_word' id='word_1_284' title='bbox 1609 2602 1673 2640; x_wconf 87' lang='lat' dir='ltr'>cit.</span> <span class='ocrx_word' id='word_1_285' title='bbox 1700 2599 1765 2639; x_wconf 85' lang='lat' dir='ltr'>De</span> <span class='ocrx_word' id='word_1_286' title='bbox 1788 2599 1829 2638; x_wconf 79' lang='lat' dir='ltr'>vi</span> <span class='ocrx_word' id='word_1_287' title='bbox 1843 2603 1880 2637; x_wconf 75' lang='lat' dir='ltr'>et</span> 
     </span>
    </p>

    <p class='ocr_par' dir='ltr' id='par_1_6' title="bbox 184 2663 1551 2722">
     <span class='ocr_line' id='line_1_32' title="bbox 184 2663 1551 2722; baseline -0.005 -11"><span class='ocrx_word' id='word_1_288' title='bbox 184 2672 257 2711; x_wconf 80' lang='lat' dir='ltr'>bili</span> <span class='ocrx_word' id='word_1_289' title='bbox 275 2686 371 2712; x_wconf 80' lang='lat' dir='ltr'>rom.</span> <span class='ocrx_word' id='word_1_290' title='bbox 385 2668 588 2721; x_wconf 75' lang='lat' dir='ltr'>Pontificis</span> <span class='ocrx_word' id='word_1_291' title='bbox 600 2672 646 2708; x_wconf 79' lang='lat' dir='ltr'>in</span> <span class='ocrx_word' id='word_1_292' title='bbox 659 2671 891 2722; x_wconf 69' lang='lat' dir='ltr'>definiendis</span> <span class='ocrx_word' id='word_1_293' title='bbox 901 2669 996 2722; x_wconf 81' lang='lat' dir='ltr'>fidei</span> <span class='ocrx_word' id='word_1_294' title='bbox 1062 2667 1212 2705; x_wconf 74' lang='lat' dir='ltr'>ratione</span> <span class='ocrx_word' id='word_1_295' title='bbox 1227 2669 1352 2718; x_wconf 73' lang='lat' dir='ltr'>prim.</span> <span class='ocrx_word' id='word_1_296' title='bbox 1378 2679 1458 2718; x_wconf 87' lang='lat' dir='ltr'>cap.</span> <span class='ocrx_word' id='word_1_297' title='bbox 1491 2663 1551 2715; x_wconf 74' lang='grc'>[4.</span> 
     </span>
    </p>

    <p class='ocr_par' dir='ltr' id='par_1_7' title="bbox 184 2729 1650 2789">
     <span class='ocr_line' id='line_1_33' title="bbox 184 2729 1650 2789; baseline -0.006 -11"><span class='ocrx_word' id='word_1_298' title='bbox 184 2738 450 2781; x_wconf 66' lang='lat' dir='ltr'>controversiis</span> <span class='ocrx_word' id='word_1_299' title='bbox 462 2736 634 2789; x_wconf 78' lang='lat' dir='ltr'>judicio,</span> <span class='ocrx_word' id='word_1_300' title='bbox 649 2735 693 2774; x_wconf 93' lang='lat' dir='ltr'>Id</span> <span class='ocrx_word' id='word_1_301' title='bbox 709 2737 808 2775; x_wconf 89' lang='lat' dir='ltr'>enim</span> <span class='ocrx_word' id='word_1_302' title='bbox 823 2735 998 2775; x_wconf 87' lang='lat' dir='ltr'>luculen-</span> <span class='ocrx_word' id='word_1_303' title='bbox 1122 2731 1174 2783; x_wconf 79' lang='lat'>(5)</span> <span class='ocrx_word' id='word_1_304' title='bbox 1205 2731 1308 2771; x_wconf 87' lang='lat' dir='ltr'>Ibid.</span> <span class='ocrx_word' id='word_1_305' title='bbox 1333 2744 1414 2783; x_wconf 88' lang='lat' dir='ltr'>cap.</span> <span class='ocrx_word' id='word_1_306' title='bbox 1446 2729 1515 2780; x_wconf 84' lang='lat'>15,</span> <span class='ocrx_word' id='word_1_307' title='bbox 1540 2729 1560 2783; x_wconf 56' lang='grc' dir='ltr'><strong>ἕ</strong></span> <span class='ocrx_word' id='word_1_308' title='bbox 1589 2743 1650 2770; x_wconf 82' lang='lat'>11.</span> 
     </span>
    </p>

    <p class='ocr_par' dir='ltr' id='par_1_8' title="bbox 184 2793 1648 2850">
     <span class='ocr_line' id='line_1_34' title="bbox 184 2793 1648 2850; baseline -0.007 -7"><span class='ocrx_word' id='word_1_309' title='bbox 184 2813 240 2844; x_wconf 88' lang='lat' dir='ltr'>ter</span> <span class='ocrx_word' id='word_1_310' title='bbox 260 2805 421 2843; x_wconf 85' lang='lat' dir='ltr'>ostendit</span> <span class='ocrx_word' id='word_1_311' title='bbox 433 2804 479 2841; x_wconf 87' lang='lat' dir='ltr'>de</span> <span class='ocrx_word' id='word_1_312' title='bbox 498 2802 793 2850; x_wconf 83' lang='lat' dir='ltr'>Macedonianis,</span> <span class='ocrx_word' id='word_1_313' title='bbox 811 2801 998 2841; x_wconf 84' lang='lat' dir='ltr'>Nestoria-</span> <span class='ocrx_word' id='word_1_314' title='bbox 1120 2797 1172 2847; x_wconf 87' lang='grc'>(6)</span> <span class='ocrx_word' id='word_1_315' title='bbox 1204 2797 1302 2836; x_wconf 83' lang='lat' dir='ltr'>lbid.</span> <span class='ocrx_word' id='word_1_316' title='bbox 1328 2810 1410 2848; x_wconf 86' lang='lat' dir='ltr'>cap.</span> <span class='ocrx_word' id='word_1_317' title='bbox 1441 2797 1508 2843; x_wconf 87' lang='lat'>13,</span> <span class='ocrx_word' id='word_1_318' title='bbox 1536 2794 1557 2848; x_wconf 71' lang='lat' dir='ltr'>S</span> <span class='ocrx_word' id='word_1_319' title='bbox 1587 2793 1648 2834; x_wconf 82' lang='lat'>16.</span> 
     </span>
    </p>

    <p class='ocr_par' dir='ltr' id='par_1_9' title="bbox 184 2856 1880 2986">
     <span class='ocr_line' id='line_1_35' title="bbox 184 2856 1880 2923; baseline -0.007 -14"><span class='ocrx_word' id='word_1_320' title='bbox 184 2872 243 2910; x_wconf 82' lang='lat' dir='ltr'>nis</span> <span class='ocrx_word' id='word_1_321' title='bbox 257 2899 269 2918; x_wconf 91' lang='lat'><strong>‚</strong></span> <span class='ocrx_word' id='word_1_322' title='bbox 291 2869 536 2923; x_wconf 84' lang='lat' dir='ltr'>Eutychianis</span> <span class='ocrx_word' id='word_1_323' title='bbox 551 2899 561 2918; x_wconf 81' lang='lat'>‚</span> <span class='ocrx_word' id='word_1_324' title='bbox 589 2875 661 2906; x_wconf 85' lang='lat' dir='ltr'>etc.</span> <span class='ocrx_word' id='word_1_325' title='bbox 1121 2863 1177 2913; x_wconf 91' lang='grc'>(7)</span> <span class='ocrx_word' id='word_1_326' title='bbox 1210 2862 1318 2914; x_wconf 86' lang='lat' dir='ltr'>Apud</span> <span class='ocrx_word' id='word_1_327' title='bbox 1337 2862 1463 2901; x_wconf 87' lang='lat' dir='ltr'>eumd.</span> <span class='ocrx_word' id='word_1_328' title='bbox 1491 2862 1531 2899; x_wconf 85' lang='lat' dir='ltr'>in</span> <span class='ocrx_word' id='word_1_329' title='bbox 1555 2857 1735 2911; x_wconf 75' lang='lat' dir='ltr'>Append.</span> <span class='ocrx_word' id='word_1_330' title='bbox 1756 2856 1802 2896; x_wconf 83' lang='lat' dir='ltr'>de</span> <span class='ocrx_word' id='word_1_331' title='bbox 1818 2859 1880 2897; x_wconf 77' lang='lat' dir='ltr'>in-</span> 
     </span>
     <span class='ocr_line' id='line_1_36' title="bbox 241 2924 1879 2986; baseline -0.007 -12"><span class='ocrx_word' id='word_1_332' title='bbox 241 2934 294 2985; x_wconf 76' lang='lat'>(2)</span> <span class='ocrx_word' id='word_1_333' title='bbox 324 2934 405 2975; x_wconf 82' lang='lat' dir='ltr'>Cfr.</span> <span class='ocrx_word' id='word_1_334' title='bbox 431 2933 664 2982; x_wconf 81' lang='lat' dir='ltr'>Petitdidier‚</span> <span class='ocrx_word' id='word_1_335' title='bbox 700 2947 761 2986; x_wconf 91' lang='lat' dir='ltr'>op.</span> <span class='ocrx_word' id='word_1_336' title='bbox 780 2934 844 2973; x_wconf 89' lang='lat' dir='ltr'>eit.</span> <span class='ocrx_word' id='word_1_337' title='bbox 871 2946 955 2986; x_wconf 86' lang='lat' dir='ltr'>cap.</span> <span class='ocrx_word' id='word_1_338' title='bbox 970 2944 994 2971; x_wconf 85' lang='lat'>2</span> <span class='ocrx_word' id='word_1_339' title='bbox 1056 2928 1184 2981; x_wconf 84' lang='lat' dir='ltr'>fallz&#39;b.</span> <span class='ocrx_word' id='word_1_340' title='bbox 1201 2927 1413 2977; x_wconf 75' lang='lat' dir='ltr'>Pontificia</span> <span class='ocrx_word' id='word_1_341' title='bbox 1425 2928 1470 2965; x_wconf 80' lang='lat' dir='ltr'>in</span> <span class='ocrx_word' id='word_1_342' title='bbox 1483 2924 1780 2977; x_wconf 71' lang='lat' dir='ltr'>definitionibus</span> <span class='ocrx_word' id='word_1_343' title='bbox 1793 2924 1879 2976; x_wconf 74' lang='lat' dir='ltr'>doq-</span> 
     </span>
    </p>

    <p class='ocr_par' dir='ltr' id='par_1_10' title="bbox 187 2991 1644 3054">
     <span class='ocr_line' id='line_1_37' title="bbox 187 2991 1644 3054; baseline -0.006 -15"><span class='ocrx_word' id='word_1_344' title='bbox 187 3007 224 3039; x_wconf 83' lang='lat' dir='ltr'>et</span> <span class='ocrx_word' id='word_1_345' title='bbox 244 3014 349 3054; x_wconf 87' lang='lat' dir='ltr'>seqq.</span> <span class='ocrx_word' id='word_1_346' title='bbox 1062 2995 1217 3033; x_wconf 72' lang='lat' dir='ltr'>matio-is</span> <span class='ocrx_word' id='word_1_347' title='bbox 1232 3025 1243 3044; x_wconf 90' lang='lat'>‚</span> <span class='ocrx_word' id='word_1_348' title='bbox 1268 2992 1358 3047; x_wconf 34' lang='lat'>§.12</span> <span class='ocrx_word' id='word_1_349' title='bbox 1373 3022 1386 3041; x_wconf 89' lang='lat'><strong>,</strong></span> <span class='ocrx_word' id='word_1_350' title='bbox 1412 2994 1453 3031; x_wconf 84' lang='lat' dir='ltr'>in</span> <span class='ocrx_word' id='word_1_351' title='bbox 1476 2991 1644 3032; x_wconf 86' lang='lat' dir='ltr'>conclus.</span> 
     </span>
    </p>
   </div>
  </div>
 </body>
</html>
