2028 3354
225 162 286 213 96

689 184 848 214 TRAGT.
884 184 941 214 DE
974 184 1107 216 LOCIS*
1131 188 1424 220 THEOLOGICIS.

291 298 402 345 163.
443 298 611 345 Verum
639 295 765 360 quod
796 297 937 359 magis
957 300 1135 347 mireris
1163 311 1263 361 est5
1293 320 1454 350 omnes
1477 303 1752 353 acatholicos
1769 341 1781 364 ‚
1814 323 1894 353 seu

221 382 365 421 sectas
418 371 693 419 recentiores
741 370 944 435 idipsum
997 375 1238 436 profiteri3
1281 394 1392 425 nam
1429 387 1476 426 et
1505 380 1593 444 ipsi
1638 379 1895 427 admittunt

226 448 582 496 catholicitatem
617 462 715 493 esse
749 463 869 493 verae
893 447 1099 495 Ecclesiae
1130 453 1461 515 proprietatem
1480 491 1493 514 ,
1522 456 1719 502 recitant
1742 465 1787 503 et
1810 456 1899 520 ipsi

220 523 464 572 articulum
496 521 693 587 symboli
717 523 954 587 apostolici
981 541 992 570 :
1026 524 1170 572 Credo
1203 538 1419 576 sanctam
1443 532 1708 579 Ecclesiam
1735 533 1895 579 catho-

218 604 363 649 licam
381 598 464 664 (1).

215 730 278 772 καὶ
300 735 364 771 var
403 729 529 770 ἐκείνων
552 732 725 781 μοιθ-ητᾶν
752 735 1022 783 παραλαβοῦσαι

217 805 277 853 τὼ
300 811 348 851 εἰς
366 804 422 848 ἕνα
443 804 527 846 Osi„
542 838 553 857 ‚
574 826 611 847 κ.
637 824 674 847 τ.
696 815 738 846 λ.
761 807 799 844 id
814 816 866 846 est
892 821 903 846 :
932 806 1026 845 Ele-

213 877 301 913 m'm
330 873 506 912 Ecclesia
530 903 541 920 ‚
584 875 738 914 tametsi
764 887 839 926 per
869 875 1026 911 vtnz‘uer-

213 953 299 978 sum
333 938 458 976 orbem
493 951 610 989 usque
633 939 681 977 ed
710 946 895 978 extremos
916 946 1026 976 terroe

208 1006 309 1057 fines
325 1003 500 1055 ‘dispersa
514 1032 524 1050 ‚
539 1003 655 1054 fidem
683 1018 768 1043 eam
795 1004 842 1042 ab
865 1003 1025 1056 Aposto-

214 1070 264 1108 lis
300 1082 501 1120 eorumque
547 1068 751 1121 discipulis
790 1077 982 1121 acceptam
1011 1100 1021 1117 ‚

212 1148 298 1187 quoe
325 1142 378 1172 est
399 1136 443 1171 in
472 1147 597 1171 unum
629 1134 759 1173 Deum
780 1164 790 1182 ‚
814 1143 885 1174 etc.
915 1135 1024 1173 Plura

214 1201 283 1240 alia
306 1201 373 1240 cfr.
401 1197 570 1252 ejusdem
596 1197 634 1238 S.
667 1200 836 1252 Martyris
857 1202 897 1239 iu
927 1199 1025 1239 hanc

214 1280 294 1305 rem
328 1263 543 1304 testimonia
581 1265 679 1316 apud
718 1265 943 1305 Massuetum
983 1267 1023 1303 iu

214 1330 320 1371 Diss.
344 1327 508 1368 1111ren.
524 1336 593 1369 art.
613 1343 666 1377 iv,
682 1344 722 1370 n.
740 1328 806 1380 4ο.
825 1330 891 1370 Sic
907 1334 1022 1369 etiam

215 1398 312 1434 inter
323 1395 457 1433 latinos
467 1394 716 1433 Tertullianus
731 1423 742 1442 ‚
764 1394 874 1434 Cont.
890 1396 1018 1436 Marc.

214 1460 283 1500 lib.
306 1474 341 1508 v,
363 1474 446 1511 cap.
476 1472 522 1512 19
541 1489 551 1507 ‚
564 1459 651 1498 edit.
668 1459 786 1510 Rigal.
804 1462 843 1498 in
858 1461 1022 1499 medium

215 1525 324 1564 allato
340 1524 502 1577 Apostoli
520 1526 734 1562 testimonio
747 1526 791 1562 de
806 1524 1020 1577 Evangelio,

216 1590 317 1643 quod
343 1590 522 1642 pervenit
553 1602 671 1640 usque
708 1590 760 1628 acl
787 1604 851 1628 vos
878 1620 888 1638 ‚
925 1592 1024 1629 sicut

214 1663 251 1696 et
276 1658 319 1694 in
352 1662 469 1694 totum
501 1655 692 1693 oriundum
712 1684 723 1701 ‚
754 1656 987 1707 prosequitur
1011 1669 1020 1693 ι

215 1722 320 1762 Nam
341 1722 378 1759 si
399 1720 490 1770 jam
510 1727 602 1758 tunc
626 1719 781 1758 traditio
806 1720 1022 1771 evanqelica

215 1786 357 1838 ubique
379 1786 580 1831 manavit,
605 1786 730 1834 maqis
757 1786 1024 1835 quamomnis

216 1853 414 1895 hoeretica,
440 1850 580 1887 nedum
606 1851 825 1887 Antoniani
849 1850 1022 1887 Marcio-

215 1918 280 1954 nis
300 1946 311 1964 ‚
336 1921 465 1953 nostra
490 1916 564 1952 erit
590 1913 837 1966 apostolica...
863 1915 965 1952 enim
987 1919 1024 1951 et

215 1982 272 2020 sic
294 1980 482 2019 constabit
517 1992 613 2028 esse,
649 1993 733 2030 quoe
759 1981 874 2031 prior
904 1993 1020 2017 mun-

217 2047 309 2086 dum
319 2045 475 2099 replevit
488 2076 498 2093 ‚
516 2044 622 2083 illius
632 2045 776 2083 scilicet
792 2044 868 2084 Dei
887 2044 1023 2084 Evan-

213 2113 337 2167 9elio;
368 2114 491 2164 quiet
515 2111 591 2150 lioec
625 2113 767 2149 cecinit
805 2111 850 2149 de
873 2112 1019 2163 praedi-

215 2178 429 2217 cationibus
441 2176 543 2229 ejus.-
558 2173 612 2213 In
625 2189 771 2214 omnem-
793 2182 931 2213 terram
945 2177 1018 2214 exi·

214 2243 273 2281 vit
295 2255 411 2281 sonus
432 2254 560 2279 corum
574 2271 583 2288 ,
609 2241 703 2278 etin
725 2241 906 2278 terminos
920 2241 1021 2278 orbis

215 2308 330 2346 verba
350 2321 494 2346 eorum.
517 2306 578 2345 Sic
595 2308 707 2345 etiam
732 2306 771 2344 S.
796 2304 1018 2357 Cyprianus,

222 2375 274 2412 sic
297 2373 431 2426 reliqui
448 2387 586 2412 omnes·

271 2438 323 2488 (l)
354 2438 452 2477 Alias
465 2440 609 2485 monui,
631 2438 766 2489 passim
782 2436 1021 2474 protestantes

216 2516 258 2542 ex
279 2502 354 2540 hoc
369 2503 529 2555 symboli
552 2502 703 2541 articulo
728 2503 943 2552 expunxisse
958 2515 1019 2540 vo-

216 2581 297 2607 cem
323 2568 549 2607 catholicam
565 2582 580 2616 ‚·
615 2568 676 2606 alii
709 2575 833 2605 tamen
862 2568 1022 2619 quodam

215 2634 357 2686 pudore
367 2633 496 2672 suffusi
509 2646 590 2672 cam
603 2634 848 2672 retinuerunt.
870 2632 1023 2673 Summa

218 2701 318 2737 euim
350 2698 451 2749 apud
484 2711 546 2736 eos
571 2697 718 2736 libertas
746 2706 798 2736 est
823 2700 897 2736 sive
925 2698 1019 2753 abji-

218 2765 339 2803 ciendi
349 2766 424 2802 sive
434 2763 618 2802 retinendi
626 2765 666 2801 in
678 2763 764 2802 fidei
776 2763 1016 2814 confessione,

218 2829 318 2881 quod
332 2828 480 2867 libuerit
504 2837 539 2867 et
563 2836 672 2880 prout
693 2828 864 2874 libuerit,
896 2829 1022 2884 regula

217 2895 353 2946 quippe
372 2893 682 2933 carent.Ceterum
698 2893 843 2932 Palmer
856 2923 866 2943 ‚
887 2909 945 2947 op.
960 2896 1022 2935 cit·

217 2970 300 3010 pag.
313 2960 342 3008 i,
354 2972 432 3012 cap.
446 2971 485 3011 7.
500 2958 657 2998 ostendit
677 2960 894 2999 testimoniis
907 2960 1025 3001 addu-

1091 734 1157 770 ctis
1175 747 1217 771 ex
1231 733 1400 783 Calvino,
1415 744 1503 775 etex
1518 738 1802 778 confessionibus
1816 739 1893 779 Au-

1090 809 1241 850 gustana
1251 810 1286 839 et
1309 802 1495 841 Helvetica
1512 833 1521 849 ,
1545 807 1762 845 catechismo
1787 822 1894 858 gene·

1089 868 1193 904 vensi
1212 897 1222 912 ,
1245 868 1473 907 confessione
1487 870 1683 909 Bohemica
1696 901 1706 920 ,
1720 874 1896 911 catechesi

1090 932 1403 985 Heidelbergeusi‚
1418 934 1896 977 declaratioueThoruuien-

1090 1000 1134 1045 si,
1150 1012 1192 1036 ex
1204 997 1528 1050 Pres'byterianis‚e
1540 1001 1719 1053 Barclejo,
1733 1015 1774 1040 ex
1790 1002 1894 1041 Owe-

1088 1064 1151 1100 nio
1167 1092 1177 1110 ,
1200 1076 1242 1101 ex
1272 1063 1479 1115 Anglicanis
1493 1094 1503 1111 ‚
1533 1074 1601 1104 etc.
1629 1080 1756 1105 omnes
1779 1075 1891 1106 sectas

1089 1128 1283 1167 admittere
1313 1130 1596 1169 catholicitatem
1629 1132 1741 1170 veluti
1769 1141 1893 1171 notam

1089 1206 1179 1232 verae
1210 1193 1395 1234 Ecclesiae.
1428 1195 1528 1234 Inter
1563 1197 1783 1246 Anglicanos
1822 1198 1894 1235 hoc

1088 1259 1200 1297 refert
1228 1261 1386 1311 episcopi
1410 1259 1593 1298 Pearsouii
1614 1262 1864 1300 testimonium
1884 1276 1895 1301 ε

1089 1322 1218 1377 Μα9ἱ3
1246 1326 1357 1364 obvia
1395 1339 1440 1364 ac
1475 1326 1665 1377 generalis
1706 1327 1790 1365 idea
1822 1327 1893 1367 hu-

1075 1391 1149 1442 jus
1171 1391 1421 1431 catlzolicismi
1438 1394 1612 1430 consistit
1633 1394 1677 1430 in
1701 1393 1893 1446 diffusibi-

1087 1454 1190 1494 litate
1208 1455 1411 1507 Ecclesioe,
1434 1471 1517 1508 quoe
1543 1458 1720 1497 missioni
1750 1461 1892 1497 innixa

1087 1527 1141 1557 est
1156 1519 1298 1558 collatoe
1309 1521 1476 1573 ejusdem
1486 1522 1761 1572 fundatoribus
1771 1526 1845 1563 :ite
1860 1531 1896 1563 et

1087 1585 1233 1632 docete,
1259 1593 1330 1626 etc.
1360 1585 1529 1626 Ecclesia
1559 1587 1708 1627 Christi
1743 1590 1787 1627 in
1803 1591 1894 1642 pri-

1087 1665 1209 1689 moeva
1241 1665 1313 1690 sua
1351 1655 1621 1692 constitutione
1665 1656 1794 1708 effecta
1836 1661 1892 1694 est

1087 1723 1228 1754 natura
1246 1730 1317 1754 sua
1335 1717 1559 1770 diffusiva...
1573 1718 1769 1759 Rationem
1793 1721 1891 1759 hanc

1087 1781 1296 1820 attulerunt
1309 1789 1446 1821 veteres
1464 1784 1616 1832 Patres,
1634 1799 1750 1836 qnare
1764 1785 1805 1823 E
1805 1787 1899 1824 ccle-

1087 1848 1146 1884 sia
1177 1847 1300 1898 fuerit
1343 1862 1538 1887 carnotina
1577 1858 1826 1902 nuncupata,
1863 1858 1900 1890 et

1086 1910 1269 1951 Ecclesioe
1310 1920 1451 1952 natura
1481 1917 1538 1952 ita
1583 1915 1812 1954 describitur
1851 1921 1897 1956 in

1086 1975 1319 2029 Scripturis,
1369 1978 1453 2030 qu
1490 1980 1598 2018 video
1640 1984 1895 2034 (prosequitur

1086 2043 1186 2081 idem
1225 2045 1374 2094 auctor)
1411 2045 1510 2083 hanc
1546 2045 1755 2085 Ecclesiam
1773 2077 1783 2095 ‚
1814 2062 1893 2086 non

1074 2111 1163 2162 jam
1191 2116 1234 2147 nt
1246 2109 1473 2149 Judoeorum
1489 2110 1709 2151 Ecclesiam
1731 2114 1895 2152 circum-

1086 2176 1267 2227 scriptam
1290 2189 1366 2213 uno
1381 2176 1522 2228 populo
1539 2206 1548 2224 ‚
1563 2178 1759 2228 uniusque
1767 2179 1894 2228 qentis

1086 2238 1276 2278 limitibus
1305 2247 1556 2289 coarctatam,
1578 2241 1644 2279 sed
1667 2243 1711 2280 ob
1736 2243 1891 2282 ordina-

1060 2306 1226 2343 ‘tionem
1260 2313 1295 2344 et
1331 2307 1557 2345 mandatum
1600 2308 1747 2346 Christi
1783 2316 1818 2347 et
1846 2310 1890 2349 ob

1085 2371 1294 2423 efficaciam
1319 2374 1504 2424 potentias
1534 2386 1613 2411 suoe
1637 2373 1891 2414 disseminari

1084 2437 1186 2474 inter
1209 2450 1340 2475 omnes
1362 2444 1510 2488 9entes,
1536 2452 1582 2476 ac
1609 2444 1823 2492 propaqar‘i
1847 2442 1891 2479 in

1087 2514 1233 2540 omnem
1248 2501 1369 2541 Iocum
1383 2533 1392 2550 ‚
1417 2504 1570 2541 extendi
1590 2504 1642 2542 ad
1655 2516 1783 2543 omnes
1798 2511 1889 2542 oeta-

1086 2572 1155 2604 tes.
1181 2566 1278 2605 Hinc
1308 2569 1436 2607 merito
1465 2570 1655 2608 concludit
1698 2570 1842 2608 Palmer
1874 2582 1886 2606 ;

1087 2629 1204 2669 Fieri
1226 2646 1273 2670 ne
1285 2640 1408 2685 potest
1422 2664 1432 2682 ‚
1449 2641 1492 2672 ut
1522 2633 1704 2673 habeatur
1724 2632 1891 2671 validior

1083 2697 1257 2752 probatio
1295 2698 1341 2737 de
1372 2699 1567 2737 essentiali
1605 2696 1890 2735 universalitate

1084 2761 1269 2802 Ecclesioe
1296 2764 1368 2802 isto
1393 2765 1566 2802 omnium
1602 2768 1758 2800 oetatum
1777 2792 1787 2810 ‚
1830 2776 1892 2801 ec-

1086 2828 1290 2868 clesiarum
1337 2835 1374 2868 et
1425 2835 1610 2867 sectarum
1662 2842 1848 2867 consensu
1871 2832 1892 2867 ?

1093 2892 1356 2934 Verumtamen
1381 2901 1417 2932 et
1430 2892 1491 2932 hic
1505 2895 1635 2945 pariter
1653 2894 1885 2933 animadver-

1087 2960 1245 3000 tendum
1267 2966 1347 3010 est,
1369 2958 1493 2998 nullas
1512 2959 1757 2999 confessiones
1771 2966 1890 3012 prote-
