2028 3354
440 208 570 240 PART.
605 208 640 236 ι,
680 207 777 236 cap,
814 206 877 236 iv.
920 206 972 234 nn
1006 205 1221 235 ncctnsus
1257 206 1456 237 nonnus.
1700 189 1796 237 ‘243

100 323 407 373 infallibilitas
422 321 554 371 nullo
574 320 715 368 modo
736 320 1038 367 fanatismum
1056 322 1223 368 nutrit.
1247 322 1293 368 Si
1314 322 1395 388 qui
1412 339 1522 371 vero
1540 322 1708 371 exinde
1735 324 1796 370 fa·

101 402 360 449 natismum
382 398 714 464 conciperent,
738 396 826 444 hoc
845 396 1031 443 illorum
1065 397 1178 445 vitio
1200 407 1321 445 esset
1352 399 1633 447 vertendum
1652 435 1667 460 ‚
1697 417 1795 447 non

99 488 256 526 autem
283 475 617 525 infallibilitati.
648 475 701 522 Id
723 474 878 539 ipsum
907 474 1083 539 pariter
1112 473 1362 522 dicendum
1387 475 1446 523 de
1470 475 1793 534 intolerantia,

99 554 287 620 politica
309 569 481 617 nempe
509 561 556 599 et
583 550 734 612 civili,
765 558 907 615 prout
933 565 1036 596 eam
1066 548 1140 595 hic
1171 561 1368 598 sumunt
1391 551 1669 613 adversarii,
1693 569 1796 618 quae

98 639 222 679 certe
244 646 300 676 ex
317 627 653 676 infallibilitate
682 626 891 674 Ecclesiae
918 640 1015 672 non
1040 624 1204 671 oritur.
1235 626 1478 689 Siquidem
1504 628 1798 692 exploratum

97 715 167 753 est
183 742 195 765 7
215 705 354 769 longe
374 704 519 767 magis
538 701 844 749 intolerantes
868 717 967 747 esse
985 698 1285 758 acatholicos,
1308 702 1389 765 qui
1414 701 1799 753 infallibilitatem

96 791 342 846 respuunt,
355 796 499 845 quam
517 777 774 826 Catholicos
787 776 876 838 (l).
900 774 1035 832 Quod
1049 791 1161 822 vero
1176 785 1356 841 spectat
1373 778 1434 824 ad
1451 778 1799 827 intolerantiam

95 858 354 921 religiosam
377 856 475 904 sive
503 853 824 916 theologicam,
849 866 951 916 quae
976 853 1235 898 necessario
1254 870 1311 899 ex
1332 853 1664 902 infallibilitate
1687 873 1801 920 pro-

96 933 200 980 fluit
209 968 223 991 ,
240 932 338 979 haec
351 930 599 980 resolvitur
610 930 661 975 in
676 927 796 974 hanc
816 926 1209 992 propositionem:
1227 928 1357 976 Idem
1366 946 1463 976 non
1475 939 1629 995 potest
1637 947 1802 979 verum

96 1026 195 1057 esse
223 1025 276 1055 ac
297 1007 465 1055 falsum
481 1042 494 1065 ,
513 1013 593 1052 aut
620 1021 631 1051 ε
663 1004 838 1051 Veritas
861 1020 968 1050 cum
989 1020 1145 1050 errore
1173 1004 1313 1051 simul
1344 1007 1596 1054 consistere
1616 1008 1797 1073 nequit.

161 1085 270 1131 366.
306 1083 378 1131 Ad
409 1081 500 1139 5¹2¹,
528 1083 656 1128 Dz'sc.
688 1080 735 1127 Si
762 1079 1066 1127 infallibilitas
1089 1080 1149 1127 ad
1167 1082 1362 1130 modum
1382 1083 1701 1147 inspirationis
1722 1085 1800 1132 Ec-

99 1160 246 1208 clesiae
267 1156 575 1216 tribueretur,
599 1174 731 1204 cono.
749 1173 766 1211 ;
788 1157 827 1204 si
854 1155 914 1203 ad
932 1157 1127 1204 modum
1154 1157 1397 1222 peculiaris
1425 1158 1648 1219 subsidii,
1674 1160 1772 1209 sive
1788 1196 1801 1221 ‚

98 1246 151 1284 ut
178 1236 309 1283 aiunt
325 1270 337 1294 ,
359 1234 638 1282 adsistentiae
654 1269 668 1292 ,
697 1251 799 1297 neq.
829 1234 1081 1299 Nunquam
1098 1251 1237 1300 porro
1261 1234 1486 1282 Catholici
1514 1235 1800 1296 docuerunt,

98 1312 276 1360 donum
312 1309 657 1358 infallibilitatis
687 1327 713 1357 a
747 1311 844 1357 Deo
876 1309 1085 1358 Ecclesiae
1112 1310 1256 1358 tribui
1282 1312 1342 1358 ad
1373 1311 1566 1360 modum
1600 1312 1806 1378 inspira-

98 1389 255 1437 tionis.
291 1390 398 1436 Jam
433 1404 545 1436 vero
581 1386 740 1436 divina
773 1385 1040 1434 adsistentia
1065 1404 1163 1434 non
1185 1388 1419 1458 excludit.¹
1451 1388 1546 1435 imo
1576 1390 1803 1456 supponit

99 1465 305 1512 humana
323 1463 495 1522 media,
513 1480 565 1510 ac
584 1461 783 1526 proinde
800 1461 1006 1509 studium
1026 1463 1074 1509 in
1093 1465 1290 1512 veritate
1312 1465 1655 1529 investiganda„
1677 1476 1806 1514 ante-

101 1557 244 1606 quam
260 1539 491 1602 judicium
518 1539 797 1603 proferatur.
827 1539 947 1586 Hinc
969 1547 1116 1604 patet,
1145 1539 1272 1586 haud
1298 1541 1529 1589 removeri
1552 1541 1712 1588 doctos
1741 1541 1801 1589 ab

103 1615 282 1680 exegesi
311 1614 481 1662 biblica
507 1614 762 1662 excolenda
786 1651 798 1674 ,
825 1632 851 1662 a
880 1615 1144 1679 linguarum
1174 1617 1474 1681 antiquarum
1500 1619 1717 1665 exercitio
1734 1655 1747 1679 a
1776 1636 1802 1665 a

106 1701 526 1740 monumentorum
544 1691 843 1757 inquisitione
862 1685 1205 1757 persequenda„
1226 1695 1484 1758 ceterisque
1507 1693 1803 1742 adminiculis

104 1768 450 1834 comparandis,
477 1785 581 1833 quae
606 1767 666 1815 ad
685 1777 866 1815 rectum
883 1768 1109 1830 judicium
1129 1769 1464 1833 proferendum
1487 1780 1704 1819 consueta
1729 1771 1802 1821 via

103 1846 425 1911 requiruntur.
455 1844 636 1893 Deinde
668 1854 839 1911 praeter
858 1845 1072 1909 dogmata
1104 1845 1191 1893 alia
1224 1846 1361 1911 plura
1390 1857 1521 1907 sunt7
1554 1848 1602 1894 in
1634 1847 1802 1913 quibus

106 1923 195 1971 viri
209 1922 332 1970 docti
345 1922 587 1988 proprium
605 1931 852 1970 exerceant
870 1923 1122 1986 ingenium.
1146 1924 1348 1971 Demum
1374 1923 1803 1989 omnibusssemper

107 1999 281 2063 ingenii
297 1998 424 2046 cultu
442 2015 559 2064 opus
578 2007 649 2046 est
670 1998 732 2046 ad
747 2015 801 2047 ea
821 1999 1180 2064 propugnanda,
1199 2017 1302 2064 quae
1322 2000 1380 2047 ab
1400 2000 1596 2049 Ecclesia
1610 2001 1801 2049 definita

108 2084 240 2137 sunt,
262 2076 330 2123 uti
348 2093 405 2123 ex
427 2076 712 2142 experientia
731 2084 929 2122 constat.
953 2076 1073 2123 Sane
1093 2094 1190 2123 non
1210 2078 1365 2124 minus
1389 2077 1499 2126 viris
1520 2094 1631 2125 vere
1656 2077 1804 2126 doctis

108 2150 365 2201 abundavit
393 2160 441 2201 et
469 2151 680 2199 abundat
712 2151 906 2198 Ecclesia
940 2152 1164 2200 catholica
1191 2170 1330 2218 quam
1359 2162 1495 2201 sectae
1522 2152 1801 2201 acatholicae.

165 2293 217 2342 (l)
244 2293 426 2348 Equidem
462 2297 597 2342 fateor,
631 2293 840 2333 catholicos
876 2294 919 2332 in
984 2294 1051 2333 lud
1076 2295 1309 2334 dissimulare
1332 2296 1444 2343 licet,
1470 2297 1508 2333 in
1531 2294 1722 2334 nonnullis
1745 2309 1803 2335 re—

110 2359 278 2410 pluribus
315 2362 525 2412 regionibus
543 2388 556 2409 ,
590 2358 633 2399 in
656 2360 793 2413 quibus
822 2371 916 2411 prae-
985 2359 1155 2411 gionibus
1206 2360 1328 2398 adhuc
1377 2362 1497 2412 vigere
1536 2360 1802 2412 despotismum

112 2425 236 2464 valent
249 2425 463 2475 acatholici,
492 2441 578 2479 pace
602 2427 694 2475 frui,
725 2434 765 2465 ut
791 2427 830 2465 in
845 2424 922 2466 An·
984 2425 1196 2476 religiosum
1241 2430 1278 2463 et
1307 2426 1571 2476 persecutionis
1616 2434 1770 2477 systema
1789 2455 1799 2474 ,

115 2491 186 2543 glia
214 2499 296 2543 post
324 2490 446 2530 datam
477 2492 675 2533 Catholicis
709 2494 921 2544 emancipa-
989 2490 1037 2528 ita
1057 2499 1099 2529 ut
1113 2492 1306 2542 omnigena
1321 2492 1512 2529 vexatione
1531 2489 1708 2529 Catholici
1726 2499 1802 2530 tor·

116 2559 255 2595 tionem
267 2585 280 2606 ,
296 2564 332 2596 et
351 2558 390 2595 in
403 2559 598 2609 provinciis
615 2558 803 2597 foederatis
816 2557 925 2596 Ame-
992 2565 1186 2610 queantur.
1202 2557 1350 2596 Certum
1376 2565 1448 2606 est,
1469 2571 1543 2595 non
1565 2571 1695 2597 omnes
1711 2557 1803 2596 Pro-

116 2625 201 2663 ricae
232 2625 523 2675 septentrionalis
537 2653 548 2672 ‚
583 2633 692 2677 atque
710 2623 810 2665 alibi.
842 2625 926 2662 Imo
992 2630 1161 2663 testantes
1183 2631 1248 2663 aut
1266 2624 1512 2663 schismaticos
1536 2621 1719 2675 ejusmodi
1736 2636 1803 2662 sae-

118 2697 252 2729 notum
280 2696 356 2736 est,
389 2689 492 2728 haud
519 2703 654 2741 paucos
686 2689 929 2729 Protestantes
997 2689 1119 2727 vitiem
1132 2686 1287 2741 probare
1306 2717 1319 2737 ,
1334 2697 1462 2742 utpote
1487 2702 1571 2742 quae
1592 2689 1802 2728 adversetur

121 2754 255 2806 probos
282 2763 318 2793 et
339 2753 509 2793 honestos
537 2755 716 2806 reperiri,
737 2757 803 2807 qui
824 2753 931 2793 bene·
997 2753 1094 2792 civili
1119 2757 1289 2794 omnium
1322 2755 1521 2794 nationum
1550 2767 1803 2806 europaearum

125 2819 224 2858 volos
240 2832 277 2858 ne
294 2833 376 2872 erga
390 2819 596 2858 Catholicos
609 2819 796 2871 praebeant
810 2847 820 2864 ‚
845 2819 931 2871 qui·
998 2818 1137 2869 cultui,
1156 2823 1221 2874 qui
1246 2834 1349 2859 nunc
1375 2828 1563 2872 tantopere
1586 2822 1706 2872 magni
1731 2821 1799 2869 fit;

127 2896 200 2936 que
217 2885 402 2923 interdum
426 2898 548 2938 neque
567 2884 770 2923 detrectent
798 2884 932 2935 opibus
999 2893 1158 2924 attamen
1169 2886 1350 2939 ejusmodi
1366 2885 1531 2937 exempla
1548 2888 1702 2925 recentia
1718 2892 1803 2923 suut

130 2963 173 2988 ac
196 2947 451 3001 largitionibus
478 2950 525 2990 ad
556 2950 693 3003 templa
721 2948 929 2988 Catholico-
997 2958 1033 2990 et
1053 2951 1273 3004 pervulgata.
1316 2994 1319 2995 ⁷

129 3027 215 3053 rum
230 3014 400 3066 erigenda
417 3028 645 3056 concurrere.
668 3013 737 3058 Ast
753 3028 874 3068 neque
882 3014 930 3053 il-

1456 3038 1458 3040 ’
1496 3067 1571 3113 16.
