2028 3354
431 203 558 234 PART.
603 204 635 232 1.
674 203 769 232 CAP.
805 203 867 232 tv.
909 203 962 232 DE
998 201 1215 233 ECCLESIAE

1249 200 1448 231 nonnus.
1676 183 1772 232 233

157 320 271 368 356.
309 320 427 366 Sane
452 317 624 365 divinae
649 316 976 382 promissiones
993 352 1006 376 ,
1043 315 1212 381 quibus
1240 313 1461 382 praeclara
1488 304 1587 362 haec
1616 313 1775 365 Eccle-

92 396 169 443 siae
192 395 273 442 dos
305 394 547 454 innititur,
580 391 804 440 absolutae
836 402 975 452 sunt3
1012 392 1221 440 Christus
1255 392 1383 439 enim
1411 399 1570 456 aperte
1596 390 1769 438 edicit:

89 473 160 520 Et
176 480 329 536 portoe
358 473 511 534 inferi
540 486 633 517 non
661 471 998 533 praevalebunt
1022 470 1249 515 adversus
1272 484 1377 514 eam
1398 467 1486 530 (l).
1517 467 1580 515 Ac
1600 466 1777 515 disces-

89 565 222 596 surus
249 565 304 595 ex
333 547 420 594 hoc
447 545 624 593 mundo
644 543 703 592 ad
722 547 907 592 Patrem
926 578 940 600 ‚
968 544 1031 590 ait
1056 542 1291 606 discipulis
1311 544 1403 588 suis
1429 559 1441 588 ε
1472 544 1573 605 qu
1600 545 1776 607 royaho

88 625 312 683 Patrem,
340 631 385 669 et
403 624 563 669 alium
585 622 892 668 Paraolitum
915 620 1054 664 dabit
1078 618 1229 671 vohis,
1254 625 1312 663 ut
1326 627 1521 664 maneat
1538 620 1778 667 vobiscum

86 702 142 745 in
172 707 430 755 oeternum,
454 700 695 760 Spiritum
720 695 932 743 veritatis
955 693 1043 754 (2).
1078 692 1168 750 Qui
1193 691 1412 757 deinceps
1442 694 1662 757 exponit,
1695 712 1778 743 cu—

82 776 289 838 jusmodi
308 775 584 822 sitofficium
604 772 749 820 divini
768 771 957 832 hujusce
985 769 1182 835 Spiritus
1210 769 1260 815 in
1285 778 1515 817 aeternum
1533 769 1779 820 nobi-scum

87 852 296 899 mansuri
309 887 321 911 7
363 851 520 898 dicens
555 868 564 895 :

608 849 729 895 Cum
759 848 939 893 venerit
966 847 1044 892 ille
1075 847 1291 909 Spiritus
1319 849 1561 901 veritatis,
1599 848 1783 895 docebit

89 945 166 975 vos
198 944 382 975 omnem
417 929 658 973 veritate-m
680 922 771 986 (3).
802 922 1010 969 Christus
1039 930 1261 987 praeterea
1295 921 1543 969 exhibetur
1567 921 1780 972 absolute

91 1012 143 1050 ut
171 1003 378 1051 Ecclesiae
403 1008 541 1067 caput
565 1016 617 1047 ac
639 1015 834 1063 sponsus
853 1035 865 1058 7
887 998 966 1063 qui
995 1015 1042 1045 se
1062 997 1129 1045 illi
1156 998 1443 1063 copulaverit
1469 999 1779 1047 indissolubili

91 1215 195 1253 dium
231 1221 470 1265 cognoscatur
498 1243 509 1261 ‚
549 1226 592 1251 ac
636 1220 823 1265 propterea
862 1212 901 1250 id

90 1280 263 1318 accidisse
276 1279 451 1331 paulatim
469 1292 512 1317 ac
531 1279 668 1317 sensim
687 1280 765 1316 sine
777 1291 901 1316 sensu.

88 1344 250 1397 Adjicit,
274 1346 344 1383 hoc
369 1357 445 1384 esse
472 1344 621 1396 factam
648 1343 899 1392 historicum,-

90 1412 173 1448 satis
193 1424 282 1461 esse,
299 1418 341 1448 ut
362 1423 489 1448 omnes
504 1410 682 1459 (haeretici
700 1416 903 1460 protestan-

90 1476 164 1525 tes)
190 1478 412 1515 conveniant
430 1477 470 1513 in
495 1475 731 1513 admittendis
746 1482 902 1526 quatuor

90 1540 274 1592 prioribus
306 1541 464 1587 seculis‚
501 1541 555 1577 uti
585 1540 714 1578 seculis
756 1541 903 1578 unionis

90 1613 126 1644 et
144 1607 241 1657 pacis
265 1619 276 1654 ;
302 1606 401 1658 quod
426 1605 593 1657 pluribus
611 1605 828 1644 confirmare
844 1606 903 1642 ni-

90 1674 196 1720 titur,
211 1684 295 1723 pag.
312 1669 508 1721 244-246.
528 1670 638 1709 Juxta
660 1673 797 1722 ipsum.
822 1685 902 1722 pag.

91 1735 167 1788 247
192 1766 204 1784 .‚
233 1736 363 1775 divisio
394 1738 507 1787 coepit
549 1742 617 1774 aut
650 1738 691 1774 in
729 1735 897 1774 Concilio

90 1800 296 1840 Sardicensi
326 1816 389 1840 an.
433 1800 509 1854 347
530 1830 540 1848 ,
575 1808 644 1839 aut
676 1816 753 1840 non
787 1803 902 1841 serius

91 1866 207 1905 Cone.
233 1867 383 1905 Nicaeno
409 1878 456 1915 11,
475 1881 535 1905 an.
562 1865 641 1918 782
659 1868 720 1916 (in
733 1867 790 1905 his
805 1866 902 1905 duo-

90 1932 164 1970 hus
185 1938 255 1970 aut
268 1932 308 1970 fit
321 1932 432 1971 saltus
453 1947 472 1970 a
486 1933 606 1971 seculo
622 1946 657 1971 iv
672 1932 717 1970 ad
730 1946 802 1971 sec.
817 1946 900 1972 vm.

90 1997 227 2036 Parva
249 1998 357 2048 res!)
382 1997 477 2037 Nam
502 2000 542 2035 in
565 1998 637 2036 hoc
661 1999 904 2037 inveniuntur

26 2100 32 2108 ,
91 2063 215 2115 plures
239 2077 376 2102 errores
392 2093 402 2110 ‚
431 2065 529 2103 inter
560 2077 652 2116 quos
673 2065 811 2102 eminet
835 2063 901 2102 de-

92 2135 234 2167 cretum
255 2129 300 2167 de
322 2129 425 2167 cultu
451 2131 673 2180 imaginum,
692 2143 804 2181 quem
825 2130 903 2180 ipse

93 2201 230 2244 spectat
241 2202 281 2232 ut
297 2196 593 2247 corruptionem.
612 2194 697 2233 Jam
711 2207 798 2233 vero
811 2195 902 2246 quid

95 2257 175 2295 haec
211 2259 280 2297 sibi
306 2259 469 2298 volunt?
496 2259 694 2299 Contendit
719 2273 767 2297 ne
797 2259 902 2298 New-

96 2335 183 2360 man
198 2351 208 2370 ‚
228 2322 417 2364 Christum
441 2339 520 2364 non
547 2327 685 2364 stetisse
715 2325 902 2377 promissis

96 2389 171 2426 suis
200 2396 279 2439 post
295 2389 457 2440 elapsum
481 2405 555 2430 sec.
580 2394 617 2429 iv
646 2397 714 2429 aut
739 2391 902 2429 seculum

96 2465 191 2503 vm,
218 2469 261 2494 ac
285 2455 384 2495 aliud
422 2459 500 2509 ipso
536 2466 666 2510 agente
701 2465 736 2496 et
765 2459 904 2510 incogi-

96 2528 199 2560 tante
217 2551 228 2569 ‚
252 2526 318 2560 aut
328 2516 551 2572 dormiente,
567 2526 764 2562 inimicum
780 2524 903 2563 homi-

97 2601 184 2625 nem
193 2590 498 2639 superseminasse
510 2591 647 2627 zizania
661 2591 700 2627 in
710 2591 787 2643 ejus
799 2592 904 2641 agro?

98 2652 187 2705 Quis
210 2653 283 2692 dici
309 2654 403 2692 ferat
421 2684 432 2702 ‚
467 2653 657 2694 Christum
688 2655 857 2694 debuisse
883 2670 903 2694 a

91 2717 327 2758 distractione
361 2728 426 2758 aut
468 2733 597 2759 somno
632 2734 698 2759 suo
731 2722 852 2760 excuti
884 2734 904 2759 a

93 2782 254 2823 Luthero
276 2814 288 2833 ‚
334 2783 488 2824 Calvino
505 2813 516 2834 ‚
556 2785 735 2836 Zwinglio
752 2816 763 2833 ‚
797 2783 902 2825 Hen-

95 2848 172 2886 rico
199 2860 293 2898 vlu,
330 2850 487 2904 aliisque
513 2849 696 2902 ejusmodi
730 2850 904 2890 libidino-

94 2913 143 2949 sis
167 2917 367 2965 monstris,
400 2924 442 2955 ut
476 2918 698 2969 prospiceret
731 2916 902 2956 Ecclesiae

93 2990 170 3015 suae
188 2979 207 3016 ?
226 2978 368 3019 Deinde
391 2995 466 3034 quo
491 2979 573 3035 jure
596 2984 654 3021 sui
694 2987 900 3034 protestan-

966 1220 1020 1250 tes
1043 1214 1229 1264 assignant
1244 1225 1281 1252 iv
1307 1210 1515 1252 seculum?
1528 1211 1779 1265 Praeterquam

966 1277 1067 1330 quod
1087 1291 1154 1316 nos
1171 1306 1183 1328 ‚
1207 1278 1376 1316 adductis
1394 1292 1460 1316 suo
1484 1278 1567 1317 loco
1582 1279 1780 1317 documen-

966 1345 1036 1391 tis,
1068 1345 1299 1382 contrarium
1335 1345 1513 1382 evicimus
1542 1343 1647 1395 (vid.
1669 1347 1779 1381 tract.

965 1405 1023 1447 De
1040 1421 1127 1446 vera
1143 1408 1254 1459 reliq.
1270 1417 1364 1460 part.
1385 1420 1416 1447 11
1431 1439 1443 1457 ‚
1458 1422 1566 1461 prop.
1580 1423 1619 1455 v,
1634 1423 1676 1457 n,
1692 1408 1779 1461 97),

966 1474 1045 1512 haec
1066 1475 1249 1512 sentiendi
1265 1477 1358 1512 ratio
1390 1483 1508 1513 totum
1532 1477 1662 1513 evertit
1682 1473 1781 1512 chri-

968 1541 1094 1577 stianae
1115 1540 1303 1591 religionis
1320 1548 1484 1594 systema
1501 1569 1512 1588 ,
1533 1549 1644 1593 atque
1669 1553 1709 1579 ea
1723 1554 1781 1580 se·-
1810 1531 1812 1533 ,

969 1605 1043 1643 mel
1076 1607 1190 1656 posita
1205 1632 1217 1654 ‚
1245 1605 1348 1644 nulla
1381 1605 1540 1657 amplius
1576 1613 1783 1657 suppeteret

970 1671 1027 1708 via
1052 1670 1248 1709 revocandi
1271 1670 1319 1708 ad
1345 1670 1484 1710 bonam
1500 1671 1641 1722 frugem
1660 1670 1781 1710 incre-

968 1735 1074 1773 dulos
1088 1765 1098 1783 ‚
1129 1734 1346 1774 Soeinianos
1366 1743 1402 1774 et
1427 1737 1685 1775 rationalistas.
1707 1736 1778 1774 Fa-

967 1808 1069 1839 ctum
1084 1814 1206 1852 porro,
1224 1800 1327 1853 quod
1345 1799 1523 1840 Newman
1544 1810 1648 1840 vocat
1668 1800 1779 1840 histo-

966 1866 1121 1914 ricum,
1156 1867 1265 1905 unice
1293 1864 1467 1905 innititur
1499 1866 1542 1905 in
1571 1868 1777 1918 anticipatis

966 1935 1246 1985 protestantium
1258 1933 1408 1985 judiciis
1423 1962 1433 1982 ,
1448 1940 1490 1971 ut
1501 1933 1618 1985 liquet
1630 1946 1674 1971 ex
1689 1935 1780 1972 ima-

967 1999 1096 2050 ginum
1117 1998 1221 2038 cultu
1234 2000 1375 2037 sancito
1397 2013 1416 2036 a
1432 1998 1550 2037 Cone.
1574 1998 1722 2037 Nicaeno
1734 2012 1776 2046 11,

967 2077 1079 2115 quem
1114 2066 1195 2115 ipse
1230 2072 1336 2102 vocat
1374 2065 1655 2116 corruptionem
1669 2089 1684 2113 ,
1713 2064 1777 2103 sed

967 2127 1028 2166 alii
1041 2136 1279 2180 protestantes
1292 2137 1326 2167 et
1339 2127 1531 2180 Anglicani
1548 2128 1704 2179 probant
1720 2157 1730 2176 ‚
1744 2136 1780 2168 et

966 2207 1034 2231 nos
1050 2192 1096 2231 ab
1116 2195 1220 2232 omni
1231 2194 1316 2233 labe
1327 2194 1595 2233 vindicavimus
1607 2195 1648 2231 in
1665 2207 1779 2245 appo-

967 2260 1038 2296 sito
1060 2262 1218 2298 tractatu
1234 2258 1297 2297 De
1317 2257 1422 2297 cultu
1439 2256 1685 2297 Sanctorum.
1705 2258 1776 2297 Ea-

968 2327 1050 2366 dem
1067 2331 1205 2367 ratione
1230 2328 1433 2379 eodemque
1452 2326 1529 2378 jure
1544 2357 1554 2375 ‚
1570 2342 1643 2380 quo
1658 2336 1778 2380 prote-

968 2401 1099 2432 stantes
1111 2402 1147 2433 et
1159 2393 1350 2445 Anglicani
1359 2401 1488 2431 vocant
1503 2395 1776 2444 corruptionem

968 2458 1110 2497 cultum
1138 2457 1360 2499 Sanctorum
1375 2486 1385 2505 ,
1409 2458 1600 2497 Sociniani
1626 2473 1777 2512 corrup-

968 2525 1108 2563 tionem
1131 2531 1167 2563 et
1196 2525 1444 2564 idololatriam
1465 2524 1606 2562 cultum
1630 2523 1776 2563 Christo

967 2589 1045 2628 Deo
1077 2591 1285 2629 exhibitum
1318 2590 1527 2643 appellant.
1559 2590 1701 2629 Verum
1731 2590 1777 2629 de

967 2655 1039 2693 hoc
1066 2665 1278 2707 argumento
1309 2656 1417 2708 paulo
1445 2664 1528 2708 post
1554 2657 1689 2695 iterum
1720 2669 1778 2694 re-

968 2726 1088 2758 curret
1109 2734 1226 2759 sermo
1250 2722 1291 2759 in
1319 2721 1501 2761 solutione
1531 2720 1643 2775 hujus
1670 2719 1773 2759 diffi-

970 2786 1128 2825 cultatis.

1025 2851 1084 2902 (1)
1111 2850 1245 2889 Matth.
1267 2864 1343 2890 xvi.

1025 2916 1077 2967 (2)
1106 2916 1214 2956 Joan.
1237 2923 1316 2964 xiv,
1346 2915 1408 2955 16.

1022 2982 1075 3033 (3)
1106 2980 1206 3021 tbid;
1231 2995 1295 3021 xvt
1316 3009 1327 3030 ‚
1354 2979 1415 3020 15.
