2028 3354
1734 215 1828 262 395

366 233 492 265 PART.
534 237 563 264 1.
604 234 719 264 SEGT.
757 236 808 264 11.
848 236 943 265 GAP.
977 237 1026 266 11.
1066 236 1120 266 DE
1155 235 1334 266 PRmAT.
1367 233 1543 265 PERPET.

139 349 261 396 Petri
290 349 339 395 in
367 350 500 395 Rom.
537 346 861 407 Pontificibus,
892 353 988 412 ejus
1018 347 1378 408 successoribus,
1421 353 1826 411 perseverantem,

139 425 255 472 adeo
304 434 355 471 ut
406 433 818 471 monumentorum
872 426 1228 489 omnigenorum
1281 424 1410 489 copia
1465 421 1608 470 veluti
1659 419 1829 467 obrua-

137 519 244 547 mur
276 501 361 562 (l).

205 577 317 624 577.
356 578 456 623 Huc
479 576 651 641 pariter
669 576 935 623 referuntur
954 576 1290 642 appellationes
1310 611 1322 634 7
1355 574 1693 631 accusationes,
1717 589 1832 636 pur-

140 654 371 717 gationes,
419 673 531 719 quas
571 653 630 699 ad
668 655 799 700 Rom.
823 654 1095 701 Pontificem
1139 652 1349 716 Episcopi
1369 688 1380 708 ἦ
1418 651 1556 696 etiam
1593 648 1801 715 primarii
1817 684 1830 708 7

143 730 350 795 undique
372 731 654 789 habuerunt,
677 747 778 777 cum
798 731 1192 794 opprimerentur7
1216 736 1295 773 aut
1314 727 1361 771 in
1379 726 1623 772 discrimen
1645 725 1833 790 aliquod

139 807 519 869 vocareiitur(2):,
538 823 639 872 quae
651 804 809 871 procul
830 804 971 850 dubio
990 804 1272 869 patefaciunt
1288 841 1299 862 7
1314 803 1437 867 ipsos
1454 818 1610 847 veram
1631 802 1833 848 auctori-

141 892 284 929 tatem¹
315 883 560 948 superioris
588 882 759 928 ordinis
778 918 790 940 ,
817 882 913 928 sive
929 879 1265 944 jurisdictionis
1287 881 1335 926 in
1353 880 1484 925 Rom.
1507 876 1833 936 Pontificibus,

142 959 268 1007 Petri
294 959 654 1016 successoribus,
679 957 911 1022 professos
939 974 1050 1005 esse.

209 1035 318 1083 578.
356 1034 575 1082 Eamdem
594 1036 769 1081 realem
793 1036 964 1081 summi
985 1035 1284 1081 pontificatus
1297 1035 1608 1097 praesentiam
1630 1032 1679 1078 in
1701 1031 1833 1077 Rom.

144 1110 416 1159 Praesulibus
453 1109 851 1175 deprehendimus
885 1111 934 1157 in
971 1111 1069 1176 ipsa
1102 1110 1269 1174 agendi
1303 1111 1483 1157 ratione
1511 1108 1833 1155 haereticorum

143 1198 190 1235 et
211 1187 628 1246 schismaticorum,
652 1187 732 1252 qui
747 1223 759 1246 ,
779 1195 833 1233 ut
849 1188 1060 1252 proprios
1082 1187 1440 1234 cohonestarent
1463 1202 1639 1233 errores
1664 1202 1715 1232 ac
1733 1202 1837 1250 per-

144 1262 451 1322 duellionem7
486 1263 677 1310 minime
710 1263 984 1310 dubitarunt
1016 1266 1210 1311 Romam
1236 1263 1480 1326 confugere
1502 1262 1605 1326 (3),
1638 1264 1835 1309 Romam

196 1416 247 1464 (l)
278 1416 354 1454 Cfr.
369 1416 538 1466 Theoph.
562 1415 789 1467 Raynaudus
807 1444 817 1465 ,
834 1418 872 1454 in
886 1431 946 1469 op.

148 1483 299 1521 Corona
327 1494 444 1518 aurea
476 1494 591 1532 super
629 1480 812 1519 mithram
851 1496 947 1521 rom.

144 1547 366 1597 Pontifici-5.
397 1560 483 1598 opp.
523 1548 612 1585 edit.
640 1542 764 1599 Lugdss
792 1556 883 1586 tom.
909 1563 949 1586 x.

147 1612 220 1650 Ubi
239 1612 300 1650 hic
334 1621 460 1650 auctor
482 1611 689 1651 iucr’edibili
715 1615 889 1664 patientia
918 1622 953 1652 et

143 1677 268 1715 labore
288 1692 331 1715 ex
353 1676 501 1715 Patrum
533 1690 730 1729 graecorum
762 1687 797 1717 ct
818 1679 950 1717 latino—

145 1756 226 1781 rum
245 1744 475 1795 aliorumque
492 1747 709 1795 scriptorum
737 1746 955 1784 eeclesiasti-

145 1822 271 1846 corum
288 1810 431 1859 scriptis
451 1809 592 1861 collegit
606 1811 744 1854 timim,
761 1810 895 1863 quibus
908 1811 952 1849 B.

146 1874 275 1911 Petrus
299 1879 335 1912 et
354 1888 450 1913 rom.
484 1874 654 1913 Pontifex
684 1876 810 1914 donati
841 1885 950 1923 sunt,

149 1953 192 1977 ac
212 1947 402 1977 enumerat
427 1940 722 1992 quadrinqeutos
742 1943 953 1992 nonaqinta

148 2005 330 2055 quinque.
366 2005 547 2058 Equidem
577 2007 710 2055 fateor,
739 2022 803 2059 pro
838 2010 954 2046 aetatis

149 2068 247 2107 illius
284 2071 406 2108 critica
444 2071 641 2109 nonnullos
672 2087 712 2110 ex
757 2074 813 2111 his
841 2074 956 2111 titulis

149 2135 252 2173 hunc
284 2144 467 2174 auctorem
491 2136 653 2175 hausisse
686 2138 732 2175 ab
760 2139 953 2190 operibus,

153 2212 234 2251 quae
253 2215 354 2239 nunc
365 2204 418 2239 uti
436 2204 557 2253 spuria
571 2202 770 2242 habentur.
786 2205 956 2243 Attamen

155 2265 319 2319 plerique
346 2282 387 2307 ex
415 2271 585 2321 genuinis
616 2270 782 2308 sontibus
810 2270 954 2309 collecti

160 2341 254 2370 sunt.
270 2333 321 2373 Ex
339 2334 396 2372 his
407 2348 512 2386 porro
530 2335 637 2373 facile
652 2335 954 2386 deprehenditur,

156 2398 307 2450 quinam
332 2399 439 2438 fuerit
451 2403 562 2438 totius
583 2401 811 2454 antiquitatis
830 2415 957 2440 sensus

156 2465 251 2501 circa
286 2464 446 2503 divinam
480 2468 683 2518 originem,
710 2469 958 2517 praerogativas

157 2543 197 2567 ae
221 2543 428 2580 supremam
465 2529 683 2582 dignitatem
714 2534 888 2582 primatus
910 2534 957 2570 il-

157 2597 228 2633 lius
241 2625 251 2643 ‚
266 2609 339 2648 quo
353 2610 447 2635 rom.
465 2596 647 2643 Pontifex,
664 2605 788 2649 utpote
800 2597 840 2638 S.
863 2599 960 2638 Petri

159 2675 363 2710 successor,
399 2665 559 2713 potitur,
591 2653 728 2714 quique
757 2664 829 2702 illis
848 2664 961 2703 titulis

159 2741 201 2766 ae
223 2730 446 2766 onomastico
473 2728 710 2779 significatur.
745 2728 824 2768 Cfr.
850 2732 959 2768 etiam

160 2793 388 2832 Mamacbius
405 2822 417 2842 ,
438 2792 549 2845 Oriq.
565 2800 601 2830 et
614 2795 797 2844 antiquit.
825 2794 958 2834 christ.

162 2868 251 2899 tom.
269 2874 315 2907 v,
344 2875 380 2911 p.
415 2874 424 2897 ι
449 2890 457 2906 ,
483 2858 566 2898 libri
593 2874 629 2899 iv
647 2892 657 2909 7
690 2875 727 2911 p.
750 2873 798 2907 2,
826 2862 959 2914 cap.3.

157 2922 227 2963 His
243 2927 402 2964 addendi
427 2936 512 2964 sunt
530 2927 640 2966 Card.
659 2927 784 2966 Orsius
802 2959 812 2975 ‚
833 2931 874 2966 in
895 2944 955 2982 op.

154 2990 220 3028 De
240 2990 512 3045 irreformabili
536 3007 633 3033 rom.
664 2994 871 3047 pontificis
888 2997 961 3045 ju-

150 3055 250 3094 dicio
265 3086 276 3105 ,
300 3057 385 3096 trib.
401 3058 591 3098 volum.in
613 3057 671 3109 4⁰,
694 3059 817 3099 Romae
844 3060 958 3114 17393

1018 1417 1127 1457 Card.
1157 1417 1342 1456 Gerdilius
1359 1447 1370 1464 ‚
1406 1415 1572 1456 Analisi
1583 1423 1711 1455 contro
1727 1417 1836 1454 Lau-

1018 1484 1106 1534 nojo
1128 1513 1137 1530 ‚
1167 1497 1253 1533 opp.
1281 1483 1338 1521 ed.
1369 1485 1432 1522 cit.
1453 1493 1545 1523 tom.
1569 1495 1666 1532 x1n;
1692 1483 1839 1521 Muzza-

1018 1550 1114 1597 rani,
1130 1549 1208 1587 Det
1221 1549 1331 1588 buon
1343 1563 1410 1587 uso
1424 1549 1522 1587 della
1537 1549 1659 1600 loyica
1675 1579 1685 1596 ‚
1706 1563 1836 1602 opusc.

1020 1630 1063 1654 m
1079 1646 1089 1664 ‚
1107 1618 1195 1655 edit.
1209 1616 1306 1656 Flor.
1329 1614 1422 1655 1831
1447 1648 1457 1665 ‚
1478 1626 1569 1656 tom.
1595 1631 1635 1665 ¹3
1655 1616 1807 1668 Bolgeni
1824 1646 1835 1665 ,

1021 1696 1081 1734 op.
1109 1684 1184 1731 cit.;
1223 1683 1393 1721 Zaccaria
1414 1715 1423 1730 ‚
1453 1685 1502 1721 in'
1530 1682 1835 1734 Antifebronio,

1021 1756 1055 1786 et
1069 1750 1107 1785 in
1120 1748 1397 1799 Antisebronio
1409 1748 1606 1787 vindicato
1620 1778 1630 1796 ‚
1645 1751 1709 1802 qui
1720 1748 1835 1788 uber-

1023 1816 1114 1852 rima
1139 1814 1364 1853 exhibentin
1378 1816 1474 1853 hanc
1491 1829 1568 1853 rem
1587 1815 1739 1853 Patrum
1760 1823 1835 1854 tes—

1022 1884 1189 1919 timonia.
1227 1881 1279 1919 Ex
1311 1883 1577 1920 recentioribus
1616 1884 1715 1920 idem
1745 1896 1837 1935 prae-

1022 1948 1193 1984 stiterunt
1204 1946 1337 1986 Frane.
1351 1947 1529 1986 Patricius
1544 1947 1716 1997 Kenrick‚
1731 1949 1835 1988 coad.

1022 2012 1193 2065 Episcopi
1226 2012 1457 2066 Philadelph.
1480 2017 1518 2052 in
1557 2016 1755 2066 provinciis
1771 2016 1837 2054 foe-

1023 2079 1159 2117 deratis
1175 2077 1347 2118 Americae
1365 2110 1375 2128 ,
1390 2083 1427 2118 in
1458 2094 1518 2131 op.
1545 2080 1628 2118 The
1650 2080 1839 2133 Primacy

1023 2145 1072 2196 of
1083 2144 1141 2182 the
1160 2144 1342 2197 apostolic
1362 2159 1442 2184 seeo
1461 2146 1543 2184 and
1557 2145 1617 2183 the
1643 2145 1838 2197 authority

1025 2210 1072 2261 of
1093 2212 1249 2261 general
1272 2211 1414 2249 concils
1440 2212 1685 2260 vindicated‚
1711 2211 1836 2250 Phila-

1025 2276 1179 2326 delphiae
1203 2275 1303 2315 1838
1321 2290 1332 2324 ;
1354 2279 1559 2328 praesertim
1571 2292 1656 2316 vero
1680 2276 1748 2317 Dr.
1761 2278 1836 2316 Ro-

1025 2341 1189 2389 thensee‚
1207 2344 1245 2379 in
1263 2356 1327 2394 op.
1344 2342 1428 2380 Der
1438 2345 1586 2394 primat
1601 2343 1666 2381 des
1677 2339 1838 2396 Pap-stes

1024 2408 1069 2444 in
1078 2407 1427 2446 altenchristlichen
1434 2407 1835 2458 Jahrhundertemetc.

1027 2487 1089 2511 seu
1108 2470 1305 2511 Primatus
1325 2474 1443 2526 Papoe
1457 2475 1502 2511 in
1514 2475 1686 2526 antiquis
1696 2474 1836 2513 seculis

1026 2537 1250 2577 christianis
1268 2570 1277 2587 ,
1306 2539 1476 2590 Mogont.
1517 2537 1630 2579 1836.
1661 2539 1837 2592 Quamvis

1026 2604 1098 2643 hoc
1113 2619 1203 2656 opus
1216 2635 1226 2652 ‚
1251 2613 1397 2643 auctore
1410 2611 1527 2644 morte
1543 2614 1728 2657 praevento
1743 2635 1753 2650 ,
1769 2605 1836 2645 ab·

1028 2671 1188 2709 solutum
1212 2685 1287 2708 non
1315 2670 1440 2710 fuerit.

1082 2735 1137 2786 (2)
1169 2735 1246 2778 Cfr.
1278 2737 1464 2776 Ballerinii
1480 2766 1490 2785 ‚
1542 2729 1835 2774 ObservatiOnes

1028 2802 1073 2838 in
1095 2800 1245 2841 dissert.
1270 2817 1292 2840 v
1314 2801 1511 2855 Quesnelli
1522 2831 1533 2850 ,
1555 2810 1645 2841 tom.
1669 2815 1696 2839 n
1712 2830 1724 2849 ‚
1749 2815 1834 2853 opp.

1028 2865 1067 2904 S.
1096 2866 1227 2905 Leonis
1243 2897 1254 2912 ‚
1277 2881 1359 2919 pag.
1379 2879 1459 2920 902
1479 2875 1514 2905 et
1540 2881 1644 2920 seqq.

1085 2931 1134 2981 (3)
1163 2932 1277 2985 Cujus
1319 2933 1455 2986 agendi
1492 2935 1641 2972 rationis
1673 2930 1836 2983 exempla

1028 2999 1217 3036 notissima
1237 3007 1323 3037 suut
1338 2998 1494 3038 Nestorii
1510 3030 1521 3048 ‚
1544 2997 1720 3051 Eutychis
1736 3027 1746 3045 ‚
1764 2997 1833 3036 Pe-

1028 3062 1113 3114 tagii
1132 3094 1142 3110 ⁷
1166 3068 1237 3102 etc.
