2028 3354
167 212 169 214 ·
224 189 315 237 350

701 210 858 240 TRAGT.
898 212 952 239 DE
987 212 1107 242 Locis
1143 215 1441 248 THEOLOGICIS.

868 325 1195 371 PROPOSITIO
1226 330 1303 374 ΠΙ.

225 460 399 505 Petrus
403 460 774 521 jurisdictionis
788 464 1064 526 primatum
1082 465 1138 508 in
1163 465 1438 512 universam
1463 470 1730 516 Ecclesiam
1747 475 1919 519 imme-

356 535 484 581 diate
515 553 545 581 a
585 537 794 594 Christo,
823 555 920 584 non
955 546 1114 585 autem
1136 540 1199 586 ah
1230 542 1337 602 ipsa
1361 542 1577 591 Ecclesia
1600 550 1791 609 accepit.

294 686 407 734 516.
449 688 555 735 I-Iaec
577 689 832 752 propositio
853 697 922 736 est
946 689 1168 737 adversus
1191 691 1506 753 Richerianos,
1535 695 1844 745 Febronianos
1871 715 1923 745 30

230 764 548 811 PistorienseS.
580 764 854 811 Edmundus
882 767 1009 813 enim
1034 765 1273 814 Richerius
1299 766 1459 815 doctor
1494 770 1760 820 sorbonicus
1789 783 1837 821 et
1857 775 1926 821 fa·-

232 840 415 887 cultatis
440 839 656 904 syndicus
675 876 688 895 ,
721 842 1087 888 Protestantium
1111 843 1311 906 vestigiis
1335 844 1577 905 insistenS‚
1598 849 1807 896 omnium
1831 851 1927 914 pri-

226 934 334 963 mus
369 917 493 963 inter
542 916 802 963 Catholicos
845 918 1024 977 docuit,
1068 918 1316 966 Ecclesiam
1352 938 1431 968 seu
1477 921 1686 970 fidelium
1719 926 1930 972 omnium

225 1010 397 1057 vcorpus
418 1010 517 1040 esse
538 993 803 1055 subjectam
826 993 945 1039 illud
962 1030 975 1052 .,
1001 993 1051 1040 in
1080 1011 1173 1059 quo
1197 997 1443 1043 auctoritas
1468 1007 1514 1044 et
1535 999 1794 1060 jurisdictio
1812 1001 1933 1064 regi-

229 1069 369 1115 minis
405 1068 698 1115 ecclesiastici
725 1086 782 1115 ex
816 1068 987 1116 Christi
1018 1070 1312 1119 institutione
1340 1072 1554 1120 resideat.
1589 1075 1653 1121 Ex
1676 1076 1765 1122 hoc
1792 1093 1932 1141 porro

230 1145 461 1210 principio
485 1143 697 1207 collegit,
731 1145 1004 1192 Pontificem
1028 1163 1146 1192 rom.
1175 1182 1187 1205 ,
1221 1147 1464 1213 Episcopos
1498 1148 1703 1214 aliosque
1724 1161 1930 1216 pastores

228 1238 329 1269 esse
348 1222 491 1268 totius
511 1222 715 1286 corporis
736 1220 944 1268 fidelium
972 1222 1207 1269 ministros
1221 1258 1233 1282 ⁷
1257 1223 1336 1287 qui
1356 1224 1413 1271 de
1434 1226 1654 1273 mandato
1677 1235 1724 1274 et
1738 1229 1931 1274 nomine

230 1298 547 1346 universitatis
597 1297 804 1344 fidelium
837 1297 1117 1362 pastoralem
1156 1299 1478 1347 auctoritatem
1527 1312 1771 1349 exerceant
1803 1338 1816 1363 ,
1877 1321 1931 1351 eo

231 1383 389 1439 pact0,
429 1392 521 1438 quo
543 1374 594 1420 in
623 1373 932 1421 democratica
958 1373 1196 1439 republica
1237 1376 1533 1438 magistratus
1580 1388 1689 1425 sunt
1730 1379 1932 1426 ministri

231 1451 425 1517 populi,
455 1470 479 1498 3
507 1469 598 1513 quo
625 1459 851 1515 tanquam
885 1449 1083 1514 delegati
1108 1450 1284 1498 habent
1316 1454 1638 1500 auctoritatem
1657 1489 1670 1512 .,
1708 1463 1848 1517 prout
1882 1455 1933 1500 in

230 1529 375 1594 priori
395 1528 532 1589 hujus
552 1528 699 1592 partis
723 1528 925 1574 sectione
945 1527 1242 1592 exposuimus
1261 1563 1274 1586 ,
1297 1544 1402 1574 cum
1424 1527 1482 1576 de
1503 1529 1803 1577 ecclesiastica
1824 1547 1931 1593 age·

231 1620 388 1652 remus
406 1603 662 1651 hierarchia
684 1602 770 1666 (l).
791 1605 953 1668 Itaque
979 1612 1075 1650 tota
1096 1603 1294 1651 Ecclesia
1321 1621 1401 1651 seu
1423 1606 1699 1652 universitas
1722 1605 1931 1654 fidelium

233 1698 286 1728 ea
309 1689 404 1741 est,
432 1697 535 1744 quse
551 1684 686 1742 juxta
720 1679 808 1726 hoc
838 1688 1039 1743 systema
1060 1681 1409 1742 principaliter
1430 1698 1482 1728 30
1508 1682 1788 1729 radicaliter
1808 1681 1932 1729 obti-

233 1758 337 1804 nuit
360 1757 510 1804 claves
525 1792 537 1816 ‚
555 1759 691 1804 Petro
723 1773 774 1802 ac
800 1756 988 1821 reliquis
1022 1756 1251 1821 Apostolis
1267 1792 1280 1815 ,
1306 1774 1358 1804 30
1382 1765 1628 1822 propterea
1654 1757 1929 1805 eorumdem

234 1832 571 1881 successoribus
613 1831 865 1879 tradendas
909 1849 960 1879 30
1000 1832 1409 1880 communicandas
1430 1868 1446 1895 ,
1490 1850 1596 1881 cum
1626 1833 1821 1882 Ecclesia
1849 1852 1931 1883 seu

234 1909 445 1958 fidelium
472 1908 750 1957 universitas
781 1908 870 1955 illis
905 1910 975 1955 uti
995 1926 1092 1955 non
1113 1909 1260 1974 possit
1288 1910 1375 1973 (2).

293 2088 344 2138 (l)
375 2087 491 2126 Num.
517 2084 587 2139 94.

292 2153 345 2204 (2)
378 2153 432 2191 Ita
460 2154 500 2191 in
533 2153 602 2190 lib.
635 2151 696 2189 De
730 2150 982 2190 ecclesiastica
1009 2164 1054 2189 ac

230 2220 393 2273 politica
407 2224 615 2272 potestate,
635 2219 731 2256 edito
755 2233 815 2257 an.
839 2216 931 2256 1611
957 2248 967 2265 ,
991 2220 1056 2270 qui

239 2285 367 2325 statim
390 2300 490 2324 anno
507 2286 715 2337 insequenti
736 2281 834 2321 1612
865 2297 885 2320 a
907 2282 1055 2334 Synodo

239 2352 467 2398 senonensi,
496 2351 647 2403 praeside
671 2350 782 2388 Card.
814 2348 874 2387 Du
897 2348 1051 2397 Peri-on,

239 2420 461 2470 proscriptus
484 2426 537 2456 est
564 2427 740 2469 tanquam
765 2418 956 2454 continens
973 2430 1056 2468 pro-

240 2486 465 2536 positiones,
491 2482 735 2534 expositiones
763 2490 798 2519 et
823 2481 1055 2533 allegationes

241 2550 364 2596 131835,
387 2562 581 2594 erronem,
600 2547 846 2593 seandalosas‚
866 2555 924 2594 et,
945 2555 986 2585 ut
1000 2561 1056 2586 so-

241 2622 334 2654 nant
348 2642 359 2660 ‚
376 2614 562 2652 haereticas
576 2621 613 2652 et
633 2614 895 2651 schismaticas.
920 2612 1054 2651 Riche-

242 2682 341 2720 rium
369 2679 726 2731 porroxpalinodiam
752 2677 951 2726 cecinisse,
977 2678 1052 2717 loc.

240 2748 305 2785 cit.
323 2746 482 2784 diximus
497 2759 508 2796 ;
522 2758 605 2797 quae
621 2745 772 2797 quidem
795 2743 932 2795 duplex
949 2745 1020 2782 fuit
1039 2757 1052 2783 τ

242 2812 354 2851 altera
388 2812 471 2850 data
501 2818 554 2849 est
578 2811 637 2848 die
667 2823 687 2862 7
716 2809 896 2849 Decemb.
924 2810 1052 2864 1629;

240 2879 393 2917 alteram
410 2890 495 2915 vero
519 2876 628 2927 longe
651 2876 853 2927 pleniorem
875 2890 949 2913 una
967 2889 1051 2914 cum

247 2943 463 2982 refutatione
496 2954 645 2979 suorum
673 2954 837 2979 errorum
856 2970 865 2987 ‚
903 2955 994 2992 quos
1017 2942 1057 2978 in

244 3015 383 3059 septem
397 3005 709 3059 propositionibus
724 3005 938 3057 complexus
954 3014 1030 3046 erat
1044 3035 1056 3055 ,

1123 2089 1281 2125 moriens
1317 2087 1465 2140 reliquit
1487 2089 1527 2125 in
1548 2100 1614 2125 suo
1642 2087 1805 2136 Musaeo,
1832 2088 1933 2126 futu-

1120 2167 1204 2191 rum
1228 2156 1341 2191 etiam
1364 2157 1515 2204 posteris
1535 2153 1685 2190 sincerae
1706 2155 1838 2191 mentis
1858 2165 1932 2191 suae

1121 2227 1339 2271 perpetuum
1354 2219 1552 2257 indubium
1567 2213 1931 2271 testimonium.Quae

1121 2293 1243 2322 autem
1256 2283 1302 2322 ad
1317 2292 1736 2335 praesensargumentum
1751 2287 1933 2336 pertinent

1119 2349 1175 2387 11ae
1206 2358 1302 2388 sunt.
1334 2350 1443 2401 Prop.
1474 2363 1511 2394 1,
1542 2363 1627 2401 pag.
1664 2350 1690 2388 8
1720 2364 1730 2387 2
1756 2350 1931 2389 Christus

1119 2428 1228 2453 suam
1256 2414 1463 2467 fundando
1490 2413 1704 2455 Ecclesiam
1732 2443 1744 2463 ‚
1777 2418 1894 2469 prius
1915 2444 1928 2464 ,

1120 2482 1384 2520 immediatius
1433 2490 1467 2520 et
1516 2482 1758 2521 essentialius
1809 2482 1930 2521 claves

1119 2560 1185 2585 seu
1194 2547 1510 2601 jurisdictionem
1525 2550 1595 2586 toti
1608 2547 1711 2586 dedit
1728 2546 1923 2594 Ecclesioe‚

1119 2627 1234 2665 quam
1248 2615 1362 2653 Petro
1373 2621 1413 2653 et
1425 2614 1518 2653 aliis
1530 2614 1736 2667 Apo-stolis.
1760 2613 1867 2664 Prop.
1883 2628 1924 2662 11,

1120 2693 1203 2731 pag.
1225 2692 1253 2732 9
1279 2694 1290 2719 ε
1324 2680 1423 2719 Tota
1428 2680 1660 2730 jurisdictio
1676 2677 1929 2717 ecclesiastica

1113 2747 1244 2796 primo
1251 2748 1409 2797 proprie
1427 2752 1463 2784 et
1474 2744 1726 2784 essentialiter
1741 2744 1784 2783 E
1784 2744 1928 2784 cclesioe

1119 2812 1325 2858 conveni25
1359 2811 1531 2848 Romano
1557 2814 1681 2848 autem
1716 2808 1926 2860 Pontifici,

1120 2881 1231 2926 atque
1259 2875 1351 2914 aliis
1369 2873 1408 2912 E
1402 2875 1574 2926 piso-opis
1590 2903 1600 2919 ‚
1620 2874 1926 2913 instrumentali-

1122 2946 1203 2987 ter,
1231 2947 1265 2977 ct
1294 2938 1420 2991 quoad
1446 2940 1703 2977 executionem
1739 2945 1891 2977 tantum
1914 2968 1923 2984 ,

1122 3005 1225 3042 sieut
1241 3002 1411 3055 facultas
1426 3002 1584 3042 videndi
1610 3002 1716 3041 oculo
1737 3005 1923 3056 competit.
