2028 3354
213 206 327 253 150·
371 236 374 239 ,
696 219 851 249 macr.
887 219 939 251 ms
974 219 1090 250 mms
1125 218 1422 250 innotoclms.

214 340 429 404 nuspiam
445 339 494 383 in
512 333 707 382 Ecclesia
724 350 916 380 romana
934 330 1129 398 reperiri
1148 335 1258 383 fidei
1276 335 1520 382 unitatem.
1550 330 1732 380 Etenim
1749 332 1888 377 omis-

211 416 271 462 sis
290 413 521 463 acerrimis
551 408 962 475 disceptationibus
975 445 988 467 ,
1008 409 1179 473 quaein
1198 410 1362 457 scholis
1377 408 1610 457 catholicis
1635 409 1750 454 circa
1769 422 1892 471 prae-

213 488 570 537 destinationem
610 495 655 532 et
684 486 909 551 gratiam,
948 484 1064 530 circa
1099 480 1481 549 probabilismum
1507 501 1558 532 ac
1586 483 1765 546 singula
1799 482 1893 529 fere

213 565 384 613 ethices
409 563 557 627 capita
584 561 914 619 exardescunt,
949 577 1040 625 quo
1071 559 1125 606 fit
1148 568 1200 606 ut
1220 560 1269 605 in
1293 559 1448 623 plures
1470 561 1688 607 factiones
1714 557 1897 605 scinda·

211 651 288 688 tur
310 641 400 703 (1),
429 639 500 685 his
518 675 530 699 ,
556 638 774 702 inquama
806 637 984 683 omissis
1001 672 1013 694 ⁷
1036 652 1175 682 nemo
1193 635 1449 698 negaverit,
1474 636 1720 683 Ecclesiam
1740 650 1896 680 roma—

211 733 322 763 nam
353 716 583 772 refertam⁴
605 714 839 761 haereticis
865 728 963 760 esse
990 732 1002 769 ς
1046 710 1302 758 fatentibus
1336 710 1510 775 quippe
1542 709 1896 757 romanensibus

213 790 428 838 omnibus
445 828 457 850 7
485 789 693 836 doctrina
714 791 741 836 J
745 789 922 836 ansenii
945 787 1160 834 haeretica
1181 795 1279 844 est3
1302 803 1442 850 porro
1458 785 1592 849 longe
1609 786 1793 850 lateque
1813 800 1897 849 per

215 866 462 914 Ecclesiam
484 865 753 912 universam
766 863 1030 926 janseniani
1055 862 1210 909 diffusi
1233 869 1343 908 sunt
1362 898 1374 921 a
1403 871 1450 909 et
1478 879 1504 907 a
1527 860 1736 909 ducentis
1765 860 1899 907 annis

213 943 366 990 adhuc
397 951 702 1008 perseverant
730 937 883 988 eidem
915 938 1121 986 Ecclesiae
1151 938 1383 985 mordicus
1418 937 1722 985 adhaerentes.
1755 937 1904 983 Nemo

214 1019 391 1065 inficias
430 1017 592 1079 iverit,
626 1017 844 1065 refertam
874 1015 1137 1062 incredulis
1174 1031 1272 1061 esse
1311 1022 1358 1061 et
1392 1014 1771 1075 indifferentistis
1808 1019 1905 1056 tam

216 1112 386 1158 magno
417 1111 615 1141 numero
638 1130 650 1153 a
689 1103 741 1140 ut
775 1110 878 1140 eam
916 1091 1111 1138 obruere
1150 1090 1399 1138 videantur
1427 1106 1479 1135 ac
1502 1088 1643 1136 fidem
1678 1087 1903 1149 subjicere

217 1171 422 1235 ejusdem
451 1170 789 1217 membrorum.
826 1170 1018 1215 Constat
1044 1176 1298 1231 praeterea,
1333 1164 1545 1212 eamdem
1558 1164 1805 1211 Ecclesiam
1828 1179 1908 1208 re-

217 1249 388 1295 fertam
407 1263 505 1293 esse
521 1247 834 1292 schismaticis
848 1280 866 1301 ,
890 1253 943 1289 ut
959 1243 1106 1307 liquet
1122 1260 1177 1290 ex
1200 1243 1428 1306 episcopis
1442 1239 1908 1287 constitutionalihus

220 1339 477 1388 eorumque
528 1322 737 1380 asseclis,
775 1321 854 1385 qui
878 1320 926 1365 in
960 1318 1118 1365 Galliis
1146 1336 1243 1365 non
1286 1315 1630 1364 communicant
1659 1331 1765 1361 cum
1799 1314 1909 1378 Epi-

223 1399 373 1464 scopis
397 1416 423 1444 a
454 1399 534 1444 Pio
559 1398 640 1444 VII
659 1397 945 1453 constitutis3
971 1394 1100 1441 deest
1124 1395 1263 1458 igitur
1282 1393 1423 1440 etiam
1444 1392 1555 1438 unio
1575 1390 1810 1438 charitatis
1828 1406 1909 1436 seu

223 1474 577 1522 communionis.
625 1474 677 1519 40
715 1473 824 1530 Quae
853 1489 959 1518 cum
984 1471 1047 1534 ita
1065 1487 1112 1517 se
1146 1469 1381 1527 habeant,
1403 1485 1496 1532 quo
1524 1467 1622 1513 abit
1654 1466 1732 1513 illa
1755 1482 1913 1512 roma-

222 1551 441 1598 nensium
480 1549 730 1611 jactantia,
774 1547 898 1612 quod
933 1547 983 1592 in
1016 1563 1097 1592 sua
1128 1544 1327 1592 Ecclesia
1356 1542 1657 1601 omnimoda,
1692 1541 1830 1606 plena
1863 1556 1915 1587 ac

231 1626 436 1692 perfecta
460 1625 614 1689 vigeat
635 1625 788 1671 unitas
808 1623 868 1670 ad
888 1622 1140 1669 discrimen
1163 1629 1394 1668 sectarum
1408 1655 1421 1680 ,
1444 1636 1547 1684 quae
1567 1620 1616 1666 in
1639 1619 1784 1665 frusta
1798 1617 1915 1663 scin-

225 1701 439 1751 duntur?
464 1701 553 1747 Ubi
582 1700 661 1747 illa
696 1700 941 1746 auctoritas
969 1696 1225 1743 infallibilis
1267 1697 1363 1744 sive
1396 1694 1605 1742 Ecclesiae
1634 1694 1730 1741 sive
1758 1692 1916 1739 Ponti-

227 1780 324 1827 ficis
338 1815 352 1838 ,
376 1796 516 1844 quam
537 1785 778 1841 tantopere
796 1773 1128 1821 commendant
1144 1772 1287 1820 veluti
1308 1771 1587 1836 principium
1606 1787 1687 1816 seu
1709 1768 1916 1815 medium

229 1856 391 1903 efficax
426 1854 594 1900 unitati
629 1849 986 1909 conservandae,
1023 1866 1165 1912 quam
1202 1864 1353 1912 neque
1380 1854 1635 1910 agnoscunt
1663 1844 1746 1892 filii
1774 1848 1870 1906 ejus
1890 1842 1916 1890 ’ἓ

230 1932 284 1977 50
306 1931 372 1978 Ne
391 1947 503 1979 vero
530 1928 629 1975 haec
647 1927 923 1993 amplificata
960 1924 1206 1972 videantur
1224 1959 1235 1982 ‚
1263 1923 1439 1985 juverit
1461 1939 1513 1968 ea
1538 1923 1814 1968 confirmare
1834 1937 1918 1966 au-

228 2008 418 2055 toritate
449 2006 655 2070 Gregorii
693 2005 794 2051 XVI
811 2039 823 2061 ,
861 2001 941 2066 qui
965 2001 1014 2046 in
1050 1999 1276 2063 encyclica
1301 2015 1425 2044 anno
1461 1996 1587 2044 1832
1612 1997 1764 2055 edita⁷
1795 1998 1919 2043 inter

230 2092 380 2131 cetera
409 2082 506 2129 haec
534 2080 675 2127 habet
700 2098 710 2125 z
748 2081 860 2128 Vere
883 2079 1174 2136 dix-erimus,
1198 2076 1366 2121 horam
1391 2078 1525 2119 *nuuc
1550 2091 1642 2120 esse
1673 2075 1919 2136 potestatis

230 2160 537 2206 tenebrarum
575 2158 642 2203 ad
681 2155 1000 2203 cribrandum
1053 2156 1178 2199 sicut
1213 2154 1433 2198 triticum
1487 2150 1612 2210 filios
1662 2150 1916 2194 electionis.

243 2235 356 2284 Vere
384 2236 513 2282 lua-it
538 2242 581 2280 et
608 2230 810 2293 defluoeic
838 2239 965 2276 terra
997 2230 1176 2291 infecta
1206 2228 1267 2274 al)
1297 2226 1649 2273 habitatoribus
1677 2227 1804 2279 suis,
1834 2225 1924 2286 qui

289 2413 345 2461 (l)
371 2411 427 2450 Ita
451 2412 585 2463 passim
602 2413 841 2461 protestantes
859 2406 1037 2445 recentio-

233 2490 312 2524 res,
341 2478 436 2514 inter
464 2490 555 2529 quos
584 2473 767 2513 Gablerus
793 2476 834 2511 in
860 2480 950 2510 orat.
977 2470 1041 2508 De

232 2541 413 2581 tenuibus
429 2542 557 2579 initiis
571 2569 581 2588 ,
604 2553 693 2577 vera
704 2545 845 2576 natura
863 2544 898 2575 et
915 2536 1046 2579 indole

234 2608 416 2645 doctrinm
465 2603 689 2656 evanqelicoe
705 2634 715 2652 ‚
759 2603 779 2641 J
783 2617 858 2642 enae
911 2601 1011 2641 1818
1028 2632 1037 2650 ‚

234 2687 318 2724 pag.
339 2669 386 2710 18
399 2701 410 2719 ‚
426 2672 585 2709 scribere
598 2684 674 2708 non
685 2677 829 2708 veretur
843 2682 853 2707 :
874 2668 1043 2721 Quantae

234 2736 317 2775 lites
332 2767 342 2785 ‚
372 2742 518 2788 quanta
545 2735 710 2773 dissidia
728 2765 737 2782 ‚
762 2741 904 2786 quanta
926 2733 1015 2771 odia
1030 2759 1040 2776 ‚

234 2804 421 2855 inprimis
445 2803 546 2838 inter
568 2799 723 2839 ordines
747 2798 1017 2838 monachorum
1032 2827 1043 2847 ‚

234 2868 330 2909 Dom
338 2868 578 2906 init-anorum
592 2893 605 2914 ,
662 2866 705 2904 F
702 2866 1015 2904 rancisca‘norum
1031 2890 1043 2909 ,

236 2935 474 2975 Jesuitarum
490 2960 501 2980 ,
532 2930 725 2983 hucusque
740 2929 956 2968 Ecclesiam
979 2943 1045 2967 ca-

233 3001 410 3040 tholicam
425 2999 561 3037 misere
575 2997 779 3035 turbarum
793 2997 808 3033 !
832 2996 920 3034 Nou
932 2996 1045 3034 modo

1104 2404 1338 2455 antiquiores
1358 2402 1524 2441 doctores
1544 2393 1813 2446 ecclesiastaes,
1833 2398 1918 2437 Pa-

1105 2477 1177 2507 tres
1211 2474 1345 2506 vocant
1362 2496 1374 2515 ,
1415 2468 1458 2504 iu
1478 2479 1712 2518 quocumque
1734 2465 1817 2516 fere
1851 2463 1918 2502 do-

1104 2537 1240 2574 cerinae
1272 2534 1532 2572 ecclesiasticae
1552 2536 1676 2587 capite
1702 2530 1907 2572 admodum

1106 2603 1208 2639 iuter
1226 2615 1264 2639 se
1289 2600 1498 2647 dissident,
1514 2613 1647 2638 verum
1668 2606 1704 2637 et
1723 2596 1910 2636 recensio·
1976 2594 1978 2596 ’

1109 2681 1168 2705 res
1190 2664 1546 2705 romano-catholici
1558 2695 1569 2714 ‚
1591 2665 1739 2717 ipsique
1762 2673 1915 2714 proesu-

1110 2732 1161 2771 les
1203 2734 1378 2780 romani,
1420 2744 1580 2783 quorum
1620 2729 1768 2767 decreta
1802 2725 1910 2764 haud

1111 2812 1199 2836 raro
1219 2800 1322 2836 inter
1342 2812 1381 2836 se
1403 2802 1595 2850 puqmmt.
1622 2794 1747 2845 Atque
1775 2794 1913 2831 etiam-

1112 2878 1208 2902 num
1231 2877 1336 2902 acres
1360 2864 1560 2914 aqitantur
1581 2859 1663 2898 lites
1684 2860 1782 2897 iuter
1803 2858 1912 2896 Pon-

1112 2930 1228 2980 tificis
1257 2929 1410 2968 ronzam‘
1431 2924 1589 2964 asseclas
1608 2932 1642 2963 et
1660 2922 1913 2978 episcopales,

1111 2994 1410 3033 ultramontanos
1430 2999 1465 3030 et
1490 3004 1588 3030 mere
1608 2989 1824 3030 catholicos.
