2028 3354
208 182 305 230 228
697 194 855 226 macr.
893 195 946 225 m:
981 196 1100 228 zocts
1135 194 1434 227 msomcrcis.

272 310 383 360 352.
418 311 523 356 Jam
544 321 655 354 vero
675 304 775 352 l-laec
796 305 952 352 omnia
980 305 1153 372 absque
1182 306 1524 355 infallibilitatis
1552 306 1659 354 dote
1681 306 1887 356 Ecclesiae

206 401 419 435 concessa
446 398 543 429 non
560 380 700 428 modo
725 380 904 446 concipi
926 392 1168 446 nequeunt
1182 418 1195 442 ,
1216 384 1297 430 sed
1321 384 1460 449 plane
1486 382 1684 430 absurda
1706 391 1885 443 essent,

210 472 257 510 et
289 479 314 507 a
336 459 508 525 pietate
532 456 690 505 divina
721 473 910 522 prorsus
930 456 1093 504 aliena.
1122 457 1383 509 Adsurdum
1412 460 1537 507 enim
1559 458 1771 523 inprimis
1798 467 1888 519 est,

207 554 340 603 posse
362 534 609 583 Ecclesiam
638 533 761 594 falli,
785 550 837 579 ac
866 533 1065 598 proinde
1094 533 1308 580 homines
1335 534 1568 599 decipere3
1602 533 1893 599 quandoqui-

206 613 314 662 dem
335 612 420 659 Dei
438 609 627 657 nomine
642 644 655 668 ,
679 610 775 656 imo
801 618 849 657 et
868 610 918 655 in
941 612 1038 671 ejus
1055 608 1210 655 locum
1234 608 1424 655 suffecta
1440 645 1453 669 a
1477 628 1647 657 munus
1667 609 1787 656 illud
1803 610 1894 656 im-

203 689 334 755 plere
357 686 524 746 debet⁷
551 686 676 750 quod
695 686 790 750 ipse
817 685 945 749 prius
967 684 1204 733 inchoavit
1220 721 1232 745 ‚
1257 701 1308 731 ac
1337 686 1713 750 prosequendum
1742 686 1895 733 eidem

200 765 433 813 commisit
449 761 575 828 apud
592 779 753 809 omnes
775 769 954 824 gentes,
975 778 1059 825 per
1073 765 1169 824 ejus
1193 761 1505 808 ministerium
1526 761 1855 809 illuminandas
1874 798 1887 822 .,

206 841 373 908 quibus
396 847 548 887 tutam
567 836 726 884 salutis
748 837 872 885 viam
893 837 1134 884 constituit
1147 837 1422 902 patefacere,
1445 836 1706 884 Adsurdum
1727 845 1895 901 praete-

203 934 286 966 rea
305 925 393 975 est3
409 914 614 980 potuisse
634 921 713 959 aut
726 911 924 960 voluisse
939 909 1173 960 Christum
1186 912 1395 960 divinam
1409 912 1614 959 Ecclesiae
1632 912 1897 959 missionem

207 991 539 1041 miraculorum
562 1005 751 1036 suorum
783 987 931 1051 sigillo
959 989 1276 1048 communire,
1298 1006 1389 1053 quo
1406 988 1619 1036 homines
1651 987 1899 1035 invincibi-

207 1070 314 1117 liter
332 1067 391 1115 ad
417 1083 625 1114 errorem
648 1072 729 1111 aut
753 1063 917 1110 falsam
934 1062 1194 1110 doctrinam
1217 1065 1531 1129 profitendam
1548 1064 1897 1112 inducerentur.

208 1144 429 1203 Quamvis
468 1141 595 1189 enim
629 1139 846 1187 daremus
878 1139 1039 1204 (quod
1069 1139 1236 1186 falsum
1268 1157 1367 1187 esse
1396 1141 1750 1204 ostendimus),
1791 1150 1898 1205 post

208 1221 516 1268 sufficientem
552 1215 789 1279 Evangelii
819 1215 1245 1280 promulgationem
1276 1214 1499 1277 ejusmodi
1534 1215 1900 1263 extraordinaria

211 1296 333 1344 dona
367 1295 416 1342 in
454 1291 653 1340 Ecclesia
673 1308 868 1340 cessasse
886 1327 898 1351 ,
931 1307 1038 1338 cum
1057 1299 1216 1339 tamen
1240 1289 1426 1339 illorum
1456 1308 1542 1357 ope
1577 1291 1718 1357 primi
1741 1290 1900 1338 fideles

207 1471 339 1523 fideles
351 1486 366 1520 ,-
385 1469 416 1508 il
428 1468 580 1519 confere
604 1465 635 1505 le
657 1466 779 1514 droit,
800 1466 887 1504 bien
909 1465 999 1518 plus
1012 1494 1022 1513 ,

213 1537 247 1575 il
265 1540 409 1589 impose
429 1534 666 1585 l’obliqation
683 1532 729 1571 de
745 1532 915 1585 prendre
930 1537 1025 1584 part

218 1605 242 1642 ὰ
272 1611 392 1643 toules
426 1601 526 1639 leurs
552 1601 657 1653 joie-5
672 1629 683 1648 ‚
722 1599 746 1637 ὰ
781 1605 901 1637 toutes
925 1597 1026 1636 leurs

217 1669 410 1709 douleurs.
426 1666 532 1707 D‘un
555 1672 664 1705 autre
680 1665 765 1705 εόἰέ
782 1696 792 1715 ,
809 1665 1027 1704 l'adminis·

221 1738 362 1776 tration
394 1734 458 1771 des
493 1731 720 1773 Sacremens
746 1760 756 1779 ‚
793 1732 903 1768 aussi
940 1730 1028 1768 bien

221 1815 293 1853 que
318 1798 405 1839 celle
423 1798 468 1835 de
488 1797 526 1834 Ia
545 1794 679 1848 parole
691 1822 704 1844 ,
722 1808 746 1833 a
769 1797 823 1833 ete
838 1794 1029 1845 identifiee

215 1880 293 1920 par
312 1866 344 1905 le
356 1863 547 1915 Seiqneur
561 1861 585 1899 ὰ
599 1860 828 1912 Ιάροείοῖατς
851 1866 887 1898 et
897 1872 1030 1897 encore

224 1934 250 1972 ὰ
270 1939 324 1971 cet
342 1929 460 1982 eyard
472 1955 486 1977 ,
508 1927 556 1964 ils
575 1933 660 1964 sont
677 1926 854 1979 djamais
866 1925 1031 1964 attaches

224 1999 249 2037 ὰ
278 1997 315 2037 la
343 1995 610 2034 eommunauie
626 2021 637 2040 ‚
661 1994 753 2030 unis
770 1992 796 2030 ὰ
821 1990 889 2029 elle
917 1990 1031 2028 d’une

222 2063 395 2103 muniere
413 2056 674 2099 indissoluble.
695 2057 824 2097 Ainsi
844 2056 940 2095 donc
954 2055 1030 2094 l'u-

226 2132 322 2168 nion
338 2140 426 2166 arec
440 2122 704 2164 ,lesus-Christ
715 2121 899 2174 implique
910 2122 1034 2159 union

227 2208 318 2233 avec
336 2205 405 2232 son
433 2189 582 2240 quise.
604 2187 680 2226 Les
703 2187 804 2226 liene
822 2189 892 2238 qui
911 2193 1031 2227 rotta-

227 2261 340 2298 chent
372 2259 397 2297 ὰ
429 2253 722 2305 Jews-Christ,
758 2252 985 2291 enchainent
1007 2252 1033 2290 ὰ

228 2325 387 2378 ΖἘ91ἰεο
398 2338 414 2373 ‚-
445 2330 528 2361 tous
568 2319 670 2358 deux
707 2325 791 2357 sont
834 2319 1033 2370 insepara-

227 2391 329 2439 hle33
355 2389 386 2428 il
409 2394 463 2427 est
479 2400 527 2426 en
556 2385 647 2433 elle,
674 2392 709 2423 et
727 2382 794 2422 elle
819 2389 873 2421 est
894 2396 941 2420 en
975 2382 1034 2420 lui

226 2455 398 2508 (Ephes.
421 2468 445 2493 v
461 2483 471 2500 ‚
500 2450 664 2505 29-33).
694 2449 782 2487 Par
801 2461 861 2486 ces
881 2449 1033 2487 raisone

229 2524 367 2561 memes
384 2551 395 2570 ,
422 2518 580 2571 I'quise
610 2530 657 2554 ne
683 2522 778 2569 peut
797 2527 982 2566 manquer
1008 2516 1034 2554 ἁ

228 2587 265 2625 la
282 2587 410 2638 partie
435 2585 480 2621 de
500 2596 544 2621 sa
569 2581 694 2629 teclae,
718 2581 789 2632 qui
811 2586 865 2618 est
884 2580 929 2618 de
943 2594 1033 2619 con-

228 2664 354 2690 server
380 2648 417 2686 la
442 2646 577 2700 parole
603 2646 648 2683 de
681 2645 790 2683 Dieu
804 2659 819 2693 ;
845 2644 910 2683 elle
941 2645 1035 2684 n’est

221 2718 336 2770 point
354 2716 487 2767 sujette
510 2713 535 2750 ὰ
557 2711 729 2751 l’erreur.
761 2710 913 2749 Comme
945 2712 1034 2750 cha-¹

226 2795 297 2833 que
319 2779 522 2818 adorateur
539 2776 593 2815 du
613 2776 743 2816 Christ
764 2783 819 2814 est
836 2777 1033 2830 incorpore

227 2847 252 2885 ὰ
281 2843 439 2897 l’quise
449 2856 528 2896 par
544 2842 608 2881 des
620 2840 720 2881 liene
733 2841 1005 2881 indissolubles
1014 2857 1031 2893 ‚-

227 2923 370 2950 comme
386 2909 476 2948 c’est
494 2906 560 2947 elle
576 2909 647 2960 qui
657 2907 690 2947 Ie
701 2906 920 2947 conduiteu
935 2908 1031 2948 Sau-

234 2985 327 3015 ceur
341 2991 362 3026 ,·
380 2980 415 3013 et
427 2971 522 3026 qu'il
533 2986 580 3012 ne
598 2979 691 3013 reste
701 2986 750 3012 en
765 2971 1033 3013 Jews-Christ

1095 1466 1299 1518 qu’autant
1311 1465 1411 1518 qu'il
1432 1465 1604 1504 demeure
1623 1479 1670 1503 en
1695 1463 1760 1503 elle
1781 1494 1792 1512 ‚
1818 1464 1903 1501 c’est

1094 1531 1257 1584 I’quise
1274 1532 1385 1572 aussi
1401 1533 1470 1583 qui
1495 1533 1617 1582 forme
1643 1543 1712 1568 son
1736 1542 1838 1567 coeur
1871 1536 1906 1567 et

1095 1610 1164 1636 son
1190 1597 1443 1649 intelliqence.
1472 1596 1516 1634 Il
1537 1610 1587 1634 ne
1603 1602 1697 1648 peut
1723 1594 1822 1635 donc
1847 1593 1906 1632 lui

1097 1665 1241 1716 refuser
1267 1675 1312 1700 sa
1339 1663 1548 1714 confiauce.
1568 1660 1645 1701 Des
1670 1660 1744 1698 lore
1773 1659 1806 1698 il
1818 1660 1908 1711 faut

1097 1744 1168 1781 que
1187 1736 1276 1770 eene
1304 1728 1496 1779 confiance
1520 1729 1593 1765 soit
1610 1727 1775 1764 meritee.
1799 1724 1840 1764 Il
1855 1739 1903 1764 ne

1092 1795 1184 1846 saut
1213 1795 1327 1846 point
1348 1806 1419 1844 que
1446 1791 1478 1830 Ie
1505 1791 1639 1843 fidele,
1663 1792 1734 1842 qui
1755 1789 1907 1829 c'aban-

1099 1861 1222 1899 donne
1236 1861 1260 1898 ὰ
1276 1858 1456 1910 ἱἘρΙίεθ,
1469 1861 1601 1911 puisse
1614 1861 1689 1896 ecre
1712 1856 1842 1895 induit
1860 1870 1909 1895 en

1099 1939 1231 1964 erreur
1237 1940 1254 1974 ,·
1272 1923 1515 1977 I'Eylisepar
1524 1926 1749 1974 consequent
1761 1936 1809 1960 ne
1812 1929 1910 1974 peut

1099 1989 1272 2042 desaillir
1284 1989 1329 2027 de
1345 1988 1382 2027 la
1397 1993 1507 2027 vraie
1522 1989 1710 2027 doctrine.
1735 1988 1906 2027 Ceterum

1101 2055 1202 2108 quod
1233 2062 1370 2107 spectat
1400 2053 1446 2092 ad
1465 2054 1789 2099 comminationes,
1816 2066 1907 2103 quas

1102 2123 1268 2162 Christus
1284 2122 1498 2160 interminat
1517 2119 1715 2158 incredulis
1731 2146 1743 2165 ‚
1764 2119 1907 2156 refertae

1101 2190 1144 2227 iis
1158 2195 1245 2227 sunt
1262 2200 1371 2226 sacrae
1388 2186 1544 2225 Litterae.
1558 2184 1626 2222 Sic
1638 2198 1685 2222 ex
1699 2198 1754 2236 gr.
1771 2183 1905 2223 Matth.

1100 2270 1123 2293 x
1142 2283 1154 2302 ‚
1185 2252 1255 2304 14,
1277 2246 1425 2291 mittens
1462 2250 1651 2304 Apostolos
1672 2250 1730 2305 ⁴ad
1756 2264 1905 2289 annun-

1101 2319 1276 2357 ciandum
1300 2330 1453 2370 regnum
1488 2316 1556 2354 Dei
1589 2329 1599 2353 :
1633 2313 1906 2367 Quicumque,

1100 2385 1151 2422 ait
1183 2383 1296 2435 ipsis,
1348 2394 1426 2420 non
1462 2382 1642 2433 receperit
1670 2394 1734 2420 vos
1751 2410 1761 2428 ‚
1784 2391 1908 2434 neque

1100 2448 1268 2487 audierit
1298 2459 1486 2486 sermones
1522 2455 1684 2496 vestros,
1731 2451 1905 2485 exeuntes

1097 2514 1203 2567 forae
1229 2514 1275 2552 de
1301 2513 1409 2552 domo
1444 2512 1505 2551 vel
1538 2514 1717 2561 civitate,
1748 2509 1909 2550 excutite

1099 2579 1293 2634 pulverem
1332 2578 1377 2617 de
1404 2578 1569 2631 pedibus
1606 2579 1764 2624 vestri-33
1797 2587 1908 2612 amen

1102 2645 1186 2684 dico
1206 2645 1339 2684 vobis:
1358 2643 1592 2683 tolerabilius
1611 2645 1683 2682 erit
1705 2648 1813 2679 terrm
1834 2637 1904 2679 So-

1103 2713 1299 2752 domorum
1328 2718 1364 2750 et
1402 2709 1733 2750 Gomorrhoeorum
1766 2707 1811 2744 in
1847 2705 1908 2745 die

1091 2777 1245 2830 judicii
1260 2807 1270 2826 ‚
1305 2789 1421 2829 quam
1467 2774 1530 2814 illi
1546 2772 1724 2825 «civitati.
1763 2770 1901 2817 Marci,

1102 2855 1182 2882 xvi:
1197 2841 1281 2894 Qui
1302 2854 1380 2881 non
1400 2838 1613 2886 crediderit,
1632 2835 1907 2875 condemnabi-

1098 2914 1176 2947 tur.
1214 2908 1325 2947 Joan.
1352 2906 1390 2943 ni
1406 2934 1417 2953 ,
1448 2901 1524 2941 18:
1554 2901 1638 2956 Qui
1660 2914 1738 2940 non
1756 2900 1901 2951 credit,

1085 2974 1175 3026 J'am
1191 2972 1396 3025 judicatus
1418 2974 1485 3009 est.
1520 2967 1566 3012 Et
1589 2967 1677 3009 alibi
1701 2969 1849 3020 passim.
