2028 3354
319 253 446 282 mur.
486 252 519 280 1.
558 249 676 280 secr.
714 250 767 278 11.
806 250 905 278 cm.
935 250 988 279 11.
1028 248 1083 278 nu
1116 246 1300 279 rmum.
1339 248 1519 277 marm.
1657 230 1750 277 369

59 367 211 415 stolis:
230 365 350 413 Ecce
367 383 444 429 eqo
461 365 704 411 vobiscum
717 380 826 410 sum
842 380 993 425 usque
1012 362 1080 408 ad
1097 362 1555 408 consummationem
1569 363 1753 419 soeculi,

59 462 156 490 non
175 443 402 490 deberent
423 440 635 505 Episcopi
658 438 823 487 eadem
845 438 1150 503 promissione
1174 438 1264 484 frui
1292 436 1398 484 fidei
1416 436 1725 485 indeficientis
1740 473 1754 496 ,

60 531 112 567 ut
137 516 373 584 Apostoli?
394 515 739 564 Concludamus
763 516 920 578 igitur,
943 513 1072 560 haud
1092 530 1229 578 posse
1253 512 1482 575 ejusmodi
1499 513 1757 579 primatum

59 594 367 642 demonstrari
401 601 454 638 ut
490 591 725 654 objectum
755 607 1039 656 permanens
1068 606 1093 635 a
1126 589 1309 634 Christo
1331 589 1603 636 institutum
1629 607 1755 648 esse3

58 674 152 719 imo
171 709 182 731 ,
206 671 421 736 quamvis
442 669 488 715 id
507 669 695 733 probari
716 676 872 734 posset
888 703 900 725 ἦ
930 667 1142 713 nondum
1159 669 1253 728 jus
1274 667 1501 712 divinum
1529 668 1760 731 primatus

57 748 242 796 romani
290 748 597 794 constitutum
643 745 761 791 foret
788 779 801 798 ‚
851 743 1073 807 quoniam
1115 741 1345 805 primatus
1389 743 1514 788 Petri
1552 744 1706 808 potuit
1735 761 1762 791 a

59 824 244 871 Christo
275 822 457 869 institui
491 839 586 868 non
623 820 682 866 ob
717 818 927 866 Ecclesiae
966 818 1225 877 unitatem,
1269 817 1342 864 vel
1370 816 1497 864 aliud
1528 818 1763 880 objectum

58 916 368 965 permanens7
406 898 487 945 sed
519 896 661 943 veluti
692 894 934 960 praemium
967 898 1063 957 ejus
1090 893 1228 954 fidei,
1250 892 1338 940 zeli
1361 903 1409 941 et
1450 896 1621 941 amoris
1656 913 1764 960 erga

60 976 298 1024 Christum
340 975 592 1021 Dominum
621 972 710 1036 (l)

128 1053 237 1100 539.
277 1054 413 1116 Resp.
453 1053 566 1114 Ney.
600 1058 701 1096 ant.
743 1049 819 1097 Ad
851 1050 939 1106 1¹1¹7
977 1048 1110 1114 prob.
1142 1050 1271 1096 Dz'st.
1309 1048 1362 1096 Id
1391 1058 1489 1108 est.
1527 1051 1763 1117 conceptis

63 1129 214 1177 verbis
233 1129 450 1193 nuspiam
469 1126 705 1190 Scriptura
726 1125 949 1185 affirmat7
969 1127 1373 1172 conservati0nem
1394 1127 1602 1173 unitatis
1621 1127 1764 1174 moti-

60 1223 171 1255 vum
214 1221 293 1251 seu
321 1219 507 1250 causam
545 1201 712 1258 fuisse.
745 1218 889 1267 quare
928 1201 1139 1249 Christus
1180 1200 1439 1248 instituerit
1476 1202 1760 1265 primatum,

61 1298 217 1334 conc.;
246 1277 658 1345 aequivalentibus,
694 1296 795 1342 neq.
832 1278 879 1323 Si
919 1277 1063 1324 semel
1101 1277 1199 1325 haec
1244 1277 1401 1340 regula
1436 1277 1765 1327 admitteretur

61 1360 109 1405 in
151 1356 466 1423 dignoscendo
507 1354 621 1420 quid
663 1356 900 1420 Scriptura
942 1354 1181 1402 contineat
1226 1363 1306 1401 aut
1350 1373 1449 1402 non
1495 1356 1761 1414 contineat,

62 1444 217 1482 actum
241 1433 382 1499 plane
411 1441 532 1479 esset
569 1431 626 1478 de
657 1432 915 1478 innumeris
953 1448 1099 1496 prope
1142 1431 1418 1478 veritatibus
1454 1430 1595 1490 fidei,
1649 1449 1764 1498 quas

62 1510 305 1558 nobiscum
337 1508 588 1558 adversarii
610 1508 892 1572 profitentur
920 1507 1142 1555 adversus
1180 1508 1445 1554 Socinianos
1474 1516 1521 1555 et
1553 1509 1762 1557 rationa-

63 1586 207 1634 listas.
224 1585 313 1632 Ubi
326 1585 472 1643 enim,
497 1599 668 1649 quaeso,
687 1584 913 1648 scriptum
933 1593 1003 1630 est
1019 1584 1255 1648 conceptis
1270 1582 1443 1642 verbis,
1470 1583 1638 1630 Filium
1660 1601 1759 1632 esse

64 1663 517 1710 consubstantialem
542 1661 668 1708 Patri
686 1697 698 1719 7
726 1669 818 1707 tres
838 1660 888 1707 in
914 1662 1011 1707 Deo
1031 1676 1129 1707 esse
1151 1658 1334 1706 divinas
1346 1676 1580 1722 personas
1603 1676 1760 1726 aequa-

57 1739 149 1797 les.
176 1747 428 1785 coaeternas
458 1738 508 1783 in
531 1738 709 1784 unitate
740 1745 947 1796 naturae.
977 1744 1027 1783 ut
1055 1735 1113 1783 de
1142 1734 1242 1783 aliis
1268 1736 1484 1784 sileamus
1506 1736 1613 1801 (2)?
1640 1738 1759 1785 Satis

59 1814 259 1880 proinde
278 1823 348 1861 est
370 1823 423 1860 ut
440 1812 616 1878 aliquid
643 1814 692 1859 in
720 1813 966 1878 Scripturis
988 1812 1217 1859 contineri
1248 1812 1429 1859 dicatur
1444 1849 1456 1872 ‚
1478 1813 1517 1860 si
1546 1830 1761 1878 expressa

59 1890 290 1938 habeatur
320 1891 516 1948 veritas,
561 1906 661 1955 quae
692 1887 810 1936 illud
848 1888 1060 1936 involvat
1092 1904 1144 1935 ac
1170 1897 1426 1953 supponat.
1466 1889 1584 1936 Cum
1619 1889 1759 1953 igitur

64 1986 120 2016 ex
160 1968 292 2015 dictis
335 1967 541 2014 Christus
578 1965 824 2014 Ecclesiam
865 1965 1010 2014 veluti
1045 1967 1330 2028 (edificium,
1359 1967 1585 2026 domum,
1615 1969 1761 2024 ovile,

125 2188 180 2238 (1)
209 2187 265 2226 Ita
295 2187 437 2226 Palmer
456 2216 466 2234 ,
497 2200 558 2237 op.
578 2188 640 2224 cit.
676 2193 769 2237 part.
804 2198 853 2223 vn
870 2211 881 2230 ‚
950 2185 1116 2223 Christus
1136 2186 1335 2225 instituerit
1355 2188 1556 2237 primatum
1571 2188 1617 2226 ad
1640 2190 1762 2229 unita-

71 2267 152 2303 cap.
179 2266 201 2290 2
224 2282 235 2299 ,
259 2253 335 2291 vol.
353 2267 380 2292 u
398 2282 407 2300 ‚
427 2266 512 2304 pag.
533 2250 613 2305 493
642 2259 676 2290 et
697 2264 804 2303 seqq.
820 2264 885 2289 cu-

69 2320 130 2370 jus
171 2319 349 2366 nonnulla
384 2326 605 2372 argumenta
645 2318 883 2369 praetermisi-

74 2398 181 2431 mus,
213 2392 336 2435 utpote
361 2397 442 2436 quae
470 2383 529 2422 vel
551 2397 618 2422 nos
645 2384 801 2421 minime
827 2382 882 2421 fe-

75 2453 197 2498 riant,
222 2448 280 2488 vel
301 2464 459 2502 quorum
484 2452 539 2489 vis
567 2451 727 2501 pendeat
748 2462 795 2488 ex
818 2450 862 2488 iis
876 2478 886 2497 ‚

78 2528 160 2568 quae
177 2519 285 2553 antea
307 2515 554 2553 dissolvimus.

136 2580 188 2632 (Ξ)
220 2579 457 2631 Multiplicari
500 2581 683 2632 ejusmodi
722 2580 886 2632 exempla

81 2646 189 2685 facile
209 2653 358 2697 possent
386 2653 465 2682 tum
487 2658 530 2683 ex
555 2644 739 2695 Baptismo
762 2646 889 2683 infan-

83 2710 178 2750 tium
194 2741 204 2758 ‚
224 2719 301 2749 tum
327 2725 369 2748 ex
394 2710 579 2761 Baptismo
597 2710 726 2748 collato
749 2711 796 2749 ab
818 2711 890 2747 hae-

84 2779 202 2816 reficis
212 2807 223 2819 ,
235 2792 276 2816 ex
291 2777 509 2816 suffectione
521 2777 594 2814 diei
603 2776 794 2814 dominicae
805 2776 889 2814 sah-

86 2843 171 2880 hato
189 2842 235 2881 ad
257 2842 336 2881 Deo
358 2843 501 2881 cultum
525 2841 779 2880 exhibendum
794 2871 805 2889 ‚
821 2849 891 2880 etc.

88 2906 225 2945 Verum
245 2909 345 2947 hisce
367 2922 458 2959 opus
482 2922 558 2946 non
573 2906 754 2945 hahemus
771 2937 781 2954 ‚
806 2921 893 2946 cum

91 2973 262 3010 omnibus
283 2973 390 3012 obvia
414 2976 500 3013 sint.
538 2973 637 3011 Dum
666 2986 777 3011 cerno
808 2972 892 3011 Pal-

952 2258 1025 2288 tem
1052 2250 1223 2290 Ecclesiae
1252 2253 1538 2291 conservandam
1555 2284 1565 2302 ‚
1590 2254 1682 2293 mihi
1709 2257 1765 2294 vi-

952 2316 1039 2355 dere
1054 2318 1180 2356 videor
1193 2318 1404 2356 incredulos
1415 2319 1498 2357 illos
1509 2319 1760 2373 philosophos,

951 2384 1113 2433 quinon
1147 2384 1197 2421 ita
1225 2383 1372 2435 pridem
1406 2384 1454 2422 ad
1484 2386 1761 2438 impugnandas

953 2461 1077 2486 causas
1096 2448 1225 2487 finales
1250 2457 1453 2500 negarunt,
1478 2458 1540 2488 aut
1565 2451 1695 2490 saltem
1721 2455 1763 2491 in

953 2512 1114 2551 dubium
1136 2522 1383 2562 revocarunt,
1411 2523 1535 2553 utrum
1560 2517 1673 2570 oculidj
1690 2531 1761 2556 no-

954 2578 1009 2615 bis
1031 2592 1051 2615 a
1075 2586 1204 2617 natura
1223 2610 1233 2627 ,
1267 2588 1308 2618 ut
1338 2581 1406 2632 ipsi
1436 2581 1662 2633 loquuntur,
1687 2584 1760 2622 dati

955 2644 1089 2692 fuerint
1105 2645 1151 2683 ad
1168 2645 1373 2684 videndum
1389 2676 1400 2693 ,
1425 2659 1529 2685 aures
1541 2647 1588 2686 ad
1607 2649 1760 2688 audien-

955 2710 1045 2748 dum
1060 2739 1071 2757 ,
1094 2712 1204 2763 pedes
1225 2710 1274 2750 ad
1297 2713 1582 2753 ambulandum.
1604 2714 1676 2766 Qui
1691 2730 1764 2757 me-

956 2779 1027 2814 rito
1055 2778 1205 2816 insania>
1237 2778 1441 2816 insimulati
1467 2780 1507 2816 in
1541 2779 1613 2817 hoc
1643 2790 1759 2827 sunt,

958 2856 1044 2881 cum
1064 2842 1127 2881 hic
1145 2844 1230 2882 finis
1254 2858 1297 2883 ex
1324 2846 1402 2896 ipso
1426 2844 1560 2882 horum
1589 2859 1764 2886 sensuum

962 2915 1025 2946 aut
1046 2909 1296 2948 membrorum
1324 2908 1447 2948 officio
1474 2910 1622 2961 patefiat
1638 2938 1649 2956 ,
1677 2912 1767 2962 ipsi·

963 2987 1035 3026 que
1057 2975 1275 3014 inu-insecus
1293 2975 1566 3028 quodammodo
1578 2983 1688 3027 atque
1711 2988 1770 3015 es-

93 3036 252 3076 merium
276 3039 317 3075 in
345 3037 503 3078 dubium
542 3052 739 3085 revocare,
772 3046 897 3078 utrum
965 3038 1126 3078 sentialis
1143 3042 1201 3079 sit.
1249 3052 1252 3055 ·

223 3101 274 3148 T.
315 3102 433 3149 VIII.

1513 3102 1578 3149 24
