2028 3354
1746 156 1846 205 283

471 179 598 208 PART.
637 175 669 206 Ι.
710 177 808 206 CAP.
848 175 911 206 IV.
948 175 1003 205 DE
1038 174 1256 204 ECCLESIAE
1290 174 1493 205 DOTIBUS.

148 293 375 342 stolorum
399 293 520 356 leges
541 292 599 339 de
622 289 905 338 abstinentia
925 307 949 336 a
968 290 1194 355 sanguine
1223 298 1271 336 et
1300 288 1547 348 suffocata⁵
1573 287 1631 336 de
1651 306 1748 336 non
1765 289 1844 337 ad·

146 369 390 418 mittendis
420 368 478 416 ad
498 385 675 415 sacram
698 366 1057 415 Ordinationem
1085 365 1332 431 neophytis
1359 373 1407 413 et
1433 366 1654 429 bigamis,
1690 366 1749 414 de
1778 367 1845 412 si·-

144 447 293 495 lentio
304 446 553 498 mulierum
570 445 619 491 in
633 444 849 503 Ecclesia7
866 444 923 491 de
938 442 1141 495 velando
1153 441 1427 489 earumdem
1451 442 1627 507 capite,
1652 441 1845 508 aliaeque

145 521 396 586 ejusmodi,
423 539 529 568 cum
559 520 794 569 essentiali
824 519 1033 568 Ecclesiae
1075 518 1438 578 constitutione,
1482 527 1563 565 aut
1593 518 1685 566 fide
1714 519 1852 567 chri-

144 598 325 646 stiana?
346 598 397 645 Id
420 599 576 665 ipsum
601 597 781 645 dicatur
801 596 860 645 de
880 595 1171 661 poenitentiis
1188 594 1445 654 canonicis,
1466 595 1620 642 seculo
1638 597 1852 644 Ecclesiae

143 675 350 723 secundo
377 674 592 734 labente7
628 684 708 721 aut
739 674 873 720 initio
908 671 1049 718 seculi
1089 671 1153 717 ΙΙΙ
1176 706 1189 730 7
1221 668 1280 717 ab
1310 669 1507 718 Ecclesia
1547 674 1844 739 praescriptis.

144 753 255 811 Quae
280 752 402 816 leges
433 753 472 798 si
499 751 710 798 Ecclesiae
748 747 1068 796 constitutioni
1106 746 1417 794 essentialiter
1452 758 1850 797 connecterentur

144 837 192 876 et
217 829 327 876 fidei
347 828 584 876 catholicae
605 864 617 887 ,
645 826 775 874 nulla
794 842 1005 890 unquam
1031 824 1139 872 data
1162 824 1325 882 fuisset
1345 823 1404 871 ab
1432 824 1633 873 Ecclesia
1662 825 1851 892 dispen-

146 904 262 952 satio
283 941 295 964 ,
325 905 478 952 multo
505 921 617 952 vero
643 903 798 949 minus
833 901 1069 965 abrogatae
1096 901 1296 948 fuissent
1324 902 1418 967 (l).

211 981 322 1028 426.
358 981 430 1028 Ad
463 981 559 1040 2¹¹³,
596 978 718 1044 Ney.
752 980 982 1044 Componi
1010 978 1139 1025 enim
1169 978 1336 1044 nequit
1364 979 1604 1041 ejusmode
1634 978 1851 1027 doctrina

146 1065 227 1104 aut
254 1074 360 1104 cum
397 1056 546 1104 allatis
588 1056 760 1103 Christi
788 1064 835 1103 et
867 1054 997 1102 Pauli
1032 1054 1217 1113 verbis‚
1257 1062 1340 1102 aut
1372 1071 1480 1103 cum
1518 1056 1853 1122 Apostolorum

145 1134 280 1199 praxi
297 1169 310 1192 7
334 1150 359 1179 a
387 1132 555 1198 quibus
585 1131 694 1180 solis
717 1131 930 1179 ordinata
950 1141 1020 1179 est
1040 1131 1283 1198 disciplina
1301 1168 1314 1193 ‚
1344 1132 1476 1180 nullo
1499 1149 1689 1198 prorsus
1711 1133 1849 1181 adhi-

143 1208 243 1256 bito
273 1209 542 1274 Principum
570 1208 801 1268 subsidio,
836 1209 984 1256 immo
1010 1208 1385 1274 repugnantibus
1412 1210 1685 1257 immaniter
1707 1208 1850 1257 seculi

143 1285 468 1351 potestatibus.
489 1287 718 1351 Componi
737 1295 961 1352 praeterea
981 1286 1146 1351 nequit
1168 1303 1275 1333 cum
1299 1285 1510 1335 adductis
1535 1288 1729 1335 Patrum
1751 1296 1848 1335 tes-

143 1363 378 1424 timoniis,
396 1362 563 1428 quibus
585 1362 825 1425 adjicimus
842 1363 886 1410 S.
900 1362 1229 1422 Athanasium,
1247 1364 1310 1410 sic
1327 1363 1697 1428 interrogantem
1721 1366 1847 1412 Con-

142 1441 403 1487 stantinum
439 1441 776 1504 Imperatorem
816 1457 826 1486 z
873 1440 1199 1503 Quandonam
1237 1440 1466 1488 Ecclesioe
1498 1443 1739 1489 decretum
1784 1443 1848 1489 ah

144 1516 440 1579 Imperatore
459 1519 642 1580 aceepit
665 1519 998 1563 auctoritatem
1018 1515 1118 1580 (2)?
1145 1519 1191 1564 S.
1213 1518 1242 1563 J
1245 1534 1354 1564 oan.
1374 1518 1715 1566 Damascenum
1732 1557 1743 1579 7
1767 1521 1848 1585 qui

142 1591 212 1638 ita
234 1591 486 1657 alloquitur
505 1593 708 1640 Leonem
730 1594 983 1640 Isauricum
1005 1611 1015 1639 :
1050 1594 1169 1641 Tibi
1176 1595 1463 1657 parebimus
1478 1630 1491 1655 ,
1516 1611 1541 1641 0
1558 1596 1847 1658 Imperator,

142 1671 198 1713 in
223 1667 299 1714 his
315 1704 327 1726 7
352 1685 458 1731 qzcoe
489 1670 557 1714 ad
582 1669 732 1731 hvgjus
765 1670 914 1716 seculi
941 1672 1127 1734 negotia
1141 1674 1452 1733 pertinent...
1484 1671 1663 1719 Verum
1686 1674 1751 1720 ad
1772 1691 1848 1721 res

141 1744 368 1792 Ecclesiae
398 1746 676 1792 statuendas
705 1753 930 1809 pastores
961 1747 1218 1802 habemus,
1251 1751 1343 1810 qui
1372 1748 1511 1795 nobis
1542 1750 1741 1797 verbum
1787 1755 1847 1797 lo-

140 1829 390 1883 quuntur,
419 1830 559 1884 atque
580 1824 803 1870 instituta
828 1823 1143 1870 ecelesiastica
1167 1824 1487 1871 tradiderunt
1505 1824 1591 1889 (3).
1618 1827 1846 1891 Componi

143 1895 345 1962 denique
374 1897 538 1961 nequit
558 1914 665 1944 cum
700 1899 754 1945 iis
772 1934 785 1958 ‚
818 1916 922 1963 quae
951 1900 1003 1945 in
1029 1899 1315 1948 oecumenico
1349 1900 1556 1947 Concilio
1589 1901 1847 1951 Chalcedou

143 1974 279 2020 nensi
305 1973 366 2020 ad
391 1976 549 2021 Patres
569 1973 688 2021 dixit
706 1976 970 2022 Marcianus
987 1977 1249 2041 Imperator
1275 1994 1286 2022 z
1310 1978 1555 2024 ,Decorum
1576 1987 1691 2025 esta
1715 1980 1846 2026 vohis

197 2127 251 2178 (Ι)
283 2127 330 2167 Ut
354 2130 511 2181 quisque
539 2130 673 2167 certior
712 2142 840 2167 eorum
865 2130 953 2177 fiat,

146 2205 227 2243 quae
254 2193 315 2232 hic
336 2197 530 2233 asserimus
551 2224 562 2243 ,
584 2196 668 2233 satis
688 2196 721 2233 ei
740 2196 808 2233 erit
829 2195 956 2234 oculos

147 2255 326 2309 conjicere
348 2261 388 2298 in
420 2260 581 2299 indicem
608 2263 770 2311 capitum
801 2268 883 2299 octo
907 2261 957 2299 li-

145 2321 298 2361 brorum
329 2323 456 2363 Const.
484 2324 743 2378 Apostolicar.
769 2327 868 2378 apud
884 2326 957 2365 Co-

147 2388 334 2437 telerium‚
358 2397 450 2430 tom.
475 2405 501 2430 1.
526 2392 570 2430 In
594 2392 667 2431 illis
686 2392 954 2445 deprehendet,

145 2455 343 2493 innumera
359 2468 471 2509 prope
492 2460 632 2497 sancita
648 2458 784 2506 fuisse,
806 2472 888 2512 quae
911 2457 959 2497 ad

146 2519 377 2559 essentialem
388 2520 558 2561 Ecclesiae
567 2520 868 2563 constitutionem
880 2538 961 2577 per-

144 2588 261 2626 tinere
279 2618 289 2635 ‚
321 2594 422 2626 anta
451 2587 526 2626 fide
549 2589 746 2629 christiana
770 2591 958 2643 insepara-

143 2650 234 2690 bilia
255 2665 331 2691 esse
348 2666 458 2692 nemo
477 2654 549 2692 nisi
560 2668 686 2695 amens
703 2656 956 2697 affirmaverit.

144 2717 323 2770 Exemplo
340 2727 446 2758 sunto
463 2733 510 2758 ex
524 2719 592 2759 lib.
609 2733 623 2759 1
638 2751 648 2770 ,
664 2734 744 2774 cap.
758 2734 820 2768 111,
835 2734 873 2760 vr
887 2751 898 2769 ‚
915 2735 958 2772 x;

144 2796 189 2822 ex
211 2783 281 2824 lib.
297 2797 348 2833 ιι,
379 2799 460 2837 cap.
484 2798 533 2824 xx
552 2816 562 2833 ,
578 2799 645 2825 xxi
664 2815 675 2833 ‚
694 2803 762 2826 xxv
784 2816 796 2836 ,
820 2800 955 2837 xum,

144 2860 247 2887 xxxv
268 2878 282 2899 ,
315 2858 389 2890 etc.
435 2849 593 2904 quorum
628 2852 803 2907 pleraque
837 2862 954 2894 tractu

143 2918 316 2967 temporis
336 2915 471 2956 abolita
490 2926 591 2957 sunt.

199 2981 250 3034 (2)
279 2980 371 3021 Πᾶτε
401 2981 471 3038 wip
499 2983 612 3037 κρίσις
631 2982 831 3030 bozano-iae.
852 2987 951 3039 πικροὶ

1023 2127 1202 2176 βασιλέως
1228 2127 1317 2180 ’ἔα-χε
1348 2127 1393 2169 τὲ
1423 2129 1539 2184 κόρος.
1570 2131 1613 2169 In
1642 2134 1705 2171 cit.
1727 2134 1847 2173 Hist.

1025 2194 1172 2234 Arian.
1194 2210 1235 2234 n.
1263 2195 1331 2245 52,
1360 2211 1442 2249 pag.
1470 2194 1564 2248 376.

1082 2261 1135 2314 (3)
1169 2262 1273 2302 Orat.
1304 2276 1358 2314 ιι,
1385 2262 1444 2302 De
1478 2265 1645 2316 imaqin.
1677 2279 1720 2304 n.
1746 2278 1803 2303 xn
1829 2279 1842 2303 ε

1024 2326 1222 2380 Υπείκομέν
1246 2346 1300 2369 σ-οι
1314 2358 1324 2377 ,
1344 2326 1369 2368 οἷ
1388 2334 1544 2376 βασιλεῦ’
1558 2360 1568 2380 ‚
1590 2330 1620 2369 ἐν
1638 2330 1713 2372 τοῖς
1738 2330 1848 2370 zaro?

1025 2391 1080 2432 ‘teir
1106 2394 1180 2441 βίον
1205 2392 1403 2447 πράγμασι
1419 2426 1430 2445 ,
1450 2396 1479 2434 ἰν
1500 2393 1549 2434 δὲ
1573 2401 1619 2451 τῇ
1652 2397 1847 2441 ἐκκλησια-

1026 2463 1134 2513 orm?
1152 2459 1404 2510 καταστάσει,
1438 2457 1568 2512 ’ἔχομεν
1594 2459 1674 2503 ‘rotis
1712 2461 1844 2513 ποιμέ-

1027 2541 1105 2574 ηις,
1128 2523 1209 2568 rotis
1234 2524 1472 2571 λωλῆσ-οιντοις
1504 2528 1585 2578 ἡμῖν
1617 2525 1674 2567 τὶν
1703 2525 1810 2576 λέγειν
1832 2559 1843 2579 ‚

1027 2589 1088 2629 καὶ
1102 2590 1338 2637 τυπάνων-αις
1350 2591 1411 2637 rn'v
1435 2592 1737 2639 ἔκκλησιοιστικῆν
1751 2598 1844 2634 Sco·-

1025 2657 1219 2706 pcoSea-lar.
1248 2658 1336 2700 Vid.
1363 2674 1451 2712 opp.
1486 2660 1576 2700 edit.
1613 2660 1663 2698 Le
1689 2661 1812 2708 Quien
1829 2687 1841 2709 ⁷

1024 2729 1116 2763 tom.
1144 2726 1186 2772 i,
1222 2740 1305 2779 pag.
1347 2724 1439 2765 336.
1474 2725 1600 2765 Plures
1626 2727 1715 2764 alias
1740 2727 1841 2778 ejus·

1008 2789 1127 2828 ‘modi
1148 2790 1186 2829 S.
1210 2790 1319 2830 Joan.
1339 2790 1557 2831 Damasceni
1577 2794 1616 2830 in
1640 2792 1738 2829 hanc
1759 2804 1837 2828 rem

1024 2858 1222 2896 sententias
1266 2860 1305 2895 in
1343 2858 1423 2896 hoc·
1446 2858 1576 2897 eodem
1617 2856 1841 2910 paragrapho

1024 2919 1172 2961 videsis.
