2028 3354
1680 188 1770 236 123

468 208 590 239 PART.
629 207 661 236 1.
700 209 794 239 CAP.
832 208 898 238 111.
938 210 991 237 DE
1026 207 1237 239 ECCLESIAE
1269 206 1408 239 NOTIS.

160 321 269 369 211.
306 322 375 369 Ad
403 323 467 369 8¹¹²
487 359 500 382 ‚
533 325 656 371 Dist.
681 324 842 371 Unitas
868 324 1056 371 actualis
1079 324 1345 371 materialis
1373 339 1468 370 non
1487 321 1692 387 pertinet
1712 321 1771 368 ad

99 398 302 446 Ecclesiae
331 400 574 446 essentiam
596 436 608 458 „
641 408 790 448 trans.
803 418 819 455 ;
833 403 1087 464 formalis,
1114 418 1216 465 neq.
1237 401 1398 465 Neque
1425 398 1514 445 alio
1535 414 1672 454 sensu
1696 414 1771 444 ca-

95 473 254 522 tholici
285 474 485 538 theologi
510 476 556 523 id
585 477 804 523 fatentur.
846 477 1129 525 Materialem
1167 493 1306 541 porro
1335 474 1612 523 divisionem
1643 472 1772 520 illam

97 567 227 609 voco,
248 568 349 615 quae
369 552 599 598 enascitur
617 570 670 598 ex
692 552 1108 600 concertationibus
1131 550 1517 614 tumultibusque7
1539 550 1618 615 qui
1640 549 1776 598 iden-

96 624 238 671 tidem
275 627 461 673 excitari
492 629 551 674 ad
582 635 765 692 tempus
794 637 987 691 possunt
1025 626 1278 691 peculiares
1303 626 1428 672 inter
1454 625 1665 673 ecclesias
1697 634 1776 672 aut

94 700 326 765 praelatos,
356 711 436 749 aut
465 703 644 766 privata
674 703 811 749 etiam
845 701 1085 749 individua
1119 701 1177 747 ad
1215 702 1454 760 invicem,
1511 700 1659 748 donec
1693 719 1776 766 per

93 775 297 823 solemne
318 777 542 839 judicium
569 777 758 842 quaestio
788 777 1021 841 dirempta
1041 777 1206 835 fuerit,
1238 777 1349 823 dum
1372 785 1534 823 tamen
1558 777 1646 823 ista
1665 795 1775 841 per-

95 860 211 914 gunt
234 854 570 899 communicare
592 869 695 899 cum
725 852 937 902 universa
973 853 1201 912 Ecclesia3
1236 852 1481 900 formalem
1511 869 1619 903 vero
1647 852 1774 900 divi-

96 927 272 972 sionem
307 927 514 992 appello,
547 943 635 991 qua
674 926 825 991 aliqua
855 927 1125 986 individua7
1159 929 1255 976 sive
1282 928 1490 976 Ecclesiae
1524 927 1776 991 singulares

95 1000 301 1049 volentes
319 1003 601 1066 scientesque
619 1000 677 1048 ab
693 1003 898 1051 Ecclesiae
921 1004 1155 1051 catholicae
1175 1014 1256 1051 aut
1273 1022 1298 1052 a
1317 1005 1516 1054 Romani
1540 1005 1775 1052 Pontificis

56 1073 60 1077 ’
95 1077 418 1122 communione
439 1093 486 1123 se
502 1076 808 1139 subtrahunt,
829 1087 880 1125 ut
897 1080 946 1125 in
962 1089 1106 1128 coetus
1130 1085 1295 1128 coeant
1319 1080 1470 1128 eidem
1492 1081 1745 1128 contrarios
1762 1118 1774 1141 7

96 1159 174 1196 aut
200 1151 393 1197 solemni
423 1152 594 1212 judicio
634 1152 694 1199 ab
733 1154 929 1201 Ecclesia
966 1165 1076 1202 sunt
1106 1166 1335 1220 separata.
1373 1157 1453 1203 Isti
1494 1174 1633 1221 porro
1670 1174 1776 1205 cum

96 1233 222 1271 extra
243 1226 449 1273 Ecclesiae
472 1229 699 1275 unitatem
718 1229 813 1276 sint
837 1231 1103 1293 constituti,
1128 1250 1223 1278 non
1247 1232 1494 1279 Ecclesiam
1525 1232 1746 1280 scindunt
1763 1271 1776 1292 a

96 1298 175 1346 sed
198 1301 283 1365 ipsi
316 1301 374 1349 ab
407 1303 603 1351 Ecclesia
634 1305 755 1352 scissi
779 1314 889 1352 sunt
917 1306 1002 1371 (l).
1036 1307 1171 1367 Quod
1199 1325 1309 1356 vero
1338 1308 1579 1373 speciatim
1604 1310 1665 1356 ad
1695 1311 1778 1357 Ni-

93 1374 261 1422 colium
297 1378 489 1440 attinet,
530 1384 626 1442 ejus
662 1384 934 1429 auctoritate
968 1400 1064 1430 non
1099 1400 1373 1442 1novemur3
1409 1386 1623 1449 quamvis
1651 1386 1777 1433 enim

93 1449 215 1498 illius
245 1470 359 1517 opus
384 1455 456 1502 De
478 1461 663 1502 unitate
692 1458 915 1505 Ecclesiae
946 1460 1101 1522 magni
1129 1459 1391 1506 faciendum
1420 1462 1504 1521 sit,
1535 1478 1586 1509 ea
1617 1469 1777 1509 tamen

94 1524 352 1574 identidem
382 1529 431 1575 in
457 1530 537 1576 illo
562 1532 796 1578 interserit
815 1569 827 1592 ,
865 1549 965 1598 quae
992 1535 1202 1582 factionis
1231 1536 1542 1598 jansenisticae
1585 1555 1666 1585 seu
1693 1556 1778 1603 ap·

90 1600 367 1664 pellentium
387 1604 566 1670 placitis
591 1606 806 1667 faveant,
832 1609 890 1655 de
918 1627 1117 1674 quorum
1146 1629 1280 1675 grege
1306 1612 1405 1677 ipse
1431 1622 1530 1661 erat
1554 1612 1642 1677 (2).

143 1739 199 1792 (l)
239 1743 336 1782 Bene
372 1745 447 1783 huc
482 1748 687 1798 quadrant,
728 1763 811 1801 quae
852 1751 898 1790 de

88 1806 277 1847 Marcione
301 1813 442 1862 scripsit
467 1811 506 1850 S.
548 1813 760 1865 Epiphanus
777 1845 787 1862 ,
820 1816 899 1854 hae-

87 1885 159 1911 res.
177 1887 263 1922 xm,
281 1876 369 1915 edit.
389 1875 514 1915 Petav.
539 1886 631 1917 tom.
647 1893 676 1926 ι,
695 1894 777 1932 pag.
790 1881 868 1919 303
886 1890 896 1914 ἔ

88 1937 257 1981 Ζηλῶσας
287 1939 427 1991 λοιπὸν,
462 1940 523 1982 και)
561 1947 609 1986 εἷς
636 1943 800 1993 μέγαν...
837 1944 899 1987 και)

92 2002 205 2041 εἰπών·
244 2001 296 2043 ’ἔτι
340 2005 410 2054 eya}
448 2006 565 2057 σχίσω
601 2006 662 2054 τὼ
710 2012 899 2056 ἐκκλησίαν

89 2068 203 2119 cpias«,
224 2068 286 2109 nal
304 2065 574 2127 βριλᾶἷσ-χίσ-μοι
596 2077 625 2114 ἐν
653 2077 746 2121 otia->7
773 2081 820 2120 εἷς
843 2076 900 2118 rit

90 2136 209 2173 αι’ὤιοι·
245 2137 288 2178 ῶς
316 2137 468 2183 ‘tainu-&ii
493 2139 558 2191 μὲν
592 2139 741 2192 σχίσμα
770 2141 898 2191 ’ἔβαλεν

92 2199 128 2236 ου’
145 2198 286 2253 alapis,
304 2199 411 2248 οὗτῆὶ
434 2205 624 2250 {annno-[xv
639 2205 793 2257 σ-χῖσ-αις,
816 2210 901 2249 ἀλλ’

92 2262 209 2303 ἑαυτὸ
231 2266 292 2307 καὶ
312 2267 392 2311 γοδς
407 2272 498 2323 κᾶν-ῳ
514 2269 747 2315 πεισθέντας.
759 2274 800 2313 Id
811 2284 865 2314 est
884 2289 895 2314 ε

85 2326 176 2365 ΙΙΙε”
188 2331 393 2384 (Marcion)
416 2337 674 2376 vehementius
690 2341 896 2380 excandes-

86 2405 218 2433 cens...
246 2403 280 2434 ee
312 2398 526 2440 Ecclesiam
549 2432 561 2450 ‚
609 2404 668 2441 ait
689 2433 700 2452 ,
732 2413 894 2445 vestram

88 2471 152 2509 eqo
184 2459 392 2502 dissociabo
419 2495 430 2513 ‚
465 2468 509 2505 in
541 2482 696 2520 eamque
731 2471 895 2511 schisma

86 2526 359 2576 sempiternum
381 2529 597 2571 immittam.
628 2533 742 2586 Quod
763 2536 828 2576 ille
840 2553 897 2577 re-

86 2602 176 2627 vera
214 2604 282 2630 nec
321 2593 505 2634 mediocre
531 2597 683 2648 quidem
723 2602 857 2655 injecit
882 2634 893 2653 ‚

86 2667 166 2692 non
185 2657 242 2695 ita
269 2664 396 2696 tamen
422 2666 465 2697 ut
490 2659 727 2715 Ecclesiam,
759 2669 824 2705 sed
842 2678 890 2708 ut
922 2687 927 2690 *

86 2732 124 2756 se
141 2722 273 2771 potius
296 2735 342 2759 ac
365 2736 453 2762 suos
477 2725 721 2769 discinderet.

143 2784 197 2836 (2)
223 2786 263 2825 Id
286 2796 383 2839 patet
408 2803 455 2828 ex
480 2792 594 2843 ipsius
618 2793 738 2833 verbis
762 2810 806 2835 ex
826 2800 890 2838 cit.

87 2856 192 2889 tract.
227 2850 300 2891 lib.
337 2867 392 2902 ιι,
420 2856 477 2894 ch.
508 2870 553 2895 10
580 2872 592 2897 ε
623 2856 894 2902 Secondement

30 2968 34 2972 ἱ
85 2913 118 2951 il
131 2921 185 2952 est
201 2919 405 2958 necessaire
417 2920 462 2959 de
475 2926 713 2964 reconnattre
726 2940 782 2965 un
790 2930 892 2980 juqe

84 2992 264 3021 commun
287 2985 425 3037 auquel
455 3000 505 3027 on
522 3002 560 3029 se
584 2999 759 3043 rapporte
788 2993 834 3033 de
847 3008 889 3034 ce

965 1752 1168 1806 differenti,
1194 1756 1263 1805 qui
1284 1762 1336 1793 est
1360 1753 1393 1792 le
1414 1754 1571 1794 Concile
1589 1757 1745 1808 qeneral
1764 1788 1774 1803 ,

963 1832 1003 1855 ce
1016 1820 1085 1868 qm·
1101 1819 1272 1870 empeclze
1298 1833 1368 1871 que
1391 1819 1428 1869 la
1445 1820 1615 1859 division
1634 1836 1682 1860 ne
1705 1826 1778 1862 soit

963 1884 1104 1922 entier-e
1117 1897 1135 1931 ;
1154 1886 1320 1936 picisque
1350 1898 1447 1924 ceux
1476 1888 1570 1938 qui,
1592 1891 1697 1925 etant
1729 1904 1777 1928 en

964 1949 1133 1988 division
1152 1963 1221 1987 sur
1233 1951 1387 2003 quelque
1395 1955 1510 2003 point
1531 1983 1541 2001 ,
1565 1964 1777 1994 convenam

965 2016 1192 2053 neanmoins
1219 2016 1313 2054 d'un
1326 2019 1424 2070 juqe
1454 2016 1661 2069 commun,
1693 2028 1778 2059 som

967 2082 1056 2118 unis
1082 2081 1291 2120 reellemem
1319 2097 1397 2135 par
1417 2083 1654 2124 l'obeissance
1677 2093 1712 2124 el
1737 2086 1775 2124 la

965 2146 1193 2185 somm'ssion
1226 2148 1250 2186 ὰ
1279 2162 1320 2187 ce
1341 2150 1454 2202 juqe.
1482 2149 1591 2201 Quod
1622 2152 1775 2201 quidem

964 2214 1184 2264 principium
1204 2215 1243 2251 in
1262 2229 1368 2253 sensu
1382 2219 1539 2255 auctoris
1551 2229 1679 2253 verum
1693 2230 1774 2253 om-

964 2278 1054 2316 nino
1075 2291 1152 2316 non
1173 2287 1239 2334 est.
1259 2279 1390 2318 Peccat
1418 2289 1589 2332 praeterea
1612 2280 1775 2320 Nicolius

964 2344 1004 2380 in
1030 2345 1273 2396 applicatione
1294 2375 1305 2393 ,
1339 2346 1429 2383 dum
1456 2349 1626 2393 censuit,
1652 2347 1775 2387 adhuc

963 2410 1139 2458 pertinere
1160 2412 1319 2461 potuisse
1339 2413 1556 2465 jansenistas
1576 2412 1624 2451 ad
1645 2412 1773 2452 Eccle-

963 2475 1021 2513 siae
1044 2479 1225 2515 unitatem
1246 2506 1259 2529 ,
1285 2480 1453 2531 quamvis
1477 2493 1498 2517 a
1519 2493 1615 2518 rom.
1645 2479 1772 2519 Ponti-

964 2539 1032 2580 fice
1060 2544 1259 2595 proscripta
1285 2544 1395 2582 fuerit
1423 2558 1551 2583 eorum
1577 2545 1742 2591 doctrina
1759 2577 1769 2595 ‚

962 2606 1157 2646 accedente
1193 2610 1301 2647 totius
1333 2609 1503 2649 Ecclesiae
1545 2625 1727 2650 consensu
1759 2641 1770 2660 ‚

960 2670 1073 2722 idque
1094 2673 1162 2711 sub
1181 2674 1336 2713 obtentu
1360 2675 1619 2727 appellationis
1636 2677 1682 2715 ad
1708 2678 1771 2715 fu-

961 2742 1086 2774 turum
1097 2736 1321 2787 Concilium.
1339 2739 1500 2792 Vapulat
1519 2743 1629 2780 etiam
1657 2741 1771 2780 Nico-

960 2801 1034 2838 lius
1059 2816 1079 2840 a
1103 2801 1208 2842 Petro
1236 2802 1432 2843 Ballerinio
1452 2808 1493 2843 in
1518 2809 1582 2846 cit.
1620 2806 1770 2858 Appen-

959 2865 1055 2912 dice,
1071 2881 1112 2906 n.
1142 2866 1189 2918 14
1206 2899 1216 2917 ,
1232 2866 1277 2907 in
1299 2884 1342 2908 eo
1366 2871 1466 2922 quod
1486 2871 1661 2918 affirmat,
1683 2878 1768 2909 'sen-

957 2933 1108 2971 tentiam
1123 2934 1163 2971 in
1183 2934 1359 2973 Acacium
1381 2943 1417 2974 et
1436 2939 1768 2976 communicatores

959 2995 1070 3036 latam
1102 3011 1179 3037 non
1211 3000 1324 3040 fuisse
1347 3000 1393 3040 ab
1416 3001 1590 3042 Ecclesiae
1620 3015 1770 3053 corpore
