2028 3354
215 190 307 238 122

666 204 818 235 TRAc'r.
854 204 908 233 m?-
945 205 1061 235 Locis
1097 205 1395 235 THEOLOGIGIS.

277 322 391 370 203.
430 319 635 367 Schisma
660 317 932 364 Acacianum
955 318 1130 382 pariter
1155 317 1396 383 personale
1418 315 1530 369 fuitz,
1568 324 1614 362 et
1629 350 1642 374 7
1668 314 1706 361 si
1733 315 1884 380 ipsum

190 458 191 461 ,
215 398 425 446 Acacium
455 393 681 458 excipias7
715 394 794 458 qui
830 392 880 438 in
912 392 1157 440 schismate
1185 393 1428 440 defunctus
1457 401 1551 451 est,
1586 394 1682 453 ejus
1705 406 1886 438 succes-

212 491 335 521 sores
375 469 651 535 Euphemius
694 478 741 516 et
778 466 1073 516 Macedonius
1106 467 1404 515 schismaticis
1440 468 1632 514 minime
1668 475 1780 512 sunt
1812 483 1888 513 ac·-

212 547 456 606 censendi7
486 545 697 611 quamvis
722 544 974 610 peculiares
1002 542 1060 590 ob
1088 560 1246 590 causas
1279 560 1450 590 nomen
1479 544 1623 590 Aeacii
1648 543 1842 589 minime
1864 559 1889 589 e

152 647 155 650 ⁴
212 623 405 689 diptycis
441 621 768 687 expunxerint.
805 620 994 667 Jamdiu
1020 628 1244 683 praeterea
1286 635 1457 664 nomen
1494 620 1626 664 Rom.
1658 618 1891 665 Pontificis

210 699 366 747 Felicis
391 697 555 744 iisdem
572 697 709 744 sacris
728 696 923 761 diptycis
939 731 951 755 7
976 713 999 741 a
1022 694 1189 758 quibus
1209 711 1291 759 per
1313 692 1630 740 incredibilem
1651 693 1889 740 audaciam

211 775 397 823 Acacius
422 772 677 820 abstulerat
696 809 708 832 7
730 774 879 819 fuerat
902 771 1186 818 restitutum.
1207 772 1324 816 Cum
1350 778 1510 815 tamen
1534 768 1719 815 Aeacius
1737 768 1895 833 plures

210 850 426 898 habuerit
453 849 653 895 fautores
670 885 682 908 7
704 849 749 895 S.
777 847 1046 895 Hormisdas
1060 882 1072 905 7
1096 855 1348 910 antequam
1374 845 1564 909 plenam
1582 860 1743 908 pacem
1759 843 1869 890 resti
1883 869 1895 877 -

214 936 369 975 tueret
391 923 706 973 Orientalibus
722 960 734 983 7
770 923 856 970 sub
883 923 1069 970 ,Iustino
1095 923 1150 969 iis
1168 921 1396 969 celebrem
1422 920 1673 967 formulam
1697 918 1896 965 subscri-

212 1003 418 1051 bendam
445 1001 690 1067 proposuit
709 1000 796 1064 (1).

276 1079 387 1126 209.
424 1079 644 1141 Magnum
662 1093 774 1125 vero
792 1075 988 1122 schisma
1007 1073 1289 1121 occidentale
1314 1071 1553 1118 materiale
1572 1071 1767 1117 omnino
1781 1069 1870 1116 fuit
1885 1102 1898 1127 7

212 1174 309 1204 non
343 1163 500 1202 autem
522 1156 605 1216 for
608 1155 758 1207 mle,-
792 1151 980 1215 singulae
1011 1150 1135 1197 enim
1167 1148 1470 1206 obedientiae7
1506 1147 1555 1192 in
1584 1154 1715 1192 tanta
1745 1161 1901 1192 rerum

211 1230 567 1316 perturbatione
605 1247 661 1294 pi
665 1227 923 1276 obab1l1bus
966 1227 1201 1273 rationum
1235 1223 1485 1271 momentis
1524 1222 1724 1278 innixae7
1764 1226 1902 1303 puta-

211 1307 329 1354 bant
364 1307 538 1353 sincera
572 1304 665 1352 fide
706 1304 912 1367 legitimo
940 1302 1150 1349 Pontifici
1183 1299 1358 1363 subjici.
1391 1299 1566 1346 Omnes
1597 1312 1736 1361 porro
1772 1295 1820 1339 in
1850 1310 1903 1339 eo

214 1381 582 1441 conveniebant,
602 1398 650 1427 se
668 1390 828 1427 centro
847 1379 1039 1425 unitatis
1067 1386 1281 1442 oportere
1309 1375 1554 1437 conjungi7
1581 1382 1635 1420 ut
1664 1372 1724 1418 ad
1744 1386 1904 1418 veram

216 1459 387 1507 Christi
411 1457 658 1505 Ecclesiam
676 1464 865 1521 possent
887 1454 1151 1520 pertinere3
1184 1470 1311 1500 error
1342 1452 1380 1497 si
1411 1451 1513 1514 quis
1534 1458 1634 1495 erat
1649 1485 1660 1506 7
1696 1445 1907 1494 versaba-

216 1545 294 1583 tur
315 1536 433 1582 circa
453 1550 723 1599 personam.
750 1533 853 1578 Una
876 1538 1123 1595 propterea
1148 1527 1345 1575 Ecclesia
1370 1526 1546 1589 absque
1565 1521 1909 1587 interruptione

215 1612 488 1678 permansit.
521 1610 695 1656 Verum
724 1608 782 1655 de
809 1608 898 1654 hoc
929 1605 1175 1653 schismate
1203 1604 1398 1651 inferius
1424 1603 1614 1648 iterum.

280 1687 394 1734 210
434 1685 505 1733 Ad
531 1684 631 1743 7¹³7
663 1684 756 1732 Ne
735 1702 783 1747 J
819 1683 1104 1729 illationem·
1095 1680 1336 1744 7alioquin
1367 1677 1559 1724 Ecclesia
1591 1673 1753 1722 fieret
1741 1672 1905 1719 invisi·-

219 1764 324 1810 bilis
340 1800 352 1822 7
381 1762 508 1827 quod
536 1777 690 1825 neque
714 1758 1004 1807 adversarius
1031 1756 1255 1803 admittit.

1096 1911 1171 1936 nus
1183 1897 1380 1936 caruerint
1395 1894 1657 1933 communione
1675 1890 1775 1929 sedis
1803 1888 1910 1940 Apo-

1096 1962 1449 2010 stolicoe.Observat‚
1462 1973 1567 2011 porro
1580 1966 1722 1997 tantum
1731 1956 1909 2002 abfuisse,

1099 2037 1139 2067 ut
1161 2028 1390 2080 Euphemius
1412 2034 1448 2063 et
1480 2025 1719 2063 Macedoniae
1747 2022 1909 2060 schisma

219 1906 351 1961 {Quam
375 1903 439 1956 μὲν
476 1911 540 1948 τῆς
574 1902 721 1946 οἷδῖκιόις
752 1901 812 1946 τὴν
846 1898 1028 1939 κοινωνίαν

221 1973 261 2014 rt}
279 1973 322 2013 δὲ
340 1972 404 2018 τῆς
435 1970 630 2015 ἐκκλησίαις
651 1973 710 2010 ουίι
731 1968 889 2022 {pcipe-oar
910 1971 1030 2017 σ-ἆῖμαι.

220 2041 263 2079 Id
299 2049 352 2079 est
388 2054 399 2078 ε
438 2037 702 2076 Orientalium
752 2049 840 2074 vero
878 2034 1032 2072 urbium

221 2120 336 2157 quam
358 2104 523 2157 plurimi
545 2102 847 2141 communionem
884 2099 1035 2151 quidem

223 2171 372 2209 sceleris
381 2170 752 2221 reficqerunt7corpus
764 2173 892 2204 tamen
905 2164 945 2203 Ε
947 2163 1037 2202 ccle-

223 2239 293 2275 siae
316 2235 613 2287 haudquaquam
638 2232 890 2272 disciderunt.

281 2302 335 2353 (1)
367 2302 447 2341 Csr.
462 2301 550 2339 Nat.
573 2299 677 2338 Alex.
700 2297 809 2336 Hist.
841 2295 931 2334 eccl.
953 2308 1034 2334 saec.

226 2382 248 2405 v
265 2398 276 2416 7
302 2376 373 2406 art.
403 2366 471 2414 16,
494 2367 540 2405 de
559 2366 755 2404 schismate
780 2361 908 2403 Aeacii
923 2391 934 2409 7
956 2369 1038 2398 tum

227 2434 369 2471 dissert.
397 2446 459 2471 xix
488 2440 525 2471 et
551 2446 596 2470 xx
628 2433 668 2469 in
691 2442 829 2478 scc.v;
857 2427 925 2466 cfr.
952 2440 1041 2478 prae-

226 2507 323 2537 terea
348 2496 584 2537 Bollandiani
602 2526 612 2544 7
650 2497 689 2533 in
710 2495 803 2534 Act.
833 2491 965 2530 Sanct.
992 2491 1040 2530 ad

229 2564 331 2601 diem
364 2576 401 2600 xv
437 2561 513 2600 Jul.
548 2568 637 2598 tom.
680 2573 707 2597 11
754 2557 876 2608 ejusd.
919 2569 1038 2594 mens.

230 2643 315 2679 pag.
338 2639 388 2665 22
418 2635 453 2664 et
474 2641 579 2679 seqq.
608 2627 648 2663 in
668 2627 744 2663 vita
768 2621 834 2662 SS.
870 2622 1038 2660 Flaviani

230 2702 265 2732 et
286 2693 376 2730 Eliae
395 2705 406 2742 ς
441 2705 509 2730 nec
536 2704 613 2729 non
639 2690 772 2729 Petrus
792 2680 1010 2727 Ballerinius
1026 2716 1037 2733 7

231 2761 271 2797 in
296 2756 513 2810 Appendice
536 2756 582 2795 ad
617 2754 637 2808 ξ
666 2769 679 2794 ι
705 2786 715 2803 ,
748 2769 829 2807 cap.
872 2767 912 2792 11
936 2783 947 2802 7
983 2750 1041 2791 De

231 2826 274 2863 vi
305 2831 342 2861 et
371 2823 519 2861 ratione
543 2825 768 2873 primatiae,
806 2819 873 2858 ubi
899 2820 972 2871 agit
996 2818 1043 2856 de

233 2888 374 2929 Sanctis
396 2887 519 2936 Viris,
550 2888 615 2939 qui
639 2887 842 2925 floruerunt
862 2887 901 2922 in
928 2883 1044 2921 schis-

234 2955 396 2996 matibus
419 2953 557 2992 Meletii
590 2952 813 2992 Antiocheni
848 2957 885 2989 et
922 2948 1045 2987 Aeacii

236 3020 634 3074 constantinopolitani
677 3033 687 3058 ι
713 3017 820 3060 Num
851 3024 884 3055 et
914 3021 1045 3067 quote-

1100 2095 1283 2140 foverint,
1320 2100 1361 2129 ut
1389 2091 1511 2142 potius
1543 2091 1645 2128 omni
1671 2089 1755 2125 nisu
1786 2087 1910 2123 conati

1101 2162 1175 2198 sint
1209 2155 1419 2209 apostolicae
1452 2154 1547 2192 sedis
1584 2150 1914 2195 communionem,

1101 2227 1245 2280 jamdiu
1258 2227 1403 2263 vivente
1416 2221 1547 2261 Acacio
1565 2223 1812 2270 interruptam
1826 2244 1840 2265 7
1861 2228 1913 2253 rc·

1103 2304 1247 2332 vocare.
1273 2289 1380 2341 Quod
1406 2290 1437 2326 si
1463 2300 1601 2325 nomen
1629 2285 1750 2324 Aeacii
1779 2296 1800 2320 a
1829 2282 1913 2332 dip-

1103 2359 1192 2410 tycis
1219 2370 1297 2394 non
1323 2360 1581 2406 expunxerunt
1597 2381 1607 2398 7
1645 2364 1722 2387 non
1748 2362 1790 2386 ea
1823 2347 1915 2384 ratio

1103 2416 1195 2469 fuit,
1221 2421 1321 2476 quod
1344 2426 1516 2459 nutarent
1544 2419 1584 2456 in
1613 2417 1710 2462 fide,
1745 2428 1810 2467 pro
1841 2426 1914 2465 qua

1103 2489 1212 2529 ambo
1238 2489 1377 2526 sortiter
1391 2486 1615 2524 dimicarunt
1632 2496 1644 2533 3
1660 2482 1723 2520 sed
1739 2480 1814 2519 aliae
1828 2479 1914 2516 fue-

1104 2560 1190 2594 runt
1211 2566 1328 2593 causae
1351 2550 1589 2604 particulares
1609 2578 1619 2595 7
1639 2559 1721 2599 quae
1741 2557 1806 2596 pro
1837 2539 1915 2592 ejus

1105 2621 1279 2672 temporis
1290 2626 1324 2656 et
1333 2618 1406 2656 loci
1417 2613 1699 2654 circumstantiis
1711 2609 1795 2647 satis
1806 2619 1918 2658 aequae

1104 2686 1236 2724 iisdem
1257 2683 1493 2722 videbantur.
1510 2679 1666 2717 Interim
1677 2687 1763 2713 vero
1779 2685 1917 2710 nomen

1105 2765 1198 2790 rom.
1230 2748 1419 2788 Pontificis
1452 2743 1586 2783 Felicis
1618 2739 1761 2793 jamdiu
1800 2737 1918 2775 fuerat

1107 2818 1263 2869 diptycis
1295 2815 1513 2853 restitutum.
1552 2807 1662 2845 Porro
1696 2804 1787 2857 quid
1830 2803 1918 2842 fecit

1110 2882 1272 2921 Ecclesia
1299 2878 1514 2930 anglicana,
1541 2881 1582 2911 ut
1615 2873 1657 2910 in
1683 2868 1918 2909 communio-

1115 2961 1202 2987 nem
1225 2946 1271 2986 ab
1301 2942 1457 2983 Ecclesia
1479 2939 1644 2978 Romana
1666 2937 1888 2987 reciperetur
1901 2933 1920 2967 ‘I

2016 1153 2028 1190 a«.
2012 883 2028 1137 <vmj=uaeaai⁵mnaunaeff
2025 845 2028 850 .
2022 824 2028 831 .
2022 779 2028 810 α-
2020 662 2028 762 «mi..-
2021 622 2028 642 ⁴.
2014 591 2028 611 .·ῖ
2011 571 2014 573 '
2019 547 2022 550 ⁴
