2028 3354
149 185 243 236 520

639 202 794 234 TRACT.
834 204 889 234 DE
923 202 1046 238 LOCIS
1078 203 1382 239 ‘mnotocrlcls-

150 317 419 383 dogmaticis
438 352 451 376 ,
484 324 566 363 aut
598 315 765 365 saltem
793 317 862 363 uti
895 316 1154 381 dogmatica
1181 331 1383 384 spectata
1416 340 1514 370 non
1544 321 1735 370 fuerunt
1757 322 1848 386 (l).

215 394 327 442 768.
369 392 440 439 Ad
483 391 570 450 4¹1¹,
613 393 740 439 Dist.
787 394 835 440 Si
878 403 1154 457 cogerentur
1193 396 1393 445 Concilia
1440 399 1499 446 ad
1546 399 1850 447 intrinsecam

150 469 396 536 pontificiis
433 468 704 533 dogmaticis
747 469 943 518 decretis
991 471 1088 517 vim
1128 471 1483 535 conferendam,
1523 492 1676 531 conc.;
1713 476 1754 522 si
1791 474 1851 522 ad

109 547 117 554 “
150 545 474 593 auctoritatem
514 547 823 593 extrinsecam
866 545 1200 608 adjiciendam,
1238 549 1302 595 ita
1347 552 1643 614 poscentibus
1686 568 1848 599 rerum

149 620 410 683 adjunctis,
450 639 552 687 neq.
591 622 871 687 Dogmaticae
909 624 1037 670 enim
1071 641 1189 671 rom.
1233 625 1507 674 Pontificum
1548 628 1849 676 definitiones

148 705 300 743 totam
327 697 424 746 vim
452 704 649 763 eamque
676 699 932 747 coactivam
955 715 1013 746 ex
1037 717 1086 747 se
1110 699 1315 761 habent,
1349 701 1466 750 adeo
1491 713 1545 750 ut
1573 721 1714 752 nemo
1742 720 1854 752 vere

151 772 404 821 catholicus
434 773 489 820 iis
522 774 748 821 obsistere
784 776 930 839 possit
963 784 1044 821 aut
1082 777 1318 840 refragari.
1353 779 1532 827 Verum
1567 797 1674 827 cum
1705 796 1855 828 nova-

150 857 276 897 tores
309 850 374 897 eis
410 859 705 897 contumaces
733 849 996 906 obsistunt,
1034 850 1193 898 turbas
1226 864 1450 914 movent,
1485 857 1696 903 incautos
1730 855 1857 903 deci-

154 924 320 990 piunt,
345 943 461 989 opus
489 934 712 990 praeterea
744 934 815 972 est
833 934 886 971 ut
910 926 1111 972 Concilia
1131 927 1371 975 interdum
1395 941 1740 992 convocentur,
1765 949 1857 998 quo

154 1019 213 1049 ex
248 1001 511 1048 multorum
565 1001 745 1048 collatis
786 1001 1014 1063 suffragiis
1061 1011 1205 1066 atque
1248 1004 1445 1053 solemni
1490 1008 1755 1056 adhaesione
1798 1008 1858 1056 ad

155 1078 446 1143 pontificiam
479 1077 806 1125 definitionem
832 1079 976 1140 magis
1001 1087 1207 1142 patescat
1232 1065 1601 1130 totius'Ecclesiae
1622 1084 1859 1133 catholicae

154 1154 299 1215 fides,
331 1171 385 1202 ac
418 1153 493 1203 vel
530 1164 828 1201 contumaces
872 1154 1050 1201 facilius
1085 1154 1144 1202 ad
1179 1156 1411 1203 unitatem
1441 1170 1747 1220 revocentur,
1784 1160 1860 1210 vel

161 1231 416 1278 solemnius
433 1248 596 1278 eorum
607 1231 864 1296 pervicacia
872 1230 1139 1279 damnetur.
1153 1232 1446 1297 Experientia
1463 1242 1622 1281 tamen
1638 1236 1859 1298 ostendit,

158 1324 236 1355 eos
276 1324 468 1365 omnes,
508 1308 588 1372 qui
631 1307 775 1355 fidem
819 1317 868 1354 et
909 1307 1247 1370 subjectionem
1293 1310 1541 1374 pontificiis
1590 1310 1860 1376 dogmaticis

161 1383 481 1431 sanctionibus
535 1383 858 1431 detrectarunt
889 1419 903 1442 ,
959 1383 1174 1432 eamdem
1223 1384 1503 1433 detrectasse
1553 1389 1862 1435 oecumenico-

159 1478 268 1508 rum
305 1460 619 1507 Conciliorum
646 1460 860 1507 decretis.
894 1461 1116 1519 Accedit,
1168 1463 1413 1509 Pontifices
1442 1463 1568 1528 ipsos
1609 1462 1868 1512 identidem

165 1536 393 1600 ejusmodi
422 1536 738 1584 Conciliorum
760 1537 1146 1585 convocationem
1161 1537 1432 1601 efflagitasse
1461 1548 1515 1586 ut
1537 1538 1747 1586 medium
1768 1539 1868 1586 ido-

165 1631 313 1662 neum
349 1613 409 1661 ad
442 1613 722 1679 quaestiones
749 1613 977 1679 implexas
1017 1631 1070 1662 ac
1107 1614 1318 1662 difficiles
1343 1615 1487 1661 tutius
1535 1614 1865 1663 discutiendas.

165 1691 260 1738 Nec
285 1693 412 1738 enim
436 1691 533 1739 sive
566 1708 685 1737 rom.
716 1691 954 1738 Pontificis
988 1681 1086 1741 sive
1121 1692 1316 1739 Concilii
1344 1693 1620 1740 oecumenici
1645 1691 1869 1739 infallibi-

165 1767 270 1814 litas
303 1766 509 1815 excludit
533 1767 685 1814 media
726 1767 784 1814 ad
816 1769 1066 1816 veritatem
1099 1767 1157 1816 de
1193 1786 1286 1833 qua
1313 1769 1465 1832 agitur
1502 1767 1868 1833 assequendam,

167 1843 369 1909 quippe,
397 1852 450 1889 ut
474 1843 584 1890 alias
613 1843 842 1905 diximuS,
870 1861 968 1891 non
999 1862 1084 1909 per
1113 1845 1307 1892 modum
1335 1845 1475 1892 infusi
1505 1845 1650 1903 doni,
1676 1843 1758 1890 sed
1784 1859 1869 1908 per

168 1919 364 1967 modum
388 1919 592 1985 praesidii
607 1955 620 1978 ,
649 1920 746 1968 sive
768 1929 820 1966 ut
839 1920 971 1967 aiunt
993 1922 1309 1976 adsistentae'oe,
1336 1923 1457 1968 Deus
1480 1919 1612 1967 illam
1635 1919 1866 1984 promisit.

238 1996 348 2045 769(
395 1995 501 2059 Obj.
536 1997 691 2044 tertia.
722 1998 772 2043 10
799 1996 1009 2044 Christus
1034 1996 1416 2044 infallibilitatem
1443 1995 1639 2043 contulit
1663 1993 1872 2042 Ecclesiae

172 2074 404 2123 universae
420 2093 434 2134 ς
453 2091 561 2138 ergo
590 2074 649 2120 ab
670 2091 722 2121 ea
745 2076 882 2124 unice
911 2083 981 2122 est
1008 2073 1294 2140 exquirenda
1320 2090 1427 2123 vera
1449 2072 1563 2121 fides
1579 2109 1593 2132 ,
1621 2081 1669 2119 et
1694 2070 1753 2118 ab
1772 2073 1870 2132 ejus

228 2260 282 2314 (1)
312 2259 387 2299 cfr.
402 2273 487 2313 quae
500 2260 545 2299 de
557 2260 628 2299 hoc
640 2269 857 2313 argumento
871 2262 987 2313 scrip-

178 2327 295 2366 simus
316 2328 357 2364 in
373 2333 476 2365 tract.
493 2324 551 2364 De
567 2323 745 2366 Sacram,
766 2328 813 2364 in
831 2339 988 2377 ywere,

178 2407 261 2445 cap.
288 2392 312 2430 3
328 2422 339 2440 ,
365 2406 472 2444 prop.
493 2406 531 2440 1,
552 2406 590 2430 n.
618 2392 992 2433 121.Ce1erumhuie

181 2461 294 2499 etiam
311 2458 519 2497 difficultati
535 2468 659 2510 aptare
671 2473 878 2511 possumus,
890 2459 991 2512 quod

178 2523 240 2563 Cl.
262 2522 395 2562 Comes
408 2523 464 2562 De
479 2524 626 2564 Maistre
645 2525 892 2578 respondebat
908 2525 991 2564 Bos-

180 2600 283 2631 sueto
309 2604 321 2630 e
349 2591 511 2629 Bossuet
540 2591 679 2630 veut-il
705 2604 803 2630 nous
825 2605 994 2644 prouver

181 2657 222 2695 la
241 2660 449 2695 nouveaut&
465 2656 508 2693 de
529 2663 620 2699 cette
636 2657 805 2695 doctrine
824 2658 835 2707 (
849 2658 893 2695 de
908 2655 993 2695 l'in-

181 2722 381 2761 faillibilite
394 2723 432 2773 )‘?
469 2722 580 2775 Qn’il
609 2736 704 2759 nous
735 2723 890 2773 assiqne
918 2735 992 2761 une

183 2790 324 2840 bpoque
348 2787 393 2825 de
420 2784 604 2838 I'quise,
636 2787 687 2824 οὐ,
715 2785 767 2824 les
800 2786 992 2825 denisium

182 2852 443 2904 doqmatiqueo
466 2852 520 2890 du
545 2850 793 2904 Saint-Sibqe
814 2851 993 2891 n’dloient

176 2931 253 2971 pas
275 2918 338 2956 des
361 2917 431 2956 lois
448 2917 561 2970 2qu'il
578 2918 694 2970 efface
711 2924 796 2956 tom
812 2917 864 2957 les
878 2919 992 2957 &erite

181 2985 232 3022 oc
255 2982 290 3022 il
308 2997 332 3022 a
350 2979 497 3037 prono&
522 2983 555 3022 le
583 2984 775 3022 contraire
799 2995 890 3022 avec
916 2996 990 3022 unc

1057 2260 1206 2312 loyiqne
1232 2259 1471 2308 accablante,
1493 2271 1571 2297 nne
1585 2256 1783 2295 eruditiori
1797 2257 1874 2293 im-

1057 2339 1205 2374 mense,
1223 2339 1299 2364 nne
1316 2326 1512 2377 cloquence
1526 2336 1617 2362 sans
1633 2322 1759 2374 49a1e;
1773 2319 1877 2374 qw’il

1057 2404 1153 2429 nous
1176 2390 1335 2442 indique
1364 2396 1516 2428 surtont
1543 2388 1575 2426 le
1607 2387 1784 2427 tribunal
1804 2386 1877 2438 qui

1055 2458 1270 2495 examinoit
1293 2469 1352 2494 ces
1379 2455 1570 2493 decisione
1593 2462 1627 2492 et
1653 2455 1722 2507 qni
1746 2452 1799 2491 les
1812 2456 1874 2491 re-

1051 2522 1222 2574 formoz't.
1249 2521 1321 2561 Au
1343 2527 1454 2570 reste,
1482 2520 1545 2558 s'il
1569 2534 1669 2559 nous
1693 2518 1873 2566 ancorale,

1057 2588 1126 2627 s'il
1147 2600 1244 2626 nous
1266 2600 1413 2640 pronae
1428 2616 1438 2635 ‚
1471 2585 1533 2624 s'il
1555 2598 1654 2624 nous
1686 2585 1875 2622 demontre

1056 2668 1128 2707 que
1157 2654 1208 2692 les
1238 2654 1380 2692 decreta
1409 2653 1668 2704 doymatiques
1693 2650 1756 2689 des
1773 2646 1875 2687 Sou-

1056 2718 1406 2770 verains—Pontises
1436 2724 1501 2756 ont
1532 2719 1701 2770 toujours
1723 2714 1802 2766 fait
1821 2712 1877 2751 loi

1057 2784 1156 2823 dans
1176 2784 1362 2836 l'Eylise,
1388 2783 1612 2822 laissona-le
1635 2781 1717 2819 diro
1741 2792 1813 2831 que
1835 2777 1874 2817 la
1901 2787 1911 2795 “

1056 2849 1229 2888 doctrine
1247 2850 1293 2888 de
1305 2848 1589 2901 l’infaillibilite
1602 2853 1657 2886 est
1672 2843 1843 2884 nouvelle
1858 2872 1871 2893 ,

1055 2915 1235 2969 qu'est-ce
1247 2929 1319 2967 que
1335 2915 1414 2954 cela
1429 2925 1526 2953 nous
1537 2912 1644 2964 fait?
1658 2909 1732 2950 Du
1746 2908 1854 2963 Papo
1862 2936 1874 2955 ,

1056 2983 1123 3021 liv.
1147 2995 1160 3021 1
1177 3011 1188 3031 ,
1215 2982 1276 3021 ch.
1310 2994 1322 3019 ι
1343 3011 1354 3031 ‚
1382 2983 1423 3020 in
1445 2980 1536 3020 fine.
