2028 3354
172 180 268 228 294

671 198 829 227 TRACT.
867 198 921 226 DE
956 199 1076 228 LOCIS
1112 198 1409 230 THEOLOGICIS.

238 311 352 358 440.
391 310 462 358 Ad
489 309 555 356 3¹¹¹
572 344 585 367 ,
618 310 757 374 Resp.
783 308 1032 356 dicterium
1054 311 1281 373 ejusmodi
1302 330 1401 360 esse
1440 311 1650 360 Ecclesiae
1675 312 1871 375 injurio-

147 406 151 420 ¹
171 407 273 436 sum
293 425 305 448 ,
341 386 467 452 quod
488 386 619 434 nulla
646 387 828 434 ratione
850 386 908 433 ab
934 386 1210 435 adversariis
1231 392 1402 453 poterit
1426 390 1677 438 honestari.
1701 391 1874 438 Verum

173 467 258 513 etsi
299 464 517 524 daretur,
560 464 649 511 hoc
688 472 934 527 exurgeret
974 474 1303 528 argumentum
1348 485 1359 513 z
1405 467 1600 515 Ecclesia
1635 467 1876 514 interdum

123 579 127 581 v
171 541 314 588 abusa
335 549 407 587 est
428 550 661 606 potestate
689 539 977 604 legislativa:‚
1006 558 1114 604 ergo
1139 541 1261 587 hanc
1290 559 1387 589 non
1416 543 1585 604 habet,
1616 561 1769 608 neque
1790 544 1878 590 ha-

169 617 282 665 bere
318 616 477 664 debet.
521 619 635 676 Quae
672 617 866 683 quidem
910 618 948 664 si
988 617 1166 665 valeret
1205 620 1562 681 argumentandi
1599 620 1717 666 ratio
1740 656 1752 678 ,
1790 619 1878 666 hoc

172 695 348 759 pariter
380 693 563 741 institui
605 703 762 758 posset
796 702 1127 756 argumentum
1168 712 1178 739 :
1217 696 1427 742 Potestas
1462 695 1606 743 civilis
1639 696 1878 743 interdum

172 769 314 816 abusa
342 779 413 817 est
436 770 713 818 auctoritate
739 769 1025 834 legislativa3
1058 787 1165 834 ergo
1193 787 1296 817 eain
1323 788 1420 818 non
1452 769 1596 820 habet
1615 789 1767 838 neque
1785 773 1880 820 ha-

174 846 288 895 bere
314 845 478 894 debet.
504 847 669 894 Nescio
687 864 845 911 porro,
871 856 1033 893 utrum
1056 846 1143 893 hoc
1169 846 1373 912 politicis
1399 846 1619 895 arrideat.

153 916 158 919 ’
242 924 357 972 441.
396 924 533 982 Quod
568 941 681 972 vero
708 924 879 971 attinet
903 924 962 971 ad
975 927 1218 988 placitum
1254 929 1444 989 reyium
1468 925 1721 975 novissime
1748 926 1884 974 inve-

170 1011 305 1049 ctum
329 1000 586 1048 aulicorum
602 1001 792 1048 hortatu
813 1001 903 1065 (1),
926 1000 1047 1060 dico,
1074 1001 1192 1048 illud
1211 1000 1352 1066 plane
1373 1002 1602 1064 injustum
1626 1019 1753 1063 esse,
1776 1003 1884 1068 quia

175 1078 397 1143 Princeps
429 1078 563 1124 fieret
594 1095 651 1124 ex
695 1077 903 1124 Ecclesiae
944 1077 1040 1124 filio
1080 1095 1132 1124 ac
1174 1076 1361 1125 subdito
1406 1078 1614 1141 ejusdem
1642 1079 1791 1140 judex
1833 1096 1885 1126 ac

181 1150 400 1200 dominus
426 1189 438 1213 ,
479 1153 748 1219 arbiterque
787 1153 1102 1202 ecclesiasticae
1141 1153 1427 1219 disciplinae,
1474 1154 1672 1219 ideoque
1712 1155 1885 1203 limites

177 1229 422 1294 potestatis
445 1247 540 1277 suae
570 1229 993 1294 transgrederetur.
1028 1230 1151 1288 Quid
1182 1230 1393 1278 dicerent
1423 1230 1591 1290 aulici,
1625 1232 1661 1277 si
1686 1232 1884 1279 Ecclesia

174 1316 255 1354 aut
283 1323 506 1353 romanus
531 1306 745 1353 Pontifex
769 1305 916 1353 nollet
936 1307 1207 1371 Principum
1238 1306 1422 1354 decreta
1445 1307 1543 1356 vim
1570 1306 1767 1367 habere,
1793 1308 1881 1354 nisi

176 1383 306 1449 prius
335 1382 434 1446 ipse
460 1399 512 1430 ea
532 1381 803 1447 probasset,
832 1382 918 1428 sub
945 1382 1171 1443 obtentu,
1202 1381 1329 1447 quod
1355 1392 1547 1447 possent
1576 1400 1674 1431 esse
1700 1382 1885 1446 juribus

173 1459 490 1507 ecclesiasticis
515 1459 654 1505 noxia
674 1459 695 1504 ?
716 1459 820 1505 Non
850 1458 1108 1530 clamarent
1127 1494 1139 1517 ,
1176 1458 1422 1505 Ecclesiam
1445 1459 1531 1505 hac
1556 1460 1737 1506 ratione
1760 1459 1888 1507 inva-

173 1536 284 1583 dere
297 1538 404 1598 jura
423 1535 694 1600 Principum
705 1534 729 1581 ‘2
750 1535 1045 1600 Expericntia
1073 1534 1182 1581 satis
1206 1535 1435 1589 ostendit„
1456 1535 1650 1600 quinam
1671 1535 1887 1597 injician-

175 1623 252 1659 tur
284 1611 535 1678 compedes
572 1611 889 1659 ecclesiasticae
917 1611 1138 1676 potestati
1171 1629 1228 1657 ex
1255 1611 1486 1673 ejusmodi
1515 1609 1696 1676 placitis
1730 1610 1884 1674 regiis.

173 1688 413 1754 Principes
436 1687 679 1735 acatholici
700 1691 776 1750 jus
805 1687 963 1753 placiti
987 1688 1099 1752 regii
1124 1686 1210 1734 sibi
1238 1689 1415 1752 pariter
1448 1687 1745 1735 vindicarunt
1777 1687 1848 1750 (2)
1870 1707 1883 1745 ς

181 1878 341 1920 Antonii
360 1876 543 1927 Bianchi,
573 1878 656 1916 ord.
684 1877 781 1916 min.
806 1876 851 1916 de
877 1876 1001 1915 obser-

181 1947 328 1993 vantia,
359 1943 472 1984 Della
497 1945 644 1997 potesta
679 1958 699 1981 e
737 1942 834 1981 della
863 1941 1005 1995 politia

180 2011 279 2050 della
298 2010 430 2050 chiesa
446 2040 458 2060 ,
486 2020 578 2049 tom.
595 2024 636 2049 ιιι
653 2040 664 2060 ,
686 2009 757 2048 lib.
784 2023 797 2046 1
813 2039 823 2058 ,
855 2022 940 2061 cap.
966 2020 1001 2055 ι,

179 2076 262 2131 §6‚
287 2077 408 2117 Roma
435 2076 553 2130 1745.

235 2144 289 2196 (1)
328 2144 386 2182 Ex
412 2152 467 2183 tot
503 2142 794 2195 Imperatoribus
833 2148 869 2178 et
901 2139 1008 2177 Prin-

185 2210 330 2262 cipibus
353 2203 578 2248 'christianis
605 2238 615 2255 ‚
656 2209 720 2260 qui
757 2208 798 2244 in
836 2208 1008 2244 universo

185 2276 350 2325 mundo,
371 2275 418 2314 ab
432 2280 538 2314 aetate
554 2273 791 2313 Constantini
813 2272 862 2310 M.
883 2271 930 2310 ad
945 2283 1009 2309 sae-

183 2344 312 2383 culum
326 2357 445 2396 usque
476 2358 522 2381 xv
554 2349 783 2394 regnarunt,
817 2354 865 2379 ne
889 2354 1008 2378 unum

183 2412 337 2464 quidem
359 2413 541 2464 reperies,
573 2412 639 2463 qui
667 2409 826 2449 Concilii
854 2409 1009 2461 alicujus

185 2478 375 2516 decretum
417 2486 481 2517 aut
520 2477 821 2515 constitutionem
859 2476 1011 2527 pontifi-

186 2545 284 2581 ciam
301 2570 312 2591 ,
335 2541 391 2581 vel
407 2545 504 2582 circa
527 2542 720 2581 materiam
735 2542 1008 2594 disciplinarem

191 2617 356 2657 tantum,
374 2610 510 2660 placito
529 2611 627 2661 regio
644 2608 917 2660 subjiciendam
934 2623 1011 2648 esse

197 2675 447 2715 contenderit.
486 2675 566 2715 Cfr.
607 2675 805 2722 Zaccaria,
841 2688 907 2727 op.
949 2678 1012 2715 cit.

189 2754 284 2794 pag.
340 2738 415 2790 16,
449 2750 486 2781 et
511 2741 669 2781 Bianchi
699 2755 762 2793 op.
778 2742 914 2792 pariter
938 2743 1004 2781 cit.

197 2815 291 2846 tom.
319 2819 389 2854 lv,
422 2821 462 2860 p.
495 2805 574 2858 346
607 2815 643 2846 et
665 2821 766 2860 seqq.
796 2805 965 2846 Verum
954 2822 1015 2860 Ju-

196 2874 290 2912 verit
318 2871 365 2911 de
402 2872 606 2912 novissimo
647 2873 719 2911 hoc
766 2874 855 2923 regii
889 2873 1017 2925 placiti

198 2939 351 2977 invento
383 2937 583 3003 judicium
610 2938 761 2986 afferre,
797 2937 898 2990 quod
933 2938 1019 2977 tulit

199 3003 247 3042 D.
278 3003 381 3052 Pek,
421 2986 630 3044 membrum
671 3003 815 3044 consilii
844 3003 1018 3043 Flandri-

1069 1879 1102 1915 ci
1120 1906 1130 1923 ‚
1153 1876 1211 1914 his
1239 1875 1389 1919 verbim
1414 1874 1545 1927 Quam
1572 1874 1887 1914 consuetudinem

1074 1941 1240 1994 (placiti
1264 1943 1389 1993 reqii)
1417 1949 1452 1980 et
1480 1940 1619 1980 multas
1655 1941 1755 1981 alias
1788 1944 1885 1995 ejas-

1070 2008 1155 2046 dem
1181 2009 1326 2060 farinoe
1358 2022 1436 2046 non
1453 2022 1564 2061 posse
1581 2010 1676 2060 jure
1700 2009 1795 2046 satis
1821 2008 1886 2046 de-

1066 2074 1181 2126 fendi
1197 2080 1315 2127 puto,
1342 2081 1386 2112 ut
1398 2088 1481 2126 qnoe
1504 2074 1673 2112 libertati
1698 2073 1886 2113 Ecclesia?

1066 2140 1285 2193 plurimam
1323 2141 1578 2178 adversantur
1601 2169 1611 2188 ,
1653 2153 1699 2177 ac
1725 2139 1891 2191 proinde

1073 2220 1151 2245 non
1184 2205 1310 2244 valent
1340 2206 1446 2258 apud
1462 2207 1593 2257 justos
1626 2212 1661 2243 et
1688 2204 1889 2244 catholicos

1062 2272 1219 2324 jndices
1240 2302 1250 2319 ,
1282 2274 1352 2322 qui
1386 2273 1559 2310 timorem
1594 2270 1678 2309 Dei
1716 2270 1885 2318 habent,

1073 2336 1158 2375 licet
1171 2337 1271 2388 sorte
1284 2336 1435 2375 valeant
1448 2336 1555 2389 apud
1572 2350 1648 2387 eos,
1673 2337 1779 2389 apud
1795 2350 1888 2387 quos

1074 2402 1263 2455 quidquid
1279 2401 1370 2441 libet
1394 2396 1480 2441 licet
1495 2433 1505 2450 ,
1524 2409 1559 2440 et
1578 2404 1648 2454 qui
1667 2401 1886 2441 Ecclesiam

1074 2468 1263 2517 oderunt,
1285 2482 1442 2521 eamque
1459 2468 1717 2521 Principibus
1742 2466 1887 2506 secula-

1074 2534 1184 2572 ribus
1198 2533 1358 2572 libenter
1373 2535 1418 2572 in
1435 2534 1613 2572 omnibus
1626 2533 1855 2585 subjicerent
1866 2545 1885 2577 ;

1075 2600 1337 2652 confasionem
1368 2601 1528 2653 passuri
1566 2602 1610 2638 in
1648 2611 1786 2650 maqno
1820 2595 1886 2634 illo

1076 2667 1137 2704 die
1152 2696 1161 2714 ,
1185 2679 1271 2703 cum
1293 2666 1345 2703 ad
1367 2665 1627 2717 judicandam
1648 2677 1708 2703 eos
1735 2663 1882 2709 veniet,

1073 2733 1187 2784 cujas
1233 2744 1410 2783 sponsam
1448 2732 1514 2777 Ιιὶς
1548 2734 1852 2780 contempserunt
1879 2757 1888 2774 ‚

1081 2804 1115 2834 et
1147 2798 1301 2849 injuria
1331 2799 1549 2851 affecerunt.
1571 2794 1651 2833 Cfr.
1681 2792 1896 2831 Memorial

1081 2861 1219 2901 cathol.
1246 2862 1348 2901 Fevr.
1380 2859 1494 2900 1826.

1139 2927 1191 2978 (ἢ)
1180 2927 1270 2975 )Ut
1293 2927 1368 2966 fere
1381 2939 1509 2965 omnes
1530 2924 1718 2975 Principes
1742 2923 1892 2962 acatho-

1083 2991 1145 3030 lici
1167 2992 1393 3040 Germaniae,
1414 2993 1521 3044 cujus
1549 2992 1601 3030 rei
1626 2998 1754 3042 praesto
1778 2988 1895 3028 habe·
1952 3008 1955 3009 ⁷

1995 2713 2017 2738 Aa*

2000 2738 2028 2790 eq}

1990 2767 2004 2783 „3
2026 2770 2028 2775 ·

2004 2787 2008 2796 ,
2023 2786 2028 2787 ⁷
