2028 3354
233 196 324 242 146

711 200 863 232 TRACT.
901 201 954 228 DE
989 199 1105 228 LOCIS
1141 198 1440 229 THEOLOGIGlS.

232 334 360 384 runt,
382 331 433 368 ut
451 316 668 366 sanctitas
687 312 836 360 omnis
855 311 1139 369 eliminetur;
1163 328 1234 358 ex.
1250 327 1318 375 gr.
1332 313 1480 357 Deum
1501 307 1656 373 plures
1665 304 1918 352 condidisse

234 400 448 449 homines
475 395 524 440 in
556 408 664 438 eum
680 397 866 436 tantum
890 388 1034 432 finem
1049 421 1062 444 ,
1082 394 1134 432 ut
1147 395 1372 451 perpetuo
1393 385 1728 432 damnarentur
1751 381 1854 443 (1)ὅ
1871 379 1919 424 jn

235 473 450 524 omnibus
476 467 583 516 Adae
602 464 800 530 posteris
823 462 1082 510 extinctum
1103 461 1288 525 penitus
1307 478 1405 518 esse
1425 460 1625 507 liberum
1651 456 1920 512 arbitrium,

235 551 450 614 adeoque,
469 545 618 592 ferrea
637 541 739 589 illos
762 538 1033 586 necessitate
1054 536 1151 584 sive
1180 535 1241 582 ad
1267 535 1388 582 bona
1414 537 1509 585 sive
1540 534 1600 581 ad
1618 549 1762 599 prava
1784 546 1924 596 opera

235 624 414 692 impelli
432 623 506 685 (2)
524 641 536 679 ς
557 617 738 666 inutilia
756 632 855 663 esse
874 631 1013 679 opera
1032 612 1155 659 bona
1178 610 1239 659 ad
1258 610 1457 658 salutem
1471 647 1484 670 ,
1506 614 1601 658 imo
1622 626 1763 675 prava
1784 622 1925 672 opera

237 703 296 751 ad
317 699 611 748 sanctitatem
645 692 853 741 conferre
873 690 945 753 (3)
962 725 974 748 7
1002 688 1182 752 aliaque
1212 695 1428 734 sexcenta
1468 686 1515 732 id
1544 704 1686 750 genus
1716 699 1927 732 errorum

239 786 447 827 monstra
464 795 485 833 .,‘
509 787 610 837 quae
632 766 1038 835 protestantismus
1062 760 1218 810 do'cuit
1255 779 1305 809 ac
1342 760 1503 821 docet,
1532 776 1821 826 quorumque
1851 756 1928 805 vel

241 856 363 920 ipsos
386 850 594 898 ethnicos
618 842 919 910 suppuderet.

242 1028 398 1080 quinta,
421 1023 460 1061 E
464 1036 490 1060 ,τ
510 1022 597 1060 vitoe
608 1024 644 1059 et
658 1030 807 1055 morum
822 1013 1054 1053 conditione-

245 1094 337 1131 ltem
360 1093 400 1129 in
427 1087 549 1141 ejusd.
564 1085 793 1137 appendice:
818 1081 959 1121 Utrum
972 1078 1060 1118 Cal-

246 1159 363 1197 vinus
386 1154 578 1194 convictus
599 1151 724 1202 fuerit
754 1147 933 1186 sodomioe
958 1152 994 1182 et
1017 1143 1060 1182 ob

247 1238 330 1263 eam
374 1232 531 1267 causam
566 1217 740 1267 stiqmate
775 1214 942 1250 inustus.
984 1209 1061 1247 Cfr.

252 1291 362 1329 etiam
382 1283 436 1324 Le
460 1283 636 1321 ministre
650 1284 863 1332 protestant
886 1276 1061 1326 auxpri-

251 1367 310 1393 ses
325 1365 415 1391 avec
427 1350 626 1388 lui-mEme
642 1375 652 1393 ‚
676 1356 745 1396 par
759 1343 812 1381 M.
827 1342 871 1381 A.
898 1341 941 1379 F.
957 1340 1065 1392 Lyon

259 1417 385 1466 1836,
415 1418 455 1454 in
481 1428 568 1465 app.
593 1425 677 1462 pag.
705 1406 776 1460 167
804 1416 840 1446 et
858 1420 965 1458 seqq.
993 1404 1067 1442 Les

252 1485 400 1537 apotres
435 1480 488 1518 du
526 1475 834 1531 protestantisme
854 1473 984 1524 peiuts
1018 1469 1069 1507 les

259 1563 332 1589 uus
339 1561 419 1602 par
429 1547 482 1584 les
494 1550 636 1583 autres.
653 1541 762 1579 Plura
780 1540 914 1591 pariter
925 1539 963 1574 in
975 1537 1071 1573 hane

257 1630 336 1655 rem
359 1612 566 1665 suppeditat
581 1610 805 1646 doeumenta
823 1603 891 1641 Dr.
912 1604 1069 1653 August.

258 1682 419 1720 Theiner
436 1708 446 1726 ,
473 1679 513 1714 in
542 1688 606 1726 op.
634 1671 694 1710 La
718 1670 858 1708 Svezia
882 1682 901 1706 e
921 1667 956 1705 le
974 1665 1072 1704 rela-

262 1746 368 1785 ziom'
390 1743 432 1782 di
466 1754 550 1780 essa
582 1737 676 1776 colla
701 1741 820 1774 santa
855 1732 974 1779 Sede,
1004 1739 1072 1769 ete.

261 1813 380 1851 Roma
405 1805 506 1847 1838
522 1835 532 1852 ‚
558 1811 650 1855 part.
668 1815 680 1838 ι
693 1829 705 1849 ,
723 1814 806 1851 cap.
823 1798 847 1837 5
863 1827 872 1843 ,
895 1811 978 1849 pag.
1003 1794 1075 1833 186

266 1883 303 1917 οἱ
323 1889 480 1992 &il-Usu
509 1935 651 1973 Lessius
668 1934 708 1969 in
725 1933 786 1969 cit.
811 1927 1023 1967 Consultat.
1043 1934 1078 1964 et

268 2012 309 2047 in
334 2008 395 2045 eit.
425 2000 587 2055 append.
617 2011 700 2049 cap.
727 1996 750 2035 3
768 2026 778 2043 ‚
813 1993 956 2033 Utrum
990 1991 1078 2030 Cal-

270 2073 385 2113 vinus
408 2066 576 2107 docuerit
610 2062 742 2101 Deum
772 2073 850 2098 esse
887 2064 1078 2097 auctorem

272 2137 443 2177 omnium
476 2129 673 2170 scelerum.
712 2125 783 2164 Sed
813 2132 961 2176 praestat
985 2124 1081 2175 ejus-

275 2205 361 2243 dem
382 2198 528 2239 calvini
536 2194 648 2234 verba
660 2190 868 2231 describere
883 2203 893 2236 ;
908 2190 961 2226 sic
975 2201 1082 2239 porro

275 2268 455 2321 loquitur,
472 2261 611 2301 Iustit.
628 2258 695 2297 lib.
712 2269 774 2300 111,
791 2268 873 2306 cap.
903 2267 951 2305 27
968 2282 980 2301 ,
994 2251 1016 2305 ᾗ
1030 2265 1051 2304 7
1071 2266 1081 2290 :

279 2335 429 2373 Iterum
448 2335 575 2382 quoero
597 2339 608 2364 ε
632 2322 735 2363 unde
751 2321 903 2373 factum
927 2326 982 2357 est
1000 2346 1011 2366 ‚
1044 2324 1087 2355 ut

281 2406 335 2438 tot
345 2404 472 2450 gentes
491 2406 573 2432 una
595 2403 685 2429 eum
713 2387 845 2426 liberis
865 2397 993 2424 eorum
1019 2385 1085 2421 iu-

278 2462 453 2517 fcmtibus
475 2465 627 2498 oeternoe
650 2454 764 2492 morti
787 2449 991 2490 involveret
1008 2448 1089 2501 lap-

285 2543 351 2568 sus
374 2525 474 2565 Adoe
503 2523 643 2573 absque
668 2517 833 2556 remedio
849 2544 860 2563 ,
889 2515 973 2554 uisi
996 2516 1090 2565 quia

290 2594 367 2635 Deo
392 2592 449 2629 ita
477 2590 603 2627 visum
627 2586 711 2622 est?
739 2581 821 2620 Hie
844 2580 1092 2619 obmutescere

289 2663 429 2715 oportet
453 2659 533 2692 tam
570 2650 719 2689 dicaces
753 2647 899 2699 alioqui
921 2646 1091 2698 linquas.

292 2728 497 2767 Decretum
520 2716 675 2769 quidem
706 2712 884 2753 horribile
899 2743 910 2760 ‚
938 2713 1062 2763 fateor
1080 2728 1093 2757 ‚-

293 2787 468 2843 inficiari
478 2791 606 2822 tamen
618 2793 728 2819 nemo
731 2780 880 2832 poterit,
891 2779 1095 2830 quiaproe-

294 2854 448 2897 sciverit
459 2850 582 2895 Deus,
603 2859 712 2899 quem
722 2844 864 2883 emitum
878 2850 970 2882 esset
982 2842 1094 2882 hobi-

294 2929 406 2962 turus
417 2917 537 2962 homo,
551 2918 754 2963 autequam
768 2910 894 2961 ipsum
908 2908 1094 2954 conderet,

295 2994 338 3025 >ec
365 2983 447 3023 ideo
468 2978 727 3033 praesciverit,
752 2975 845 3026 quia
863 2973 1005 3012 decreto
1028 2984 1096 3010 suo

1124 1014 1180 1051 sic
1203 1011 1416 1049 ordinarat,
1445 1010 1542 1049 Edit.
1568 1008 1771 1048 Amstelod.
1795 1005 1908 1059 1667.

1181 1078 1231 1128 (Ξ)
1272 1077 1329 1114 En
1351 1085 1492 1114 textum
1514 1076 1689 1123 Lutheri,
1730 1087 1842 1126 quem
1880 1086 1939 1110 ex-

1128 1145 1244 1194 cerpsi
1261 1156 1304 1181 ex
1320 1144 1399 1195 ejus
1426 1141 1522 1179 libro
1550 1140 1605 1179 De
1624 1153 1729 1178 servo
1754 1138 1938 1178 arbitrio:

1128 1208 1196 1250 Sic
1216 1209 1388 1246 humana
1410 1206 1587 1246 voluutas
1606 1208 1654 1244 in
1670 1204 1793 1242 medio
1810 1204 1938 1256 posita

1129 1282 1183 1313 est
1202 1287 1272 1312 ceu
1275 1275 1502 1326 jumentum
1511 1288 1526 1317 ,·
1544 1273 1580 1309 si
1598 1270 1782 1309 insiderit
1803 1268 1929 1315 Deus,

1131 1340 1213 1379 vult
1230 1346 1265 1377 et
1283 1338 1390 1376 vadit
1404 1369 1413 1385 ‚
1429 1350 1505 1388 quo
1522 1335 1603 1374 vult
1624 1334 1773 1374 Deus...
1786 1335 1822 1371 si
1843 1334 1941 1371 insi-

1132 1405 1231 1443 derit
1243 1404 1379 1451 Satan,
1402 1402 1483 1440 vult
1500 1409 1535 1439 et
1546 1402 1666 1449 vadit,
1682 1412 1755 1451 quo
1778 1398 1859 1437 vult
1870 1397 1942 1435 Sa-

1133 1476 1201 1506 tan
1214 1485 1229 1515 ;
1247 1480 1316 1505 nec
1336 1474 1389 1505 est
1404 1469 1448 1504 in
1468 1464 1551 1517 ejus
1565 1466 1727 1503 arbitrio
1739 1464 1792 1502 ad
1813 1470 1945 1500 utrum

1136 1546 1315 1571 sessorem
1339 1544 1493 1569 currere
1508 1560 1518 1577 ‚
1547 1537 1616 1567 aut
1642 1543 1729 1567 eum
1752 1540 1947 1580 quaerere,-

1137 1600 1201 1638 eed
1217 1600 1294 1651 ipsi
1313 1611 1471 1636 sessores
1491 1602 1640 1634 certant
1664 1596 1709 1633 ob
1731 1599 1861 1647 ipsum
1889 1592 1950 1631 ob-

1138 1664 1340 1703 tinendum
1355 1670 1389 1701 et
1401 1661 1692 1714 possidendum.
1715 1660 1813 1712 Opp.
1836 1658 1948 1697 Luth.

1140 1730 1227 1769 edit.
1255 1728 1355 1767 Jenae
1389 1724 1486 1779 :557
1504 1757 1513 1773 ‚
1539 1735 1629 1764 tom.
1657 1738 1723 1772 ιιι,
1755 1725 1822 1763 fol.
1851 1736 1949 1777 177,

1140 1808 1260 1834 verso.
1276 1793 1330 1832 Ne
1345 1793 1446 1845 plura
1460 1793 1529 1830 alia
1546 1792 1756 1831 testimonia
1776 1789 1950 1835 referam,

1142 1875 1181 1899 ea
1193 1860 1260 1898 eft.
1273 1860 1371 1910 apud
1384 1857 1575 1905 Coccium,
1585 1871 1645 1909 op.
1658 1858 1722 1895 cit.
1736 1869 1816 1907 pag.
1835 1868 1849 1892 1
1858 1852 1949 1899 038,

1143 1928 1208 1977 qui
1237 1926 1419 1975 congessit
1453 1937 1546 1975 pene
1575 1925 1774 1960 innumera
1803 1935 1845 1958 ex
1875 1919 1952 1957 Lu-

1145 1991 1247 2028 thero
1264 2019 1275 2036 ‚
1291 1990 1446 2026 Calvino
1462 2018 1472 2035 ‚
1498 1988 1730 2026 Melanctone
1747 2015 1757 2030 ,
1780 1994 1850 2024 ete.
1872 1984 1951 2022 Gfr.

1145 2057 1253 2093 etiam
1265 2054 1431 2098 Bossuet,
1448 2051 1657 2091 Deuxieme
1673 2052 1956 2096 avertissement

1145 2120 1610 2173 anteprotestausstditde
1626 2117 1819 2156 Versailles
1837 2114 1955 2163 1816,

1149 2196 1236 2225 tom.
1261 2199 1344 2233 xxx,
1369 2184 1389 2238 ὃ
1418 2197 1484 2238 ι9,
1512 2197 1599 2236 pag.
1623 2195 1694 2235 117
1710 2189 1747 2220 et
1763 2196 1866 2234 seqq.
1886 2194 1958 2219 nec

1150 2265 1226 2290 non
1243 2251 1314 2290 Th.
1341 2250 1489 2297 Moore,
1522 2248 1566 2285 V
1564 2261 1700 2299 oyaqes
1723 2246 1817 2284 d’un
1833 2248 1959 2298 jeuue

1149 2317 1340 2355 irlandais
1350 2317 1375 2354 ὰ
1387 2315 1425 2353 la
1439 2314 1632 2353 recherche
1649 2314 1763 2351 d’une
1775 2312 1937 2364 reliqion
1947 2341 1957 2361 ,

1153 2384 1249 2421 trad.
1276 2383 1322 2421 de
1342 2381 1468 2434 l'angl.
1492 2380 1593 2418 Paris
1618 2377 1720 2417 1836
1734 2408 1746 2426 ‚
1767 2378 1873 2430 chap.
1889 2391 1931 2416 ιι,
1949 2406 1960 2424 ,

1155 2447 1345 2486 Doctriue
1372 2447 1418 2484 de
1438 2444 1605 2489 humer,
1630 2443 1822 2495 esclavaqe
1844 2442 1889 2480 de
1921 2441 1958 2479 Ia

1154 2513 1297 2553 volente
1311 2543 1321 2560 ,
1354 2526 1441 2565 pag.
1473 2510 1553 2562 244
1572 2519 1608 2550 et
1627 2525 1732 2563 seqq.

1213 2579 1267 2630 (3)
1296 2579 1395 2617 Alias
1413 2578 1526 2629 hujus
1542 2577 1752 2616 assertionis
1773 2572 1960 2612 attulimus

1158 2646 1396 2684 documenta.
1412 2643 1491 2684 cfr.
1515 2651 1687 2696 praeterea
1714 2639 1859 2686 Monte,
1896 2652 1961 2689 op.

1160 2712 1222 2750 eit.
1256 2711 1363 2762 ehap.
1387 2723 1428 2747 tv
1445 2739 1455 2757 ‚
1487 2722 1568 2760 pag.
1599 2704 1677 2745 335
1698 2712 1733 2743 et
1757 2716 1863 2756 seqq.
1898 2703 1966 2741 ubi

1161 2777 1331 2823 ostendit,
1347 2774 1593 2814 Amsdorfium
1612 2779 1648 2813 et
1665 2771 1873 2821 Agrippam,
1894 2767 1963 2806 Lu·

1162 2843 1254 2880 theri
1272 2839 1469 2892 discipulos
1486 2867 1497 2886 ,
1516 2837 1680 2888 rejecisse
1702 2834 1964 2886 obligationem

1161 2907 1247 2957 legis
1270 2906 1337 2944 Dei
1360 2910 1485 2955 utpote
1505 2901 1692 2954 judaicam
1726 2907 1760 2938 et
1789 2898 1963 2938 antichri-

1161 2973 1316 3019 stianam
1333 2982 1345 3020 ς
1360 2969 1479 3020 plures
1496 2968 1585 3006 item
1601 2973 1717 3006 sectas
1738 2965 1858 3005 adhue
1869 2963 1964 3020 idip-
