<?xml version="1.0" encoding="UTF-8"?>
<!DOCTYPE html PUBLIC "-//W3C//DTD XHTML 1.0 Transitional//EN"
    "http://www.w3.org/TR/xhtml1/DTD/xhtml1-transitional.dtd">
<html xmlns="http://www.w3.org/1999/xhtml" xml:lang="en" lang="en">
 <head>
  <title>
</title>
<meta http-equiv="Content-Type" content="text/html;charset=utf-8" />
  <meta name='ocr-system' content='tesseract 3.04.00' />
  <meta name='ocr-capabilities' content='ocr_page ocr_carea ocr_par ocr_line ocrx_word'/>
</head>
<body>
  <div class='ocr_page' id='page_1' title='image "./praelectionestheo08perruoft/praelectionestheo08perruoft_0165.png"; bbox 0 0 2028 3354; ppageno 0'>
   <div class='ocr_carea' id='block_1_1' title="bbox 1789 211 1880 259">
    <p class='ocr_par' dir='ltr' id='par_1_1' title="bbox 1789 211 1880 259">
     <span class='ocr_line' id='line_1_1' title="bbox 1789 211 1880 259; baseline 0.022 -2"><span class='ocrx_word' id='word_1_1' title='bbox 1789 211 1880 259; x_wconf 82' lang='lat'>153</span> 
     </span>
    </p>
   </div>
   <div class='ocr_carea' id='block_1_2' title="bbox 540 230 1505 262">
    <p class='ocr_par' dir='ltr' id='par_1_2' title="bbox 540 230 1505 262">
     <span class='ocr_line' id='line_1_2' title="bbox 540 230 1505 262; baseline -0.003 -1"><span class='ocrx_word' id='word_1_2' title='bbox 540 233 668 261; x_wconf 75' lang='lat' dir='ltr'>PART.</span> <span class='ocrx_word' id='word_1_3' title='bbox 709 232 740 260; x_wconf 88' lang='lat'>1.</span> <span class='ocrx_word' id='word_1_4' title='bbox 776 232 874 261; x_wconf 78' lang='lat' dir='ltr'>GAP.</span> <span class='ocrx_word' id='word_1_5' title='bbox 913 231 981 262; x_wconf 75' lang='lat'>111.</span> <span class='ocrx_word' id='word_1_6' title='bbox 1021 232 1075 260; x_wconf 84' lang='lat' dir='ltr'>DE</span> <span class='ocrx_word' id='word_1_7' title='bbox 1110 230 1327 260; x_wconf 78' lang='lat' dir='ltr'><strong>EGGLESIAE</strong></span> <span class='ocrx_word' id='word_1_8' title='bbox 1361 230 1505 259; x_wconf 66' lang='lat' dir='ltr'>noris.</span> 
     </span>
    </p>
   </div>
   <div class='ocr_carea' id='block_1_3' title="bbox 188 338 1922 1624">
    <p class='ocr_par' dir='ltr' id='par_1_3' title="bbox 192 338 1882 564">
     <span class='ocr_line' id='line_1_3' title="bbox 194 338 1879 396; baseline -0.003 -1"><span class='ocrx_word' id='word_1_9' title='bbox 194 348 519 396; x_wconf 86' lang='lat' dir='ltr'>Tridentinum</span> <span class='ocrx_word' id='word_1_10' title='bbox 565 348 614 393; x_wconf 90' lang='lat' dir='ltr'>in</span> <span class='ocrx_word' id='word_1_11' title='bbox 651 345 759 392; x_wconf 91' lang='lat' dir='ltr'>fidei</span> <span class='ocrx_word' id='word_1_12' title='bbox 794 345 988 393; x_wconf 81' lang='lat' dir='ltr'><strong>decretis</strong></span> <span class='ocrx_word' id='word_1_13' title='bbox 1034 345 1092 392; x_wconf 90' lang='lat' dir='ltr'>ab</span> <span class='ocrx_word' id='word_1_14' title='bbox 1134 338 1352 392; x_wconf 87' lang='lat' dir='ltr'>omnibus</span> <span class='ocrx_word' id='word_1_15' title='bbox 1397 344 1590 391; x_wconf 84' lang='lat' dir='ltr'>omnino</span> <span class='ocrx_word' id='word_1_16' title='bbox 1632 342 1879 390; x_wconf 81' lang='lat' dir='ltr'><strong>Catholicis</strong></span> 
     </span>
     <span class='ocr_line' id='line_1_4' title="bbox 192 418 1882 485; baseline -0.004 -13"><span class='ocrx_word' id='word_1_17' title='bbox 192 435 246 471; x_wconf 88' lang='lat' dir='ltr'>ut</span> <span class='ocrx_word' id='word_1_18' title='bbox 276 423 611 472; x_wconf 87' lang='lat' dir='ltr'>oecumenicum</span> <span class='ocrx_word' id='word_1_19' title='bbox 636 430 682 468; x_wconf 88' lang='lat' dir='ltr'>et</span> <span class='ocrx_word' id='word_1_20' title='bbox 709 421 949 468; x_wconf 88' lang='lat' dir='ltr'>infallibile</span> <span class='ocrx_word' id='word_1_21' title='bbox 982 421 1208 479; x_wconf 88' lang='lat' dir='ltr'>habetur7</span> <span class='ocrx_word' id='word_1_22' title='bbox 1244 430 1291 468; x_wconf 90' lang='lat' dir='ltr'>et</span> <span class='ocrx_word' id='word_1_23' title='bbox 1317 429 1447 485; x_wconf 86' lang='lat' dir='ltr'>patet</span> <span class='ocrx_word' id='word_1_24' title='bbox 1480 437 1535 467; x_wconf 83' lang='lat' dir='ltr'>ex</span> <span class='ocrx_word' id='word_1_25' title='bbox 1565 418 1671 466; x_wconf 90' lang='lat' dir='ltr'>fidei</span> <span class='ocrx_word' id='word_1_26' title='bbox 1702 419 1882 484; x_wconf 87' lang='lat' dir='ltr'>profes-</span> 
     </span>
     <span class='ocr_line' id='line_1_5' title="bbox 193 495 1881 564; baseline -0.004 -16"><span class='ocrx_word' id='word_1_27' title='bbox 193 502 318 548; x_wconf 83' lang='lat' dir='ltr'>sione</span> <span class='ocrx_word' id='word_1_28' title='bbox 331 537 344 558; x_wconf 99' lang='lat'>7</span> <span class='ocrx_word' id='word_1_29' title='bbox 364 516 465 564; x_wconf 81' lang='lat' dir='ltr'>quae</span> <span class='ocrx_word' id='word_1_30' title='bbox 479 501 611 559; x_wconf 87' lang='lat' dir='ltr'>jussu</span> <span class='ocrx_word' id='word_1_31' title='bbox 629 498 696 544; x_wconf 90' lang='lat' dir='ltr'>Pii</span> <span class='ocrx_word' id='word_1_32' title='bbox 714 499 770 544; x_wconf 89' lang='lat' dir='ltr'>IV</span> <span class='ocrx_word' id='word_1_33' title='bbox 787 497 844 543; x_wconf 83' lang='lat' dir='ltr'>ab</span> <span class='ocrx_word' id='word_1_34' title='bbox 862 496 1079 543; x_wconf 87' lang='lat' dir='ltr'>omnibus</span> <span class='ocrx_word' id='word_1_35' title='bbox 1093 496 1299 544; x_wconf 82' lang='lat' dir='ltr'>elicitur</span> <span class='ocrx_word' id='word_1_36' title='bbox 1287 514 1337 542; x_wconf 84' lang='lat' dir='ltr'>in</span> <span class='ocrx_word' id='word_1_37' title='bbox 1352 496 1566 543; x_wconf 84' lang='lat' dir='ltr'>universa</span> <span class='ocrx_word' id='word_1_38' title='bbox 1580 495 1780 542; x_wconf 85' lang='lat' dir='ltr'>Ecclesia</span> <span class='ocrx_word' id='word_1_39' title='bbox 1789 495 1881 558; x_wconf 89' lang='lat' dir='ltr'>(l).</span> 
     </span>
    </p>

    <p class='ocr_par' dir='ltr' id='par_1_4' title="bbox 188 573 1922 1624">
     <span class='ocr_line' id='line_1_6' title="bbox 258 573 1883 639; baseline -0.002 -16"><span class='ocrx_word' id='word_1_40' title='bbox 258 577 371 623; x_wconf 76' lang='lat'><strong>251.</strong></span> <span class='ocrx_word' id='word_1_41' title='bbox 410 576 481 623; x_wconf 78' lang='lat' dir='ltr'>Ad</span> <span class='ocrx_word' id='word_1_42' title='bbox 502 576 597 634; x_wconf 80' lang='lat'>31117</span> <span class='ocrx_word' id='word_1_43' title='bbox 630 576 705 623; x_wconf 84' lang='lat' dir='ltr'>Ne</span> <span class='ocrx_word' id='word_1_44' title='bbox 684 593 749 639; x_wconf 39' lang='lat'>⁶⁸9</span> <span class='ocrx_word' id='word_1_45' title='bbox 776 576 935 639; x_wconf 82' lang='lat' dir='ltr'><strong>Neque</strong></span> <span class='ocrx_word' id='word_1_46' title='bbox 958 574 1244 630; x_wconf 85' lang='lat' dir='ltr'>contrarium</span> <span class='ocrx_word' id='word_1_47' title='bbox 1266 573 1491 621; x_wconf 87' lang='lat' dir='ltr'>evincunt</span> <span class='ocrx_word' id='word_1_48' title='bbox 1520 573 1883 638; x_wconf 87' lang='lat' dir='ltr'>disceptationes</span> 
     </span>
     <span class='ocr_line' id='line_1_7' title="bbox 192 647 1882 716; baseline -0.002 -16"><span class='ocrx_word' id='word_1_49' title='bbox 192 653 514 716; x_wconf 80' lang='lat' dir='ltr'>theologorum</span> <span class='ocrx_word' id='word_1_50' title='bbox 539 689 550 710; x_wconf 88' lang='lat'>7</span> <span class='ocrx_word' id='word_1_51' title='bbox 589 669 694 698; x_wconf 87' lang='lat' dir='ltr'>cum</span> <span class='ocrx_word' id='word_1_52' title='bbox 727 667 887 697; x_wconf 89' lang='lat' dir='ltr'>omnes</span> <span class='ocrx_word' id='word_1_53' title='bbox 925 651 974 695; x_wconf 91' lang='lat' dir='ltr'>in</span> <span class='ocrx_word' id='word_1_54' title='bbox 1010 647 1301 711; x_wconf 80' lang='lat' dir='ltr'>dogmatibus</span> <span class='ocrx_word' id='word_1_55' title='bbox 1337 650 1647 707; x_wconf 73' lang='lat' dir='ltr'>conveniant3</span> <span class='ocrx_word' id='word_1_56' title='bbox 1687 658 1882 697; x_wconf 87' lang='lat' dir='ltr'>contro-</span> 
     </span>
     <span class='ocr_line' id='line_1_8' title="bbox 191 723 1885 802; baseline -0.002 -26"><span class='ocrx_word' id='word_1_57' title='bbox 191 728 350 776; x_wconf 75' lang='lat' dir='ltr'>versiae</span> <span class='ocrx_word' id='word_1_58' title='bbox 364 737 609 777; x_wconf 82' lang='lat' dir='ltr'>versantur</span> <span class='ocrx_word' id='word_1_59' title='bbox 632 727 874 773; x_wconf 80' lang='lat' dir='ltr'>dumtaxat</span> <span class='ocrx_word' id='word_1_60' title='bbox 900 725 1018 771; x_wconf 87' lang='lat' dir='ltr'>circa</span> <span class='ocrx_word' id='word_1_61' title='bbox 1043 725 1239 770; x_wconf 84' lang='lat' dir='ltr'>modum</span> <span class='ocrx_word' id='word_1_62' title='bbox 1260 740 1312 770; x_wconf 88' lang='lat' dir='ltr'>ea</span> <span class='ocrx_word' id='word_1_63' title='bbox 1338 723 1611 770; x_wconf 77' lang='lat' dir='ltr'>conciliandi</span> <span class='ocrx_word' id='word_1_64' title='bbox 1629 742 1768 802; x_wconf 81' lang='lat' dir='ltr'>7quae</span> <span class='ocrx_word' id='word_1_65' title='bbox 1792 725 1885 773; x_wconf 80' lang='lat' dir='ltr'>dif-</span> 
     </span>
     <span class='ocr_line' id='line_1_9' title="bbox 192 798 1905 889; baseline -0.002 -37"><span class='ocrx_word' id='word_1_66' title='bbox 192 806 446 852; x_wconf 86' lang='lat' dir='ltr'>ficultatem</span> <span class='ocrx_word' id='word_1_67' title='bbox 472 821 568 889; x_wconf 86' lang='lat' dir='ltr'>prae</span> <span class='ocrx_word' id='word_1_68' title='bbox 585 820 632 850; x_wconf 91' lang='lat' dir='ltr'>se</span> <span class='ocrx_word' id='word_1_69' title='bbox 646 803 827 859; x_wconf 88' lang='lat' dir='ltr'>ferunt,</span> <span class='ocrx_word' id='word_1_70' title='bbox 854 800 934 864; x_wconf 90' lang='lat' dir='ltr'>qui</span> <span class='ocrx_word' id='word_1_71' title='bbox 960 798 1126 846; x_wconf 88' lang='lat' dir='ltr'>modus</span> <span class='ocrx_word' id='word_1_72' title='bbox 1140 807 1193 846; x_wconf 87' lang='lat' dir='ltr'>ut</span> <span class='ocrx_word' id='word_1_73' title='bbox 1220 800 1478 864; x_wconf 87' lang='lat' dir='ltr'>plurimum</span> <span class='ocrx_word' id='word_1_74' title='bbox 1499 816 1604 846; x_wconf 87' lang='lat' dir='ltr'>cum</span> <span class='ocrx_word' id='word_1_75' title='bbox 1628 801 1905 865; x_wconf 81' lang='lat' dir='ltr'>impervius·</span> 
     </span>
     <span class='ocr_line' id='line_1_10' title="bbox 192 875 1886 938; baseline -0.001 -11"><span class='ocrx_word' id='word_1_76' title='bbox 192 882 279 938; x_wconf 82' lang='lat' dir='ltr'>sit7</span> <span class='ocrx_word' id='word_1_77' title='bbox 315 880 383 926; x_wconf 89' lang='lat' dir='ltr'>nil</span> <span class='ocrx_word' id='word_1_78' title='bbox 419 881 589 926; x_wconf 88' lang='lat' dir='ltr'>mirum</span> <span class='ocrx_word' id='word_1_79' title='bbox 619 878 657 923; x_wconf 93' lang='lat' dir='ltr'>si</span> <span class='ocrx_word' id='word_1_80' title='bbox 691 878 814 923; x_wconf 88' lang='lat' dir='ltr'>inter</span> <span class='ocrx_word' id='word_1_81' title='bbox 852 893 901 923; x_wconf 91' lang='lat' dir='ltr'>se</span> <span class='ocrx_word' id='word_1_82' title='bbox 931 893 1029 922; x_wconf 79' lang='lat' dir='ltr'>non</span> <span class='ocrx_word' id='word_1_83' title='bbox 1068 878 1351 924; x_wconf 85' lang='lat' dir='ltr'>conveniant</span> <span class='ocrx_word' id='word_1_84' title='bbox 1377 912 1389 934; x_wconf 82' lang='lat'>7</span> <span class='ocrx_word' id='word_1_85' title='bbox 1428 885 1477 924; x_wconf 88' lang='lat' dir='ltr'>et</span> <span class='ocrx_word' id='word_1_86' title='bbox 1509 875 1634 924; x_wconf 88' lang='lat' dir='ltr'>salva</span> <span class='ocrx_word' id='word_1_87' title='bbox 1661 876 1886 925; x_wconf 81' lang='lat' dir='ltr'>charitate</span> 
     </span>
     <span class='ocr_line' id='line_1_11' title="bbox 193 951 1922 1019; baseline -0.001 -17"><span class='ocrx_word' id='word_1_88' title='bbox 193 957 549 1019; x_wconf 85' lang='lat' dir='ltr'>uniuscujusque</span> <span class='ocrx_word' id='word_1_89' title='bbox 575 952 738 999; x_wconf 82' lang='lat' dir='ltr'>scholae</span> <span class='ocrx_word' id='word_1_90' title='bbox 764 952 966 1017; x_wconf 84' lang='lat' dir='ltr'>theologi</span> <span class='ocrx_word' id='word_1_91' title='bbox 983 951 1047 998; x_wconf 87' lang='lat' dir='ltr'>illi</span> <span class='ocrx_word' id='word_1_92' title='bbox 1060 953 1300 1015; x_wconf 82' lang='lat' dir='ltr'>systemati</span> <span class='ocrx_word' id='word_1_93' title='bbox 1323 952 1591 1000; x_wconf 80' lang='lat' dir='ltr'>adhaereant</span> <span class='ocrx_word' id='word_1_94' title='bbox 1608 989 1620 1012; x_wconf 89' lang='lat'>7</span> <span class='ocrx_word' id='word_1_95' title='bbox 1644 952 1770 1018; x_wconf 86' lang='lat' dir='ltr'>quod</span> <span class='ocrx_word' id='word_1_96' title='bbox 1789 971 1887 1001; x_wconf 82' lang='lat' dir='ltr'>ma·</span> <span class='ocrx_word' id='word_1_97' title='bbox 1916 983 1922 992; x_wconf 57' lang='grc' dir='ltr'>ι</span> 
     </span>
     <span class='ocr_line' id='line_1_12' title="bbox 194 1028 1888 1094; baseline -0.001 -16"><span class='ocrx_word' id='word_1_98' title='bbox 194 1032 259 1094; x_wconf 82' lang='lat' dir='ltr'>gis</span> <span class='ocrx_word' id='word_1_99' title='bbox 288 1031 347 1077; x_wconf 85' lang='lat' dir='ltr'>ad</span> <span class='ocrx_word' id='word_1_100' title='bbox 370 1038 578 1094; x_wconf 86' lang='lat' dir='ltr'>optatum</span> <span class='ocrx_word' id='word_1_101' title='bbox 597 1029 740 1075; x_wconf 87' lang='lat' dir='ltr'>finem</span> <span class='ocrx_word' id='word_1_102' title='bbox 761 1028 1018 1076; x_wconf 83' lang='lat' dir='ltr'>conducere</span> <span class='ocrx_word' id='word_1_103' title='bbox 1048 1029 1260 1076; x_wconf 82' lang='lat' dir='ltr'>videatur</span> <span class='ocrx_word' id='word_1_104' title='bbox 1276 1064 1289 1084; x_wconf 76' lang='lat'>7</span> <span class='ocrx_word' id='word_1_105' title='bbox 1317 1029 1466 1093; x_wconf 85' lang='lat' dir='ltr'>parati</span> <span class='ocrx_word' id='word_1_106' title='bbox 1491 1046 1675 1093; x_wconf 84' lang='lat' dir='ltr'>semper</span> <span class='ocrx_word' id='word_1_107' title='bbox 1693 1029 1752 1076; x_wconf 92' lang='lat' dir='ltr'>ad</span> <span class='ocrx_word' id='word_1_108' title='bbox 1771 1028 1888 1076; x_wconf 88' lang='lat' dir='ltr'>illud</span> 
     </span>
     <span class='ocr_line' id='line_1_13' title="bbox 188 1104 1887 1169; baseline 0 -17"><span class='ocrx_word' id='word_1_109' title='bbox 188 1106 412 1169; x_wconf 84' lang='lat' dir='ltr'>judicium</span> <span class='ocrx_word' id='word_1_110' title='bbox 436 1104 840 1169; x_wconf 82' lang='lat' dir='ltr'>amplectendum,</span> <span class='ocrx_word' id='word_1_111' title='bbox 861 1104 984 1169; x_wconf 90' lang='lat' dir='ltr'>quod</span> <span class='ocrx_word' id='word_1_112' title='bbox 1006 1104 1125 1151; x_wconf 87' lang='lat' dir='ltr'>forte</span> <span class='ocrx_word' id='word_1_113' title='bbox 1143 1104 1302 1151; x_wconf 88' lang='lat' dir='ltr'>tulerit</span> <span class='ocrx_word' id='word_1_114' title='bbox 1328 1106 1374 1151; x_wconf 90' lang='lat' dir='ltr'>S.</span> <span class='ocrx_word' id='word_1_115' title='bbox 1395 1104 1550 1152; x_wconf 85' lang='lat' dir='ltr'>Sedes.</span> <span class='ocrx_word' id='word_1_116' title='bbox 1580 1106 1710 1153; x_wconf 89' lang='lat' dir='ltr'>Idem</span> <span class='ocrx_word' id='word_1_117' title='bbox 1733 1105 1806 1153; x_wconf 88' lang='lat' dir='ltr'>dic</span> <span class='ocrx_word' id='word_1_118' title='bbox 1828 1105 1887 1153; x_wconf 91' lang='lat' dir='ltr'>de</span> 
     </span>
     <span class='ocr_line' id='line_1_14' title="bbox 194 1179 1887 1247; baseline 0.001 -19"><span class='ocrx_word' id='word_1_119' title='bbox 194 1180 535 1228; x_wconf 85' lang='lat' dir='ltr'>institutoribus</span> <span class='ocrx_word' id='word_1_120' title='bbox 577 1180 749 1227; x_wconf 82' lang='lat' dir='ltr'>ethices</span> <span class='ocrx_word' id='word_1_121' title='bbox 790 1181 1049 1227; x_wconf 85' lang='lat' dir='ltr'>christianae</span> <span class='ocrx_word' id='word_1_122' title='bbox 1068 1217 1080 1239; x_wconf 90' lang='lat'>7</span> <span class='ocrx_word' id='word_1_123' title='bbox 1125 1180 1206 1244; x_wconf 89' lang='lat' dir='ltr'>qui</span> <span class='ocrx_word' id='word_1_124' title='bbox 1241 1179 1329 1226; x_wconf 89' lang='lat' dir='ltr'>sibi</span> <span class='ocrx_word' id='word_1_125' title='bbox 1367 1198 1540 1227; x_wconf 83' lang='lat' dir='ltr'>munus</span> <span class='ocrx_word' id='word_1_126' title='bbox 1581 1191 1887 1247; x_wconf 85' lang='lat' dir='ltr'>sumpserunt</span> 
     </span>
     <span class='ocr_line' id='line_1_15' title="bbox 195 1256 1887 1323; baseline 0.002 -20"><span class='ocrx_word' id='word_1_127' title='bbox 195 1274 294 1304; x_wconf 87' lang='lat' dir='ltr'>eam</span> <span class='ocrx_word' id='word_1_128' title='bbox 322 1256 379 1303; x_wconf 88' lang='lat' dir='ltr'>ad</span> <span class='ocrx_word' id='word_1_129' title='bbox 404 1256 605 1319; x_wconf 82' lang='lat' dir='ltr'>singulos</span> <span class='ocrx_word' id='word_1_130' title='bbox 633 1273 761 1303; x_wconf 87' lang='lat' dir='ltr'>casus</span> <span class='ocrx_word' id='word_1_131' title='bbox 788 1258 1012 1321; x_wconf 85' lang='lat' dir='ltr'>practicus</span> <span class='ocrx_word' id='word_1_132' title='bbox 1043 1256 1301 1321; x_wconf 83' lang='lat' dir='ltr'>applicare,</span> <span class='ocrx_word' id='word_1_133' title='bbox 1332 1273 1439 1303; x_wconf 89' lang='lat' dir='ltr'>eum</span> <span class='ocrx_word' id='word_1_134' title='bbox 1474 1274 1584 1305; x_wconf 90' lang='lat' dir='ltr'>vero</span> <span class='ocrx_word' id='word_1_135' title='bbox 1611 1258 1664 1304; x_wconf 90' lang='lat' dir='ltr'>hi</span> <span class='ocrx_word' id='word_1_136' title='bbox 1695 1276 1781 1323; x_wconf 87' lang='lat' dir='ltr'>pro</span> <span class='ocrx_word' id='word_1_137' title='bbox 1810 1259 1887 1307; x_wconf 86' lang='lat' dir='ltr'>in-</span> 
     </span>
     <span class='ocr_line' id='line_1_16' title="bbox 193 1333 1887 1398; baseline 0.002 -18"><span class='ocrx_word' id='word_1_138' title='bbox 193 1334 400 1381; x_wconf 87' lang='lat' dir='ltr'>numeris</span> <span class='ocrx_word' id='word_1_139' title='bbox 424 1350 569 1398; x_wconf 88' lang='lat' dir='ltr'>prope</span> <span class='ocrx_word' id='word_1_140' title='bbox 590 1333 817 1396; x_wconf 84' lang='lat' dir='ltr'>adjunctis</span> <span class='ocrx_word' id='word_1_141' title='bbox 834 1334 1044 1393; x_wconf 78' lang='lat' dir='ltr'>varient,</span> <span class='ocrx_word' id='word_1_142' title='bbox 1065 1334 1239 1379; x_wconf 89' lang='lat' dir='ltr'>mirum</span> <span class='ocrx_word' id='word_1_143' title='bbox 1268 1350 1365 1381; x_wconf 90' lang='lat' dir='ltr'>esse</span> <span class='ocrx_word' id='word_1_144' title='bbox 1392 1351 1489 1380; x_wconf 88' lang='lat' dir='ltr'>non</span> <span class='ocrx_word' id='word_1_145' title='bbox 1509 1333 1651 1381; x_wconf 89' lang='lat' dir='ltr'>debet</span> <span class='ocrx_word' id='word_1_146' title='bbox 1667 1372 1679 1394; x_wconf 91' lang='lat'>7</span> <span class='ocrx_word' id='word_1_147' title='bbox 1701 1335 1739 1381; x_wconf 91' lang='lat' dir='ltr'>si</span> <span class='ocrx_word' id='word_1_148' title='bbox 1758 1334 1887 1383; x_wconf 87' lang='lat' dir='ltr'>iden-</span> 
     </span>
     <span class='ocr_line' id='line_1_17' title="bbox 193 1408 1889 1475; baseline 0.002 -20"><span class='ocrx_word' id='word_1_149' title='bbox 193 1408 339 1456; x_wconf 85' lang='lat' dir='ltr'>tidem</span> <span class='ocrx_word' id='word_1_150' title='bbox 362 1408 420 1456; x_wconf 87' lang='lat' dir='ltr'>ab</span> <span class='ocrx_word' id='word_1_151' title='bbox 450 1410 653 1458; x_wconf 88' lang='lat' dir='ltr'>invicem</span> <span class='ocrx_word' id='word_1_152' title='bbox 683 1409 938 1457; x_wconf 81' lang='lat' dir='ltr'>discedant.</span> <span class='ocrx_word' id='word_1_153' title='bbox 968 1408 1013 1456; x_wconf 86' lang='lat' dir='ltr'>Si</span> <span class='ocrx_word' id='word_1_154' title='bbox 1041 1408 1282 1455; x_wconf 86' lang='lat' dir='ltr'>interdum</span> <span class='ocrx_word' id='word_1_155' title='bbox 1304 1410 1354 1456; x_wconf 90' lang='lat' dir='ltr'>in</span> <span class='ocrx_word' id='word_1_156' title='bbox 1380 1409 1468 1457; x_wconf 87' lang='lat' dir='ltr'>hoc</span> <span class='ocrx_word' id='word_1_157' title='bbox 1495 1410 1758 1475; x_wconf 84' lang='lat' dir='ltr'>perdifficili</span> <span class='ocrx_word' id='word_1_158' title='bbox 1787 1430 1889 1459; x_wconf 88' lang='lat' dir='ltr'>mu-</span> 
     </span>
     <span class='ocr_line' id='line_1_18' title="bbox 191 1484 1887 1550; baseline 0.001 -18"><span class='ocrx_word' id='word_1_159' title='bbox 191 1502 304 1533; x_wconf 85' lang='lat' dir='ltr'>nere</span> <span class='ocrx_word' id='word_1_160' title='bbox 316 1484 534 1532; x_wconf 84' lang='lat' dir='ltr'>obeundo</span> <span class='ocrx_word' id='word_1_161' title='bbox 553 1486 693 1550; x_wconf 80' lang='lat' dir='ltr'>aliqui</span> <span class='ocrx_word' id='word_1_162' title='bbox 712 1485 828 1549; x_wconf 80' lang='lat' dir='ltr'>lapsi</span> <span class='ocrx_word' id='word_1_163' title='bbox 848 1492 958 1530; x_wconf 89' lang='lat' dir='ltr'>sunt</span> <span class='ocrx_word' id='word_1_164' title='bbox 976 1520 987 1543; x_wconf 81' lang='lat'>7</span> <span class='ocrx_word' id='word_1_165' title='bbox 1009 1484 1169 1530; x_wconf 87' lang='lat' dir='ltr'>statim</span> <span class='ocrx_word' id='word_1_166' title='bbox 1185 1485 1387 1532; x_wconf 87' lang='lat' dir='ltr'>revocati</span> <span class='ocrx_word' id='word_1_167' title='bbox 1403 1485 1595 1533; x_wconf 87' lang='lat' dir='ltr'>fuerunt</span> <span class='ocrx_word' id='word_1_168' title='bbox 1612 1504 1669 1534; x_wconf 80' lang='lat' dir='ltr'>ex</span> <span class='ocrx_word' id='word_1_169' title='bbox 1692 1504 1887 1534; x_wconf 83' lang='lat' dir='ltr'>censura</span> 
     </span>
     <span class='ocr_line' id='line_1_19' title="bbox 191 1559 1583 1624; baseline 0.001 -17"><span class='ocrx_word' id='word_1_170' title='bbox 191 1560 284 1607; x_wconf 81' lang='lat' dir='ltr'>lata</span> <span class='ocrx_word' id='word_1_171' title='bbox 307 1578 333 1607; x_wconf 88' lang='lat' dir='ltr'>a</span> <span class='ocrx_word' id='word_1_172' title='bbox 352 1562 396 1607; x_wconf 88' lang='lat' dir='ltr'>S.</span> <span class='ocrx_word' id='word_1_173' title='bbox 425 1560 541 1608; x_wconf 87' lang='lat' dir='ltr'>Sede</span> <span class='ocrx_word' id='word_1_174' title='bbox 564 1562 614 1607; x_wconf 90' lang='lat' dir='ltr'>in</span> <span class='ocrx_word' id='word_1_175' title='bbox 636 1577 852 1608; x_wconf 86' lang='lat' dir='ltr'>erroneas</span> <span class='ocrx_word' id='word_1_176' title='bbox 876 1569 958 1607; x_wconf 87' lang='lat' dir='ltr'>aut</span> <span class='ocrx_word' id='word_1_177' title='bbox 978 1559 1114 1606; x_wconf 82' lang='lat' dir='ltr'>falsas</span> <span class='ocrx_word' id='word_1_178' title='bbox 1136 1576 1298 1607; x_wconf 87' lang='lat' dir='ltr'>eorum</span> <span class='ocrx_word' id='word_1_179' title='bbox 1321 1560 1474 1609; x_wconf 86' lang='lat' dir='ltr'>theses</span> <span class='ocrx_word' id='word_1_180' title='bbox 1495 1561 1583 1624; x_wconf 80' lang='lat'>(2).</span> 
     </span>
    </p>
   </div>
   <div class='ocr_carea' id='block_1_4' title="bbox 0 2632 93 3354">
    <p class='ocr_par' dir='ltr' id='par_1_5' title="bbox 0 2632 93 3354">
     <span class='ocr_line' id='line_1_20' title="bbox 0 2632 93 3354; baseline 0 0"><span class='ocrx_word' id='word_1_181' title='bbox 0 2632 93 3354; x_wconf 95' lang='lat' dir='ltr'> </span> 
     </span>
    </p>
   </div>
   <div class='ocr_carea' id='block_1_5' title="bbox 194 1756 1013 2911">
    <p class='ocr_par' dir='ltr' id='par_1_6' title="bbox 194 1756 1012 2710">
     <span class='ocr_line' id='line_1_21' title="bbox 194 1756 1000 1810; baseline 0 -16"><span class='ocrx_word' id='word_1_182' title='bbox 194 1756 329 1794; x_wconf 89' lang='lat' dir='ltr'>duinus</span> <span class='ocrx_word' id='word_1_183' title='bbox 345 1787 355 1803; x_wconf 92' lang='lat'>7</span> <span class='ocrx_word' id='word_1_184' title='bbox 377 1757 515 1810; x_wconf 81' lang='lat' dir='ltr'>aliique</span> <span class='ocrx_word' id='word_1_185' title='bbox 541 1757 792 1796; x_wconf 83' lang='lat' dir='ltr'>Conciliorum</span> <span class='ocrx_word' id='word_1_186' title='bbox 810 1757 900 1810; x_wconf 79' lang='lat' dir='ltr'>galli</span> <span class='ocrx_word' id='word_1_187' title='bbox 921 1757 1000 1794; x_wconf 86' lang='lat' dir='ltr'>col-</span> 
     </span>
     <span class='ocr_line' id='line_1_22' title="bbox 194 1821 1004 1874; baseline -0.001 -14"><span class='ocrx_word' id='word_1_188' title='bbox 194 1822 358 1860; x_wconf 83' lang='lat' dir='ltr'>lectores.</span> <span class='ocrx_word' id='word_1_189' title='bbox 390 1821 523 1860; x_wconf 86' lang='lat' dir='ltr'>Actum</span> <span class='ocrx_word' id='word_1_190' title='bbox 553 1824 592 1860; x_wconf 90' lang='lat' dir='ltr'>in</span> <span class='ocrx_word' id='word_1_191' title='bbox 616 1837 657 1861; x_wconf 91' lang='lat' dir='ltr'>eo</span> <span class='ocrx_word' id='word_1_192' title='bbox 688 1824 919 1874; x_wconf 81' lang='lat' dir='ltr'>potissimum</span> <span class='ocrx_word' id='word_1_193' title='bbox 951 1829 1004 1859; x_wconf 87' lang='lat' dir='ltr'>est</span> 
     </span>
     <span class='ocr_line' id='line_1_23' title="bbox 194 1887 1006 1939; baseline 0 -13"><span class='ocrx_word' id='word_1_194' title='bbox 194 1887 241 1926; x_wconf 87' lang='lat' dir='ltr'>de</span> <span class='ocrx_word' id='word_1_195' title='bbox 253 1890 491 1939; x_wconf 87' lang='lat' dir='ltr'>extirpatione</span> <span class='ocrx_word' id='word_1_196' title='bbox 504 1889 709 1927; x_wconf 83' lang='lat' dir='ltr'>schismatis</span> <span class='ocrx_word' id='word_1_197' title='bbox 725 1919 735 1936; x_wconf 98' lang='lat'>7</span> <span class='ocrx_word' id='word_1_198' title='bbox 757 1892 906 1927; x_wconf 83' lang='lat' dir='ltr'>rescissa</span> <span class='ocrx_word' id='word_1_199' title='bbox 918 1895 1006 1926; x_wconf 84' lang='lat' dir='ltr'>sunt</span> 
     </span>
     <span class='ocr_line' id='line_1_24' title="bbox 198 1955 1004 2008; baseline 0.001 -16"><span class='ocrx_word' id='word_1_200' title='bbox 198 1962 277 1992; x_wconf 87' lang='lat' dir='ltr'>acta</span> <span class='ocrx_word' id='word_1_201' title='bbox 326 1955 561 1994; x_wconf 82' lang='lat' dir='ltr'>conciliabuli</span> <span class='ocrx_word' id='word_1_202' title='bbox 601 1956 724 1994; x_wconf 91' lang='lat' dir='ltr'>Pisani</span> <span class='ocrx_word' id='word_1_203' title='bbox 740 1986 750 2003; x_wconf 91' lang='lat'>7</span> <span class='ocrx_word' id='word_1_204' title='bbox 802 1958 1004 2008; x_wconf 90' lang='lat' dir='ltr'>proscripta</span> 
     </span>
     <span class='ocr_line' id='line_1_25' title="bbox 197 2022 1006 2073; baseline 0.001 -16"><span class='ocrx_word' id='word_1_205' title='bbox 197 2023 420 2070; x_wconf 81' lang='lat' dir='ltr'>pragmatica</span> <span class='ocrx_word' id='word_1_206' title='bbox 436 2024 571 2059; x_wconf 87' lang='lat' dir='ltr'>sanctio</span> <span class='ocrx_word' id='word_1_207' title='bbox 585 2022 765 2073; x_wconf 83' lang='lat' dir='ltr'>gallicana</span> <span class='ocrx_word' id='word_1_208' title='bbox 778 2051 788 2068; x_wconf 78' lang='lat'>7</span> <span class='ocrx_word' id='word_1_209' title='bbox 811 2022 1006 2060; x_wconf 89' lang='lat' dir='ltr'>definitum</span> 
     </span>
     <span class='ocr_line' id='line_1_26' title="bbox 198 2088 1009 2126; baseline 0.001 -3"><span class='ocrx_word' id='word_1_210' title='bbox 198 2095 251 2124; x_wconf 86' lang='lat' dir='ltr'>est</span> <span class='ocrx_word' id='word_1_211' title='bbox 272 2088 435 2126; x_wconf 83' lang='lat' dir='ltr'>animam</span> <span class='ocrx_word' id='word_1_212' title='bbox 462 2089 681 2126; x_wconf 83' lang='lat' dir='ltr'>rationalem</span> <span class='ocrx_word' id='word_1_213' title='bbox 713 2101 790 2126; x_wconf 84' lang='lat' dir='ltr'>esse</span> <span class='ocrx_word' id='word_1_214' title='bbox 820 2089 1009 2125; x_wconf 85' lang='lat' dir='ltr'>immorta-</span> 
     </span>
     <span class='ocr_line' id='line_1_27' title="bbox 197 2152 1007 2204; baseline 0 -14"><span class='ocrx_word' id='word_1_215' title='bbox 197 2152 271 2191; x_wconf 87' lang='lat' dir='ltr'>lem</span> <span class='ocrx_word' id='word_1_216' title='bbox 284 2182 295 2197; x_wconf 86' lang='lat'><em>,</em></span> <span class='ocrx_word' id='word_1_217' title='bbox 319 2167 388 2191; x_wconf 90' lang='lat' dir='ltr'>nee</span> <span class='ocrx_word' id='word_1_218' title='bbox 403 2165 516 2191; x_wconf 87' lang='lat' dir='ltr'>unam</span> <span class='ocrx_word' id='word_1_219' title='bbox 532 2155 571 2190; x_wconf 91' lang='lat' dir='ltr'>in</span> <span class='ocrx_word' id='word_1_220' title='bbox 587 2153 755 2204; x_wconf 88' lang='lat' dir='ltr'>pluribus</span> <span class='ocrx_word' id='word_1_221' title='bbox 769 2152 1007 2200; x_wconf 85' lang='lat' dir='ltr'>hominibus,</span> 
     </span>
     <span class='ocr_line' id='line_1_28' title="bbox 199 2217 1010 2270; baseline 0 -15"><span class='ocrx_word' id='word_1_222' title='bbox 199 2217 262 2256; x_wconf 87' lang='lat' dir='ltr'>sed</span> <span class='ocrx_word' id='word_1_223' title='bbox 297 2219 590 2270; x_wconf 85' lang='lat' dir='ltr'>uniuscujusque</span> <span class='ocrx_word' id='word_1_224' title='bbox 610 2220 794 2269; x_wconf 80' lang='lat' dir='ltr'>propriam</span> <span class='ocrx_word' id='word_1_225' title='bbox 810 2247 819 2264; x_wconf 93' lang='lat'>7</span> <span class='ocrx_word' id='word_1_226' title='bbox 841 2218 944 2256; x_wconf 82' lang='lat' dir='ltr'>secus</span> <span class='ocrx_word' id='word_1_227' title='bbox 967 2231 1010 2256; x_wconf 87' lang='lat' dir='ltr'>ac</span> 
     </span>
     <span class='ocr_line' id='line_1_29' title="bbox 200 2281 1010 2335; baseline 0.002 -16"><span class='ocrx_word' id='word_1_228' title='bbox 200 2281 394 2321; x_wconf 82' lang='lat' dir='ltr'>docuerint</span> <span class='ocrx_word' id='word_1_229' title='bbox 407 2282 861 2333; x_wconf 82' lang='lat' dir='ltr'>Averroes,Pomponatius</span> <span class='ocrx_word' id='word_1_230' title='bbox 874 2282 1010 2335; x_wconf 84' lang='lat' dir='ltr'>aliique</span> 
     </span>
     <span class='ocr_line' id='line_1_30' title="bbox 204 2348 1008 2400; baseline 0.002 -16"><span class='ocrx_word' id='word_1_231' title='bbox 204 2360 267 2398; x_wconf 84' lang='lat' dir='ltr'>per</span> <span class='ocrx_word' id='word_1_232' title='bbox 292 2348 330 2386; x_wconf 92' lang='lat' dir='ltr'>id</span> <span class='ocrx_word' id='word_1_233' title='bbox 357 2351 529 2399; x_wconf 88' lang='lat' dir='ltr'>temporis</span> <span class='ocrx_word' id='word_1_234' title='bbox 560 2349 754 2387; x_wconf 82' lang='lat' dir='ltr'>delirantes</span> <span class='ocrx_word' id='word_1_235' title='bbox 784 2348 1008 2400; x_wconf 82' lang='lat' dir='ltr'>philosophi.</span> 
     </span>
     <span class='ocr_line' id='line_1_31' title="bbox 203 2410 1008 2465; baseline 0.004 -15"><span class='ocrx_word' id='word_1_236' title='bbox 203 2410 243 2450; x_wconf 93' lang='lat' dir='ltr'>Si</span> <span class='ocrx_word' id='word_1_237' title='bbox 278 2420 402 2451; x_wconf 83' lang='lat' dir='ltr'>tamen</span> <span class='ocrx_word' id='word_1_238' title='bbox 439 2415 564 2453; x_wconf 83' lang='lat' dir='ltr'>audias</span> <span class='ocrx_word' id='word_1_239' title='bbox 597 2413 826 2465; x_wconf 89' lang='lat' dir='ltr'>Leopoldum</span> <span class='ocrx_word' id='word_1_240' title='bbox 857 2413 1008 2462; x_wconf 81' lang='lat' dir='ltr'>Ranke7</span> 
     </span>
     <span class='ocr_line' id='line_1_32' title="bbox 201 2474 1008 2529; baseline 0.002 -16"><span class='ocrx_word' id='word_1_241' title='bbox 201 2474 377 2513; x_wconf 71' lang='lat' dir='ltr'>Histoire</span> <span class='ocrx_word' id='word_1_242' title='bbox 398 2476 444 2514; x_wconf 84' lang='lat' dir='ltr'>de</span> <span class='ocrx_word' id='word_1_243' title='bbox 457 2476 493 2515; x_wconf 83' lang='lat' dir='ltr'>la</span> <span class='ocrx_word' id='word_1_244' title='bbox 506 2480 678 2529; x_wconf 69' lang='lat' dir='ltr'>papante</span> <span class='ocrx_word' id='word_1_245' title='bbox 696 2505 707 2524; x_wconf 83' lang='lat'>7</span> <span class='ocrx_word' id='word_1_246' title='bbox 736 2477 901 2515; x_wconf 87' lang='lat' dir='ltr'>doctrina</span> <span class='ocrx_word' id='word_1_247' title='bbox 916 2477 1008 2525; x_wconf 79' lang='lat' dir='ltr'>haec,</span> 
     </span>
     <span class='ocr_line' id='line_1_33' title="bbox 203 2540 1012 2593; baseline 0.001 -14"><span class='ocrx_word' id='word_1_248' title='bbox 203 2540 464 2592; x_wconf 88' lang='lat' dir='ltr'>communibus</span> <span class='ocrx_word' id='word_1_249' title='bbox 503 2542 682 2593; x_wconf 81' lang='lat' dir='ltr'>suffragiis</span> <span class='ocrx_word' id='word_1_250' title='bbox 718 2544 759 2579; x_wconf 89' lang='lat' dir='ltr'>in</span> <span class='ocrx_word' id='word_1_251' title='bbox 788 2543 1012 2581; x_wconf 81' lang='lat' dir='ltr'>oecumenico</span> 
     </span>
     <span class='ocr_line' id='line_1_34' title="bbox 203 2605 1011 2658; baseline 0.001 -14"><span class='ocrx_word' id='word_1_252' title='bbox 203 2605 368 2644; x_wconf 85' lang='lat' dir='ltr'>Concilio</span> <span class='ocrx_word' id='word_1_253' title='bbox 406 2609 627 2658; x_wconf 78' lang='lat' dir='ltr'>proscripta,</span> <span class='ocrx_word' id='word_1_254' title='bbox 664 2615 803 2646; x_wconf 81' lang='lat' dir='ltr'>mentes</span> <span class='ocrx_word' id='word_1_255' title='bbox 840 2608 1011 2647; x_wconf 86' lang='lat' dir='ltr'>italorum</span> 
     </span>
     <span class='ocr_line' id='line_1_35' title="bbox 202 2672 397 2710; baseline 0 -1"><span class='ocrx_word' id='word_1_256' title='bbox 202 2672 397 2710; x_wconf 82' lang='lat' dir='ltr'>invaserat.</span> 
     </span>
    </p>

    <p class='ocr_par' dir='ltr' id='par_1_7' title="bbox 204 2735 1013 2911">
     <span class='ocr_line' id='line_1_36' title="bbox 259 2735 1013 2791; baseline 0.004 -17"><span class='ocrx_word' id='word_1_257' title='bbox 259 2735 316 2788; x_wconf 91' lang='lat' dir='ltr'>(l)</span> <span class='ocrx_word' id='word_1_258' title='bbox 347 2736 428 2774; x_wconf 86' lang='lat' dir='ltr'>Hoc</span> <span class='ocrx_word' id='word_1_259' title='bbox 445 2737 580 2775; x_wconf 79' lang='lat' dir='ltr'>fatetur</span> <span class='ocrx_word' id='word_1_260' title='bbox 596 2736 739 2776; x_wconf 87' lang='lat' dir='ltr'>Palmer</span> <span class='ocrx_word' id='word_1_261' title='bbox 753 2767 764 2786; x_wconf 79' lang='lat'>7</span> <span class='ocrx_word' id='word_1_262' title='bbox 784 2741 847 2791; x_wconf 87' lang='lat' dir='ltr'>qui</span> <span class='ocrx_word' id='word_1_263' title='bbox 860 2739 1013 2789; x_wconf 85' lang='lat' dir='ltr'>proinde</span> 
     </span>
     <span class='ocr_line' id='line_1_37' title="bbox 204 2800 1012 2856; baseline 0.005 -16"><span class='ocrx_word' id='word_1_264' title='bbox 204 2803 349 2842; x_wconf 39' lang='lat' dir='ltr'>hacfde</span> <span class='ocrx_word' id='word_1_265' title='bbox 373 2817 479 2842; x_wconf 87' lang='lat' dir='ltr'>causa</span> <span class='ocrx_word' id='word_1_266' title='bbox 507 2805 675 2856; x_wconf 85' lang='lat' dir='ltr'>animum</span> <span class='ocrx_word' id='word_1_267' title='bbox 695 2804 889 2856; x_wconf 86' lang='lat' dir='ltr'>despondit</span> <span class='ocrx_word' id='word_1_268' title='bbox 918 2800 1012 2844; x_wconf 84' lang='lat' dir='ltr'>circa</span> 
     </span>
     <span class='ocr_line' id='line_1_38' title="bbox 207 2868 1013 2911; baseline 0.005 -5"><span class='ocrx_word' id='word_1_269' title='bbox 207 2870 382 2907; x_wconf 88' lang='lat' dir='ltr'>unionem</span> <span class='ocrx_word' id='word_1_270' title='bbox 393 2877 575 2908; x_wconf 85' lang='lat' dir='ltr'>sectarum</span> <span class='ocrx_word' id='word_1_271' title='bbox 582 2883 668 2908; x_wconf 88' lang='lat' dir='ltr'>cum</span> <span class='ocrx_word' id='word_1_272' title='bbox 679 2868 839 2909; x_wconf 81' lang='lat' dir='ltr'>Ecclesia</span> <span class='ocrx_word' id='word_1_273' title='bbox 850 2884 1013 2911; x_wconf 85' lang='lat' dir='ltr'>romana.</span> 
     </span>
    </p>
   </div>
   <div class='ocr_carea' id='block_1_6' title="bbox 211 2933 1011 3051">
    <p class='ocr_par' dir='ltr' id='par_1_8' title="bbox 211 2933 1011 3051">
     <span class='ocr_line' id='line_1_39' title="bbox 262 2933 1011 2988; baseline 0.005 -16"><span class='ocrx_word' id='word_1_274' title='bbox 262 2933 314 2983; x_wconf 76' lang='lat'>(2)</span> <span class='ocrx_word' id='word_1_275' title='bbox 325 2933 408 2973; x_wconf 87' lang='lat' dir='ltr'>Huc</span> <span class='ocrx_word' id='word_1_276' title='bbox 420 2942 585 2987; x_wconf 85' lang='lat' dir='ltr'>spectant</span> <span class='ocrx_word' id='word_1_277' title='bbox 595 2937 858 2988; x_wconf 82' lang='lat' dir='ltr'>propositiones</span> <span class='ocrx_word' id='word_1_278' title='bbox 870 2951 889 2975; x_wconf 89' lang='lat' dir='ltr'>a</span> <span class='ocrx_word' id='word_1_279' title='bbox 902 2935 1011 2976; x_wconf 89' lang='lat' dir='ltr'>Rom.</span> 
     </span>
     <span class='ocr_line' id='line_1_40' title="bbox 211 2997 765 3051; baseline 0.007 -15"><span class='ocrx_word' id='word_1_280' title='bbox 211 2997 450 3039; x_wconf 86' lang='lat' dir='ltr'>Pontificibus</span> <span class='ocrx_word' id='word_1_281' title='bbox 485 3000 765 3051; x_wconf 76' lang='lat' dir='ltr'>condemnatae,</span> 
     </span>
    </p>
   </div>
   <div class='ocr_carea' id='block_1_7' title="bbox 804 3001 1020 3057">
    <p class='ocr_par' dir='ltr' id='par_1_9' title="bbox 804 3001 1020 3057">
     <span class='ocr_line' id='line_1_41' title="bbox 804 3001 1020 3057; baseline 0 -16"><span class='ocrx_word' id='word_1_282' title='bbox 804 3002 851 3042; x_wconf 90' lang='lat' dir='ltr'>de</span> <span class='ocrx_word' id='word_1_283' title='bbox 880 3001 1020 3057; x_wconf 25' lang='lat' dir='ltr'>quibus(</span> 
     </span>
    </p>
   </div>
   <div class='ocr_carea' id='block_1_8' title="bbox 1072 1755 1890 2205">
    <p class='ocr_par' dir='ltr' id='par_1_10' title="bbox 1072 1755 1890 2205">
     <span class='ocr_line' id='line_1_42' title="bbox 1074 1755 1887 1804; baseline 0.006 -11"><span class='ocrx_word' id='word_1_284' title='bbox 1074 1757 1140 1794; x_wconf 86' lang='lat' dir='ltr'>cfr.</span> <span class='ocrx_word' id='word_1_285' title='bbox 1175 1755 1266 1795; x_wconf 88' lang='lat' dir='ltr'>Viva</span> <span class='ocrx_word' id='word_1_286' title='bbox 1298 1787 1307 1804; x_wconf 93' lang='lat'>7</span> <span class='ocrx_word' id='word_1_287' title='bbox 1355 1756 1526 1796; x_wconf 76' lang='lat' dir='ltr'>Trutina</span> <span class='ocrx_word' id='word_1_288' title='bbox 1576 1757 1738 1798; x_wconf 77' lang='lat' dir='ltr'>thesium</span> <span class='ocrx_word' id='word_1_289' title='bbox 1778 1759 1887 1799; x_wconf 81' lang='lat' dir='ltr'>dam-</span> 
     </span>
     <span class='ocr_line' id='line_1_43' title="bbox 1072 1823 1888 1876; baseline 0.007 -16"><span class='ocrx_word' id='word_1_290' title='bbox 1072 1829 1269 1862; x_wconf 77' lang='lat' dir='ltr'>natarum.</span> <span class='ocrx_word' id='word_1_291' title='bbox 1310 1823 1457 1863; x_wconf 86' lang='lat' dir='ltr'>Exinde</span> <span class='ocrx_word' id='word_1_292' title='bbox 1499 1832 1595 1876; x_wconf 86' lang='lat' dir='ltr'>patet</span> <span class='ocrx_word' id='word_1_293' title='bbox 1611 1856 1621 1873; x_wconf 91' lang='lat'>7</span> <span class='ocrx_word' id='word_1_294' title='bbox 1648 1828 1686 1864; x_wconf 89' lang='lat' dir='ltr'>in</span> <span class='ocrx_word' id='word_1_295' title='bbox 1725 1826 1888 1866; x_wconf 78' lang='lat' dir='ltr'>Ecclesia</span> 
     </span>
     <span class='ocr_line' id='line_1_44' title="bbox 1073 1894 1885 1942; baseline 0.005 -14"><span class='ocrx_word' id='word_1_296' title='bbox 1073 1902 1226 1929; x_wconf 81' lang='lat' dir='ltr'>romana</span> <span class='ocrx_word' id='word_1_297' title='bbox 1248 1904 1391 1942; x_wconf 82' lang='lat' dir='ltr'>semper</span> <span class='ocrx_word' id='word_1_298' title='bbox 1412 1897 1544 1942; x_wconf 83' lang='lat' dir='ltr'>praesto</span> <span class='ocrx_word' id='word_1_299' title='bbox 1563 1904 1638 1931; x_wconf 88' lang='lat' dir='ltr'>esse</span> <span class='ocrx_word' id='word_1_300' title='bbox 1656 1894 1859 1932; x_wconf 86' lang='lat' dir='ltr'>remedium</span> <span class='ocrx_word' id='word_1_301' title='bbox 1872 1922 1885 1939; x_wconf 88' lang='lat'><strong>‚</strong></span> 
     </span>
     <span class='ocr_line' id='line_1_45' title="bbox 1075 1955 1887 2010; baseline 0.006 -17"><span class='ocrx_word' id='word_1_302' title='bbox 1075 1969 1160 1994; x_wconf 89' lang='lat' dir='ltr'>cum</span> <span class='ocrx_word' id='word_1_303' title='bbox 1195 1955 1318 2008; x_wconf 87' lang='lat' dir='ltr'>aliqua</span> <span class='ocrx_word' id='word_1_304' title='bbox 1343 1959 1523 2008; x_wconf 87' lang='lat' dir='ltr'>irrepserit</span> <span class='ocrx_word' id='word_1_305' title='bbox 1547 1972 1589 1996; x_wconf 86' lang='lat' dir='ltr'>ex</span> <span class='ocrx_word' id='word_1_306' title='bbox 1616 1965 1719 2010; x_wconf 87' lang='lat' dir='ltr'>parte</span> <span class='ocrx_word' id='word_1_307' title='bbox 1751 1960 1887 1998; x_wconf 83' lang='lat' dir='ltr'>indivi-</span> 
     </span>
     <span class='ocr_line' id='line_1_46' title="bbox 1075 2021 1888 2072; baseline 0.004 -13"><span class='ocrx_word' id='word_1_308' title='bbox 1075 2021 1235 2059; x_wconf 87' lang='lat' dir='ltr'>duorum</span> <span class='ocrx_word' id='word_1_309' title='bbox 1252 2035 1363 2072; x_wconf 86' lang='lat' dir='ltr'>prava</span> <span class='ocrx_word' id='word_1_310' title='bbox 1387 2023 1569 2062; x_wconf 84' lang='lat' dir='ltr'>doctrina.</span> <span class='ocrx_word' id='word_1_311' title='bbox 1594 2022 1669 2062; x_wconf 85' lang='lat' dir='ltr'>Vix</span> <span class='ocrx_word' id='word_1_312' title='bbox 1695 2026 1795 2062; x_wconf 87' lang='lat' dir='ltr'>enim</span> <span class='ocrx_word' id='word_1_313' title='bbox 1819 2024 1888 2062; x_wconf 90' lang='lat' dir='ltr'>ali-</span> 
     </span>
     <span class='ocr_line' id='line_1_47' title="bbox 1077 2088 1888 2138; baseline 0.006 -15"><span class='ocrx_word' id='word_1_314' title='bbox 1077 2100 1150 2137; x_wconf 88' lang='lat' dir='ltr'>qua</span> <span class='ocrx_word' id='word_1_315' title='bbox 1175 2089 1373 2138; x_wconf 86' lang='lat' dir='ltr'>propositio</span> <span class='ocrx_word' id='word_1_316' title='bbox 1395 2088 1568 2127; x_wconf 84' lang='lat' dir='ltr'>damnata</span> <span class='ocrx_word' id='word_1_317' title='bbox 1593 2089 1685 2136; x_wconf 87' lang='lat' dir='ltr'>fuit,</span> <span class='ocrx_word' id='word_1_318' title='bbox 1716 2097 1758 2127; x_wconf 87' lang='lat' dir='ltr'>ut</span> <span class='ocrx_word' id='word_1_319' title='bbox 1777 2103 1888 2128; x_wconf 90' lang='lat' dir='ltr'>nemo</span> 
     </span>
     <span class='ocr_line' id='line_1_48' title="bbox 1077 2139 1890 2205; baseline 0.006 -18"><span class='ocrx_word' id='word_1_320' title='bbox 1077 2151 1329 2202; x_wconf 81' lang='lat' dir='ltr'>theologorum</span> <span class='ocrx_word' id='word_1_321' title='bbox 1346 2152 1611 2191; x_wconf 84' lang='lat' dir='ltr'>catholicorum</span> <span class='ocrx_word' id='word_1_322' title='bbox 1629 2139 1711 2191; x_wconf 80' lang='lat' dir='ltr'>eam</span> <span class='ocrx_word' id='word_1_323' title='bbox 1731 2154 1890 2205; x_wconf 84' lang='lat' dir='ltr'>amplius</span> 
     </span>
    </p>
   </div>
   <div class='ocr_carea' id='block_1_9' title="bbox 1077 2214 1889 2269">
    <p class='ocr_par' dir='ltr' id='par_1_11' title="bbox 1077 2214 1889 2269">
     <span class='ocr_line' id='line_1_49' title="bbox 1077 2214 1889 2269; baseline 0.007 -17"><span class='ocrx_word' id='word_1_324' title='bbox 1077 2214 1296 2255; x_wconf 84' lang='lat' dir='ltr'>defenderit.</span> <span class='ocrx_word' id='word_1_325' title='bbox 1317 2216 1508 2255; x_wconf 84' lang='lat' dir='ltr'>Proferant</span> <span class='ocrx_word' id='word_1_326' title='bbox 1534 2217 1652 2255; x_wconf 90' lang='lat' dir='ltr'>simile</span> <span class='ocrx_word' id='word_1_327' title='bbox 1677 2219 1889 2269; x_wconf 89' lang='lat' dir='ltr'>exemplum</span> 
     </span>
    </p>
   </div>
   <div class='ocr_carea' id='block_1_10' title="bbox 1077 2281 1896 3055">
    <p class='ocr_par' dir='ltr' id='par_1_12' title="bbox 1077 2281 1896 3055">
     <span class='ocr_line' id='line_1_50' title="bbox 1077 2281 1890 2334; baseline 0.006 -17"><span class='ocrx_word' id='word_1_328' title='bbox 1077 2288 1189 2318; x_wconf 84' lang='lat' dir='ltr'>coetus</span> <span class='ocrx_word' id='word_1_329' title='bbox 1207 2284 1434 2334; x_wconf 88' lang='lat' dir='ltr'>quicumque</span> <span class='ocrx_word' id='word_1_330' title='bbox 1453 2281 1501 2320; x_wconf 84' lang='lat' dir='ltr'>ab</span> <span class='ocrx_word' id='word_1_331' title='bbox 1523 2282 1683 2321; x_wconf 86' lang='lat' dir='ltr'>Ecclesia</span> <span class='ocrx_word' id='word_1_332' title='bbox 1711 2283 1890 2322; x_wconf 85' lang='lat' dir='ltr'>catholica</span> 
     </span>
     <span class='ocr_line' id='line_1_51' title="bbox 1077 2347 1889 2399; baseline 0.005 -15"><span class='ocrx_word' id='word_1_333' title='bbox 1077 2349 1248 2399; x_wconf 82' lang='lat' dir='ltr'>sejuncti.</span> <span class='ocrx_word' id='word_1_334' title='bbox 1274 2348 1382 2385; x_wconf 88' lang='lat' dir='ltr'>Nunc</span> <span class='ocrx_word' id='word_1_335' title='bbox 1401 2362 1486 2386; x_wconf 83' lang='lat' dir='ltr'>vero</span> <span class='ocrx_word' id='word_1_336' title='bbox 1508 2357 1550 2386; x_wconf 89' lang='lat' dir='ltr'>ut</span> <span class='ocrx_word' id='word_1_337' title='bbox 1571 2349 1617 2386; x_wconf 87' lang='lat' dir='ltr'>ad</span> <span class='ocrx_word' id='word_1_338' title='bbox 1638 2347 1782 2387; x_wconf 88' lang='lat' dir='ltr'>Gableri</span> <span class='ocrx_word' id='word_1_339' title='bbox 1799 2349 1889 2388; x_wconf 86' lang='lat' dir='ltr'>alio—</span> 
     </span>
     <span class='ocr_line' id='line_1_52' title="bbox 1078 2416 1889 2467; baseline 0.004 -16"><span class='ocrx_word' id='word_1_340' title='bbox 1078 2426 1236 2465; x_wconf 86' lang='lat' dir='ltr'>rumque</span> <span class='ocrx_word' id='word_1_341' title='bbox 1259 2416 1337 2464; x_wconf 84' lang='lat' dir='ltr'>ejus</span> <span class='ocrx_word' id='word_1_342' title='bbox 1354 2416 1632 2465; x_wconf 80' lang='lat' dir='ltr'>symmistarum</span> <span class='ocrx_word' id='word_1_343' title='bbox 1646 2443 1658 2462; x_wconf 91' lang='grc'><em>,</em></span> <span class='ocrx_word' id='word_1_344' title='bbox 1679 2416 1744 2467; x_wconf 90' lang='lat' dir='ltr'>qui</span> <span class='ocrx_word' id='word_1_345' title='bbox 1761 2429 1889 2467; x_wconf 83' lang='lat' dir='ltr'>expro-</span> 
     </span>
     <span class='ocr_line' id='line_1_53' title="bbox 1077 2476 1890 2532; baseline 0.005 -16"><span class='ocrx_word' id='word_1_346' title='bbox 1077 2476 1189 2517; x_wconf 85' lang='lat' dir='ltr'>brant</span> <span class='ocrx_word' id='word_1_347' title='bbox 1213 2478 1410 2518; x_wconf 84' lang='lat' dir='ltr'>Catholicis</span> <span class='ocrx_word' id='word_1_348' title='bbox 1431 2479 1570 2518; x_wconf 86' lang='lat' dir='ltr'>nullius</span> <span class='ocrx_word' id='word_1_349' title='bbox 1595 2480 1710 2532; x_wconf 80' lang='lat' dir='ltr'>frugis</span> <span class='ocrx_word' id='word_1_350' title='bbox 1736 2494 1890 2520; x_wconf 89' lang='lat' dir='ltr'>concer-</span> 
     </span>
     <span class='ocr_line' id='line_1_54' title="bbox 1078 2546 1888 2600; baseline 0.005 -17"><span class='ocrx_word' id='word_1_351' title='bbox 1078 2546 1233 2595; x_wconf 85' lang='lat' dir='ltr'>tationes</span> <span class='ocrx_word' id='word_1_352' title='bbox 1247 2576 1257 2594; x_wconf 87' lang='lat'>7</span> <span class='ocrx_word' id='word_1_353' title='bbox 1275 2560 1432 2599; x_wconf 86' lang='lat' dir='ltr'>quarum</span> <span class='ocrx_word' id='word_1_354' title='bbox 1448 2549 1506 2585; x_wconf 82' lang='lat' dir='ltr'>vix</span> <span class='ocrx_word' id='word_1_355' title='bbox 1517 2556 1712 2599; x_wconf 84' lang='lat' dir='ltr'>supersunt</span> <span class='ocrx_word' id='word_1_356' title='bbox 1724 2550 1888 2600; x_wconf 81' lang='lat' dir='ltr'>vestigia,</span> 
     </span>
     <span class='ocr_line' id='line_1_55' title="bbox 1080 2616 1890 2666; baseline 0.005 -17"><span class='ocrx_word' id='word_1_357' title='bbox 1080 2624 1284 2651; x_wconf 86' lang='lat' dir='ltr'>sermonem</span> <span class='ocrx_word' id='word_1_358' title='bbox 1312 2622 1568 2653; x_wconf 84' lang='lat' dir='ltr'>convertamus</span> <span class='ocrx_word' id='word_1_359' title='bbox 1584 2645 1595 2662; x_wconf 89' lang='lat'>7</span> <span class='ocrx_word' id='word_1_360' title='bbox 1626 2616 1656 2653; x_wconf 88' lang='lat' dir='ltr'>si</span> <span class='ocrx_word' id='word_1_361' title='bbox 1676 2627 1890 2666; x_wconf 83' lang='lat' dir='ltr'>urgeremus</span> 
     </span>
     <span class='ocr_line' id='line_1_56' title="bbox 1085 2677 1891 2720; baseline 0.005 -5"><span class='ocrx_word' id='word_1_362' title='bbox 1085 2677 1257 2717; x_wconf 85' lang='lat' dir='ltr'>adversus</span> <span class='ocrx_word' id='word_1_363' title='bbox 1280 2678 1365 2718; x_wconf 88' lang='lat' dir='ltr'>illos</span> <span class='ocrx_word' id='word_1_364' title='bbox 1392 2682 1654 2719; x_wconf 83' lang='lat' dir='ltr'>controversias</span> <span class='ocrx_word' id='word_1_365' title='bbox 1673 2693 1801 2720; x_wconf 91' lang='lat' dir='ltr'>omnes</span> <span class='ocrx_word' id='word_1_366' title='bbox 1817 2694 1891 2720; x_wconf 84' lang='lat' dir='ltr'>eas-</span> 
     </span>
     <span class='ocr_line' id='line_1_57' title="bbox 1081 2743 1891 2795; baseline 0.004 -15"><span class='ocrx_word' id='word_1_367' title='bbox 1081 2755 1152 2793; x_wconf 90' lang='lat' dir='ltr'>que</span> <span class='ocrx_word' id='word_1_368' title='bbox 1180 2743 1437 2794; x_wconf 84' lang='lat' dir='ltr'>gravissimas‚</span> <span class='ocrx_word' id='word_1_369' title='bbox 1474 2746 1646 2795; x_wconf 87' lang='lat' dir='ltr'>dissidia,</span> <span class='ocrx_word' id='word_1_370' title='bbox 1686 2747 1891 2785; x_wconf 83' lang='lat' dir='ltr'>simultates</span> 
     </span>
     <span class='ocr_line' id='line_1_58' title="bbox 1081 2810 1891 2864; baseline 0.005 -20"><span class='ocrx_word' id='word_1_371' title='bbox 1081 2810 1296 2855; x_wconf 84' lang='lat' dir='ltr'>acerrimas,</span> <span class='ocrx_word' id='word_1_372' title='bbox 1315 2822 1397 2861; x_wconf 83' lang='lat' dir='ltr'>quae</span> <span class='ocrx_word' id='word_1_373' title='bbox 1413 2820 1549 2849; x_wconf 85' lang='lat' dir='ltr'>exortae</span> <span class='ocrx_word' id='word_1_374' title='bbox 1572 2819 1662 2851; x_wconf 87' lang='lat' dir='ltr'>sunt</span> <span class='ocrx_word' id='word_1_375' title='bbox 1691 2821 1728 2851; x_wconf 89' lang='lat' dir='ltr'>et</span> <span class='ocrx_word' id='word_1_376' title='bbox 1752 2813 1891 2864; x_wconf 87' lang='lat' dir='ltr'>passim</span> 
     </span>
     <span class='ocr_line' id='line_1_59' title="bbox 1082 2873 1891 2929; baseline 0.005 -19"><span class='ocrx_word' id='word_1_377' title='bbox 1082 2873 1205 2913; x_wconf 87' lang='lat' dir='ltr'>adhue</span> <span class='ocrx_word' id='word_1_378' title='bbox 1233 2888 1334 2915; x_wconf 86' lang='lat' dir='ltr'>novae</span> <span class='ocrx_word' id='word_1_379' title='bbox 1369 2877 1466 2928; x_wconf 88' lang='lat' dir='ltr'>apud</span> <span class='ocrx_word' id='word_1_380' title='bbox 1504 2879 1601 2929; x_wconf 85' lang='lat' dir='ltr'>ipsos</span> <span class='ocrx_word' id='word_1_381' title='bbox 1655 2879 1867 2917; x_wconf 86' lang='lat' dir='ltr'>exoriuntur</span> <span class='ocrx_word' id='word_1_382' title='bbox 1880 2905 1891 2922; x_wconf 90' lang='lat'>‚</span> 
     </span>
     <span class='ocr_line' id='line_1_60' title="bbox 1083 2943 1895 2996; baseline 0.005 -19"><span class='ocrx_word' id='word_1_383' title='bbox 1083 2952 1241 2993; x_wconf 80' lang='lat' dir='ltr'>quaeque</span> <span class='ocrx_word' id='word_1_384' title='bbox 1274 2944 1383 2995; x_wconf 82' lang='lat' dir='ltr'>juxta</span> <span class='ocrx_word' id='word_1_385' title='bbox 1422 2953 1578 2996; x_wconf 85' lang='lat' dir='ltr'>systema</span> <span class='ocrx_word' id='word_1_386' title='bbox 1616 2943 1895 2982; x_wconf 83' lang='lat' dir='ltr'>fundamentale</span> 
     </span>
     <span class='ocr_line' id='line_1_61' title="bbox 1085 3006 1896 3055; baseline 0.005 -13"><span class='ocrx_word' id='word_1_387' title='bbox 1085 3006 1373 3055; x_wconf 81' lang='lat' dir='ltr'>protestantismi</span> <span class='ocrx_word' id='word_1_388' title='bbox 1400 3007 1446 3047; x_wconf 86' lang='lat' dir='ltr'>de</span> <span class='ocrx_word' id='word_1_389' title='bbox 1470 3007 1638 3049; x_wconf 81' lang='lat' dir='ltr'>libertate</span> <span class='ocrx_word' id='word_1_390' title='bbox 1657 3008 1838 3048; x_wconf 84' lang='lat' dir='ltr'>examinis</span> <span class='ocrx_word' id='word_1_391' title='bbox 1860 3015 1896 3047; x_wconf 86' lang='lat' dir='ltr'>et</span> 
     </span>
    </p>
   </div>
  </div>
 </body>
</html>
