2028 3354
448 200 571 232 ram.
609 201 643 229 1.
680 200 777 229 car.
813 198 878 228 iv.
918 198 974 228 ΒΕ
1010 194 1227 226 nccmsm:
1261 194 1459 225 nonnus.
1696 174 1795 227 263

171 314 282 362 402.
321 314 392 362 Ad
430 314 523 373 51¹⁰7
558 313 676 377 Neq.
715 330 891 376 conseq.
934 309 1246 375 Quaecumque
1285 302 1416 356 enirn
1464 306 1655 355 demum
1698 308 1793 355 sint

105 390 259 439 media
279 399 325 438 et
350 389 588 437 industriae
605 425 617 448 ,
649 388 815 453 quibus
839 387 1033 435 Ecclesia
1058 386 1206 432 utitur
1230 386 1281 432 in
1309 382 1625 448 cognoscendo
1652 401 1794 431 sensu

106 485 186 515 seu
221 475 379 514 mente
413 465 602 528 alicujus
630 465 828 512 auctoris
850 500 862 524 7
902 463 1134 524 obJectum
1166 461 1361 526 plenum
1396 460 1680 507 definitionis
1711 478 1796 526 per

104 542 296 591 modum
334 541 469 588 unius
510 541 599 588 erit
626 539 734 588 fidei
771 539 1005 602 objectum
1038 537 1196 595 divina
1244 535 1335 584 fide
1377 535 1691 594 credendum,
1733 535 1793 584 ob

102 619 305 665 rationes
334 617 474 683 paulo
507 626 615 664 ante
643 615 880 663 adductas.
913 616 1037 661 Dum
1068 629 1177 661 vero
1205 613 1327 657 Deus
1358 610 1571 659 Ecclesiae
1601 630 1692 660 suae
1721 630 1796 660 as-

105 694 255 754 sistit,
291 711 389 740 non
424 692 628 740 excludit
655 692 859 739 humana
886 688 1068 745 media,
1102 695 1245 752 prout
1280 703 1332 733 ea
1366 686 1415 732 in
1447 687 1797 737 definitionibus

104 786 222 835 pure
255 769 525 833 dogmaticis
549 786 646 816 non
671 765 886 815 excludit.

172 846 287 894 403.
326 845 433 908 Obj.
468 844 682 892 secunda.
707 842 755 888 1⁰
775 842 957 905 Pugnat
989 839 1210 888 adversus
1231 838 1352 886 hanc
1375 838 1637 887 doctrinam
1660 842 1802 889 novi-

108 922 217 969 tatis
249 921 596 987 praejudicium3
630 935 735 965 cum
763 934 860 964 non
890 917 1084 984 coeperit
1116 916 1403 981 propugnari
1432 916 1520 964 nisi
1557 918 1804 982 postremis

106 1084 233 1113 torum
264 1075 457 1113 doctorum
486 1072 751 1111 catholicorum
775 1079 922 1110 senten·
988 1071 1130 1124 points.
1161 1072 1219 1109 Le
1234 1072 1404 1123 premier
1421 1083 1470 1110 ne
1491 1070 1648 1123 reqarde
1664 1071 1807 1123 qu'une

108 1142 195 1178 tiam
213 1169 224 1187 ‚
252 1139 523 1178 heterodoxiam
565 1145 686 1177 textus
728 1129 924 1188 dogmatici
990 1136 1162 1188 question
1189 1135 1235 1173 de
1265 1142 1360 1173 mota
1381 1149 1450 1174 eur
1479 1136 1511 1174 Ie
1535 1142 1649 1175 terme
1681 1136 1727 1174 de
1748 1136 1808 1188 foi

108 1205 155 1244 ab
185 1205 347 1243 Ecclesia
380 1205 539 1243 decisam
585 1204 794 1242 firmissime
826 1201 925 1254 judi·
992 1201 1143 1248 divine,
1161 1202 1328 1253 quipcut
1351 1203 1427 1239 ecre
1436 1203 1526 1254 pris
1543 1202 1641 1240 dans
1656 1215 1711 1240 un
1721 1215 1809 1240 sens

107 1273 180 1311 cari
208 1286 311 1323 posse
334 1285 397 1323 per
418 1271 530 1309 fidem
547 1298 558 1317 ‚
586 1284 697 1322 quam
719 1277 852 1308 vocant
868 1282 928 1307 ec·
986 1265 1078 1320 plus
1110 1279 1158 1304 ou
1178 1269 1303 1304 moins
1320 1267 1554 1319 riqoareuoe3
1574 1267 1626 1305 les
1648 1281 1721 1305 uns
1741 1281 1808 1305 en-

105 1336 374 1378 clesiasticam.
390 1335 438 1374 Hi
452 1338 551 1374 enim
564 1336 731 1374 doctores
745 1335 925 1387 triplicem

108 1403 220 1441 fidem
254 1402 509 1453 distinguunt,
544 1400 719 1438 divinam
751 1401 890 1440 scilicet
915 1430 925 1447 ‚

108 1481 191 1521 quae
213 1469 343 1506 nititur
367 1468 581 1506 auctoritate
603 1465 757 1510 divina;
789 1464 927 1502 huma-

109 1546 204 1570 nam
217 1560 231 1582 ‚
254 1547 335 1585 quae
355 1533 486 1570 nititur
501 1533 713 1569 auctoritate
734 1530 897 1568 humana
917 1543 927 1580 3

113 1606 146 1637 et
159 1599 416 1637 intermediam
430 1626 444 1647 ‚
465 1609 548 1650 quae
560 1595 813 1635 ecclesiastica
828 1611 928 1635 nun-

112 1671 275 1716 cupatur
295 1693 305 1711 ‚
328 1665 414 1716 quia
434 1665 564 1701 nititur
577 1664 789 1701 auctoritate
802 1662 929 1700 Eccle-

112 1732 174 1769 siae
220 1730 361 1782 aliquid
405 1729 614 1768 definientis
651 1742 735 1767 cum
779 1729 931 1781 speciali

111 1794 269 1847 Spiritus
292 1794 418 1833 Sancti
456 1795 683 1843 assistentia,
710 1807 870 1846 quacum
891 1795 930 1831 in

112 1876 178 1900 sua
210 1861 424 1900 definitione
450 1873 570 1898 errare
597 1873 674 1897 non
709 1867 840 1911 potest.
872 1858 930 1897 Ex

114 1927 173 1965 his
194 1925 406 1965 humanam
429 1939 505 1964 non
531 1926 684 1963 omnino
704 1932 838 1963 certam
862 1924 930 1963 ha-

113 1992 231 2041 bent,
269 1999 395 2044 utpote
434 1993 545 2031 errori
573 1991 798 2040 obnoxiam3
827 1990 929 2028 divi-

115 2071 205 2097 nam
231 2072 315 2097 vero
330 2057 565 2096 infallibilem
589 2057 802 2095 immediate
822 2065 857 2095 et
867 2070 932 2108 per

118 2138 155 2163 se
170 2137 181 2174 3
194 2123 486 2163 ecclesiasticam
497 2123 761 2162 infallibilitate
784 2124 932 2174 partici-

120 2194 204 2240 pata
239 2198 275 2228 et
301 2197 475 2241 accepta;
502 2189 670 2240 adeoque
691 2188 810 2241 gradu
838 2186 934 2226 infe-

123 2256 204 2292 riori
221 2284 230 2303 ,
244 2270 356 2308 quam
378 2258 424 2294 sit
445 2256 569 2294 divina
582 2284 592 2302 ‚
608 2262 644 2292 et
658 2255 846 2306 superiore
859 2254 932 2292 hu-

124 2333 233 2358 mana
258 2321 491 2361 certitudine.
522 2320 686 2359 Fenelon
708 2321 838 2358 clarius
864 2320 935 2358 hoc

123 2387 247 2437 ipsum
267 2389 415 2437 exponit
441 2389 481 2425 in
509 2386 669 2426 secunda
695 2387 935 2424 instructione

126 2451 295 2503 pastorali
319 2465 427 2503 super
442 2466 569 2491 casum
594 2452 826 2490 conscientiae
836 2482 850 2500 ,
871 2451 935 2489 ubi

126 2530 236 2568 agens
258 2516 304 2554 de
323 2515 394 2554 hac
407 2517 661 2569 theologorum»
677 2516 937 2568 'disceptatione

128 2585 224 2622 circa
241 2596 380 2621 nomen
394 2612 404 2631 ,
423 2597 496 2635 quo
512 2613 522 2631 ‚
545 2584 627 2621 haec
653 2584 831 2636 designari
848 2584 937 2621 fides

129 2648 261 2687 debeat
283 2677 293 2695 ‚
320 2647 399 2685 haec
424 2646 553 2685 scribit
581 2661 591 2685 :
623 2646 739 2687 Voilae'z
761 2663 800 2687 ce
825 2648 938 2700 qu'on

123 2718 308 2766 pourrait
324 2714 405 2751 dire
426 2713 471 2751 de
489 2720 582 2766 part
602 2719 637 2751 et
657 2713 802 2753 d'autre
817 2745 826 2759 ‚
838 2727 941 2765 pour

134 2781 335 2819 ewaminer
351 2810 361 2829 ‚
387 2778 450 2817 s'il
466 2785 521 2817 est
539 2780 686 2832 permis
706 2793 755 2818 ou
775 2792 852 2818 non
867 2809 878 2828 ,
899 2779 944 2817 de

132 2847 278 2885 donner
302 2845 333 2885 le
368 2860 457 2885 nom
493 2846 538 2884 de
570 2846 629 2898 foi
659 2846 789 2884 divine
818 2847 842 2885 ὰ
868 2860 944 2885 une

132 2910 215 2950 telle
230 2925 431 2964 croyance.
457 2911 523 2950 On
539 2919 633 2965 peut
651 2911 823 2964 dispater
844 2915 868 2951 ὰ
882 2919 937 2950 cet

133 2976 250 3027 eqard
287 2976 384 3015 dam
416 2976 470 3016 les
507 2976 622 3016 eccles
653 2990 723 3015 sar
749 2990 812 3017 ces
840 2977 939 3016 deum

993 1331 1152 1370 tendant
1168 1345 1248 1384 par
1269 1345 1310 1370 ce
1339 1340 1455 1371 terme
1478 1332 1515 1372 la
1550 1332 1650 1371 seule
1671 1333 1730 1385 foi
1749 1332 1811 1371 di-

994 1398 1108 1445 vine,
1145 1399 1214 1448 qai.
1238 1404 1291 1435 est
1321 1411 1396 1436 une
1425 1404 1535 1438 verta
1572 1398 1774 1450 theoloyale
1795 1412 1821 1449 ;Κ

997 1463 1049 1501 les
1065 1469 1193 1500 autres
1209 1476 1233 1513 y
1256 1471 1501 1515 comprenant
1513 1471 1610 1503 toute
1624 1478 1810 1516 croyance

995 1529 1065 1580 qai
1089 1534 1144 1566 est
1166 1531 1336 1580 appuyee
1374 1542 1424 1567 ou
1449 1529 1777 1568 immediatement
1796 1559 1808 1579 ‚

999 1607 1049 1631 ou
1079 1593 1133 1631 du
1159 1594 1285 1631 moins
1304 1593 1571 1632 niediatement
1591 1609 1660 1633 sm·
1682 1594 1811 1648 lefon-

997 1659 1147 1697 dement
1162 1659 1207 1696 de
1231 1658 1419 1697 l’autorite
1442 1660 1589 1699 divine.
1609 1661 1660 1698 Le
1673 1660 1812 1699 second

990 1725 1107 1777 point
1120 1737 1159 1761 se
1171 1724 1490 1773 reduitasavoim
1513 1721 1701 1764 comment
1720 1726 1811 1764 cha-

997 1802 1075 1827 cun
1095 1795 1230 1827 tourne
1265 1797 1335 1826 son
1364 1797 1445 1827 acte
1468 1789 1513 1827 de
1526 1790 1601 1841 foi.
1631 1791 1706 1829 Les
1735 1804 1812 1829 une

997 1855 1183 1894 voudront
1210 1855 1294 1894 dire
1326 1855 1566 1908 simplement
1598 1871 1611 1897 .·
1640 1857 1691 1896 Je
1713 1860 1816 1897 crois

995 1922 1212 1960 l’hereticite
1237 1921 1332 1960 d’un
1357 1921 1408 1960 tel
1429 1928 1525 1961 texte
1549 1936 1617 1961 eur
1647 1923 1688 1961 la
1713 1923 1816 1962 seule

991 1988 1126 2043 parole
1148 1988 1193 2027 de
1218 1988 1380 2041 I'quise
1393 2019 1406 2039 ,
1440 2003 1512 2041 que
1522 1991 1570 2042 je
1593 1991 1673 2028 saie
1696 1989 1813 2028 d'ail-

998 2055 1097 2093 leurs
1111 2056 1185 2094 ecre
1199 2054 1419 2106 infaillible.
1438 2055 1512 2093 Les
1524 2062 1650 2093 autres
1661 2055 1789 2093 disent
1806 2071 1821 2093 :

1000 2121 1050 2159 Je
1071 2122 1171 2159 crois
1201 2120 1488 2173 l’insaillihilile
1514 2121 1559 2159 de
1586 2120 1747 2172 l’quise
1768 2135 1816 2159 en

1002 2193 1165 2239 tamque
1185 2186 1323 2227 rei-elec
1339 2217 1350 2233 ,
1371 2200 1502 2225 curun
1519 2186 1570 2225 tel
1589 2193 1697 2226 texte.
1715 2186 1814 2239 Opp-

1002 2253 1086 2292 edit.
1109 2254 1173 2291 cit.
1191 2261 1278 2290 torn.
1304 2267 1323 2291 x
1339 2283 1349 2300 ‚
1363 2267 1445 2304 pag.
1470 2251 1549 2302 468
1565 2260 1599 2291 et
1620 2266 1724 2305 seqq.
1739 2251 1814 2291 Cfr.

1003 2321 1135 2370 pariter
1167 2321 1208 2357 in
1249 2320 1483 2370 responsione
1529 2318 1575 2356 ad
1614 2319 1816 2358 secundam

1006 2384 1194 2435 epistolam
1218 2383 1385 2436 Episcopi
1407 2385 1522 2422 sancti
1546 2383 1664 2422 Pontii
1679 2383 1725 2436 ‚S
1743 2383 1813 2432 15,

1004 2463 1089 2501 opp.
1113 2459 1204 2489 tom.
1231 2463 1281 2488 xu
1298 2480 1309 2498 ‚
1332 2462 1416 2503 pag.
1437 2447 1516 2500 546
1531 2454 1567 2488 et
1581 2464 1685 2503 seqq.
1706 2449 1818 2489 Cons.

1005 2516 1234 2564 manarent,
1257 2518 1297 2554 in
1327 2530 1389 2568 op.
1418 2515 1462 2554 Il
1489 2516 1591 2556 buon
1626 2530 1694 2555 ueo
1721 2517 1818 2556 della

1006 2580 1124 2632 loqiea
1142 2613 1152 2631 ,
1169 2595 1295 2634 opusc.
1310 2593 1395 2620 xxtv
1415 2611 1425 2630 ‚
1454 2581 1503 2620 Se
1524 2582 1684 2634 unfatto
1713 2582 1820 2621 dom-

1007 2648 1144 2686 malico
1177 2650 1236 2686 sia
1262 2654 1403 2699 oqqecto
1430 2646 1474 2685 di
1499 2647 1585 2699 fede
1607 2647 1788 2700 teoloyica
1805 2676 1816 2696 ‚

1009 2711 1073 2751 ubi
1108 2713 1300 2753 ostendere
1340 2713 1467 2752 multis
1499 2715 1701 2752 connititur
1734 2728 1821 2753 cum

1011 2777 1178 2829 pluribus
1191 2779 1365 2830 theologis
1387 2809 1397 2827 ‚
1416 2778 1555 2817 factum
1571 2779 1820 2831 dogmaticum

1009 2841 1057 2882 ab
1077 2842 1234 2884 Ecclesia
1250 2844 1446 2883 definitum
1470 2858 1547 2883 esse
1573 2848 1689 2897 reipsa
1716 2841 1821 2897 obje-

1003 2916 1105 2947 ctum
1125 2910 1210 2949 fidei
1236 2909 1371 2951 divinae
1388 2917 1497 2963 atque
1518 2909 1744 2962 theologicae.
