2028 3354
230 234 322 281 450
714 243 869 274 rnAcr.
912 245 964 272 nn
1001 244 1119 274 toc1s
1153 244 1455 276 mnonocmis.

232 368 566 429 repraesentat3
599 361 699 419 jam
750 373 858 404 vero
893 356 1016 404 solus
1048 374 1165 403 rom.
1202 358 1409 406 Pontifex
1433 364 1539 422 jure
1571 358 1731 407 divino
1763 359 1922 423 praesi·

231 441 310 487 det
333 436 542 484 Ecclesiae¹
575 435 840 492 universae3
869 433 966 497 ipse
997 431 1194 497 proinde
1229 433 1351 480 solus
1385 444 1539 499 potest
1574 436 1816 500 Episcopos
1849 451 1925 490 co—

230 531 350 578 gere,
363 520 502 576 atque
518 511 574 558 iis
588 509 790 558 collectis
808 518 1031 574 tanquam
1050 517 1188 574 caput
1214 526 1266 556 ac
1292 526 1534 575 supremus
1553 521 1711 577 pastor
1730 527 1926 576 praeesse

229 598 275 636 et
304 605 465 636 eorum
497 595 598 634 acta
628 585 842 651 probare.
1103 634 1106 637 ⁴

298 663 408 711 655.
449 662 583 721 Quod
608 680 718 709 vero
745 661 984 726 speciatim
1007 662 1177 709 attinet
1198 661 1257 707 ad
1275 662 1673 710 confirmationem
1698 662 1929 710 Concilio-

233 758 339 788 rum
367 739 789 794 oecumenicorum,
810 737 938 783 illam
964 736 1023 782 ad
1050 737 1201 783 solum
1227 755 1345 784 rom.
1371 738 1642 785 Pontificem
1664 738 1924 803 pertinere,

233 816 490 882 praesertim
525 815 562 860 si
588 830 742 877 neque
767 830 851 877 per
874 830 923 860 se
940 849 952 868 .,
978 830 1130 876 neque
1160 830 1245 876 per
1276 813 1451 882 legatos
1481 832 1584 861 suos
1602 814 1928 861 iisdem-inter-

232 892 392 939 fuisset
416 927 428 949 ,
454 888 621 936 exinde
652 896 863 946 constat,
898 887 1022 952 quod
1064 888 1154 934 nisi
1190 888 1288 953 ipse
1329 889 1584 936 Concilium
1623 891 1929 937 confirmave-

233 968 293 1014 rit
314 1003 326 1017 .
355 966 452 1013 sive
483 963 791 1028 acceptaverit
814 999 825 1020 7
861 963 986 1010 illive
1017 964 1303 1011 consenserit
1330 1001 1341 1023 ἢ
1367 964 1454 1011 hoc
1487 983 1639 1030 neque
1671 966 1929 1013 oecumeni-

235 1061 337 1090 cum
351 1042 411 1087 sit
426 1077 437 1099 a
457 1056 608 1103 neque
629 1041 679 1084 in
697 1037 789 1084 suis
805 1038 987 1099 judiciis
1011 1038 1363 1085 irreformabile.
1385 1042 1503 1086 Nam
1520 1051 1710 1089 eatenus
1730 1040 1931 1087 habetur

236 1119 305 1165 uti
327 1116 666 1165 oecumenicum
712 1124 759 1161 et
800 1113 1047 1160 infallibile
1087 1113 1375 1171 Concilium,
1414 1126 1640 1179 quatenus
1686 1117 1933 1164 Ecclesiam

235 1194 503 1242 universam
540 1198 870 1255 repraesentat„
911 1189 985 1237 cui
1023 1188 1408 1237 infallibilitatem
1454 1191 1660 1238 Christus
1698 1193 1927 1256 promisit.

239 1271 345 1318 Jam
362 1286 472 1316 vero
497 1268 597 1313 sine
613 1284 733 1313 rom.
755 1265 977 1312 Pontifice
992 1301 1004 1320 ,
1034 1265 1113 1330 qui
1131 1267 1273 1311 totius
1302 1265 1508 1313 Ecclesiae
1532 1276 1669 1331 caput
1686 1276 1754 1314 est
1776 1303 1787 1325 ,
1818 1270 1937 1314 Con-

239 1346 396 1393 cilium
429 1342 672 1407 quodlibet
707 1350 787 1388 aut
817 1342 1160 1388 oecumenicum
1193 1351 1273 1387 aut
1299 1352 1639 1407 repraesentans
1673 1344 1935 1393 universam

237 1409 483 1467 Ecclesiam
512 1434 597 1464 nec
628 1427 727 1476 est7
759 1434 844 1464 nec
873 1417 963 1464 dici
988 1426 1169 1482 potest,
1201 1434 1307 1464 cum
1334 1418 1394 1464 sit
1422 1435 1591 1483 corpus
1623 1418 1894 1484 acephalum
1918 1438 1931 1480 3

241 1514 349 1560 ergo
373 1495 473 1542 sine
515 1495 747 1541 Pontificis
770 1494 1123 1540 confirmatione
1158 1492 1298 1540 nullis
1321 1493 1445 1541 hisce
1469 1496 1785 1560 praerogativis
1816 1496 1940 1543 Con⁴

240 1573 398 1619 cilium
421 1571 589 1634 gaudet
609 1607 621 1630 ,
652 1570 800 1617 multo
831 1588 939 1618 vero
960 1570 1104 1633 magis
1130 1570 1194 1618 eis
1225 1569 1505 1617 destituetur
1524 1607 1537 1632 ‚
1564 1572 1602 1618 si
1626 1571 1940 1618 contradicen-

239 1658 341 1696 tem
370 1647 589 1695 habuerit
621 1648 910 1694 Pontificem.
949 1647 1101 1704 Quare
1134 1647 1243 1694 hinc
1286 1648 1458 1694 factum
1489 1657 1586 1700 est,
1624 1658 1675 1694 ut
1702 1664 1944 1712 nunquam

245 1726 445 1787 qu'usvis
470 1723 660 1770 Concilii
686 1723 870 1771 decreta
891 1760 903 1782 a
931 1740 1032 1788 quae
1073 1741 1191 1771 rom.
1231 1724 1444 1787 Pontifex
1473 1725 1606 1771 firma
1645 1741 1696 1770 ac
1720 1733 1816 1771 rata
1848 1741 1944 1769 non

246 1801 463 1848 habuerit
484 1835 497 1858 ι,
543 1799 686 1847 veluti
724 1798 1037 1847 ineluctabilia
1068 1817 1119 1847 ac
1153 1799 1244 1847 fide
1282 1800 1439 1849 divina
1472 1799 1702 1847 credenda
1735 1808 1944 1864 suscepta

244 1875 451 1935 -fuerint3
480 1884 638 1922 contra
666 1892 772 1923 vero
802 1884 1029 1940 tanquam
1063 1876 1220 1924 divina
1255 1876 1381 1923 fuere
1406 1886 1617 1941 recepta,
1643 1893 1746 1940 quae
1770 1892 1793 1921 a
1823 1892 1941 1921 rom,

252 1951 471 1998 Pontifice
491 1950 681 1998 fuerunt
707 1951 977 1998 confirmata
1019 1951 1110 2016 (l).

319 2027 428 2074 656.
465 2027 531 2074 Ex
560 2026 630 2073 his
653 2036 809 2092 patet5
839 2028 885 2074 1ο
921 2026 1034 2092 quid
1066 2027 1124 2074 de
1144 2027 1301 2075 aulicis
1318 2028 1409 2074 illis
1429 2027 1730 2092 scriptoribus
1750 2028 1950 2074 sentien-

256 2104 369 2151 dum
403 2104 497 2164 sit7
544 2105 623 2169 qui
658 2109 732 2167 jus
775 2105 1060 2152 convocandi
1107 2105 1306 2152 Concilia
1337 2106 1565 2169 generalia
1617 2106 1697 2151 uni
1739 2103 1953 2151 tribuunt

256 2181 459 2247 politicae
492 2183 737 2247 potestati3
774 2192 853 2229 aut
894 2182 1059 2229 saltem
1095 2192 1370 2242 autumant⁷
1398 2200 1495 2228 non
1536 2191 1797 2246 competere
1832 2198 1949 2226 rom.

259 2259 470 2306 Pontifici
496 2262 570 2321 jus
608 2258 752 2318 illud,
785 2259 872 2305 nisi
913 2277 968 2307 ex
1003 2260 1139 2307 tacita
1171 2260 1437 2325 Principum
1476 2268 1614 2323 atque
1651 2259 1954 2306 Ecclesiarum

261 2336 562 2381 consensione
581 2334 668 2398 (2).

322 2506 371 2559 (l)
402 2507 577 2559 Quinimo
605 2510 973 2548 animadvertendum
995 2519 1049 2550 est
1066 2541 1076 2558 ‚
1201 2511 1252 2561 (2)
1283 2510 1337 2549 Ita
1352 2513 1448 2550 inter
1461 2520 1598 2551 ceteros
1611 2514 1722 2550 sentit
1733 2510 1956 2558 Febronius,

268 2572 457 2612 interdum
472 2574 529 2613 vel
545 2575 620 2624 ipsa
632 2574 797 2613 Concilia
820 2576 1054 2626 provincialia
1066 2605 1077 2624 ,
1151 2575 1205 2615 De
1215 2584 1315 2614 stata
1323 2575 1364 2615 E
1365 2576 1509 2616 cclesiae
1518 2584 1554 2615 et
1562 2576 1730 2628 quitima
1740 2590 1832 2616 rom.
1842 2575 1958 2613 Pom.

270 2638 485 2677 confirmata
518 2654 539 2677 a
569 2653 663 2677 rom.
689 2640 864 2678 Pontifice
881 2671 890 2688 ‚
917 2644 1079 2680 auctori·
1141 2649 1320 2695 potestate
1339 2671 1350 2691 ‚
1380 2655 1462 2694 cap.
1496 2641 1522 2680 6
1538 2674 1549 2690 ‚
1577 2642 1621 2696 ἓξ
1642 2657 1665 2681 2
1690 2651 1725 2681 et
1747 2643 1793 2688 3,
1824 2648 1860 2679 et
1881 2649 1961 2692 post

273 2711 381 2742 tatem
415 2704 544 2756 adepta
574 2704 683 2743 fuisse
713 2705 985 2744 ineluctabilem
1002 2736 1012 2753 ‚
1041 2713 1082 2745 ut
1148 2723 1233 2747 eum
1245 2711 1357 2748 etiam
1375 2708 1507 2747 Pehem
1518 2737 1531 2755 ,
1556 2710 1694 2761 injure
1714 2705 1804 2746 ecel.
1822 2714 1910 2744 tom.
1927 2721 1939 2745 ι
1951 2736 1962 2754 ,

273 2776 414 2807 constat
439 2767 487 2807 de
509 2768 625 2808 Conc.
642 2768 864 2809 Arausicano
879 2784 919 2810 11.
944 2770 1079 2810 Conci·
1145 2772 1165 2825 §
1187 2771 1262 2826 767
1277 2803 1289 2821 ‚
1318 2788 1360 2812 ex
1387 2774 1593 2823 catholicis;
1613 2787 1654 2812 ex
1679 2772 1962 2823 protestantibus

272 2832 366 2872 lium
391 2833 838 2887 Constantinopolitanum
855 2850 868 2873 ι
887 2837 932 2875 ab
952 2839 1077 2886 initio,
1146 2853 1231 2877 vero
1281 2838 1465 2890 Wieggers
1481 2868 1493 2887 ‚
1538 2842 1576 2877 in
1619 2851 1681 2888 op.
1729 2835 1964 2888 Allqemeine

277 2898 420 2937 defectu
435 2901 539 2939 istius
557 2899 868 2949 confirmationis,
892 2916 1013 2954 neque
1028 2904 1085 2941 in·
1149 2901 1446 2956 Encyclopedie,
1478 2918 1540 2942 seu
1564 2900 1845 2955 Encyelopedia
1877 2902 1965 2941 uni-

278 2971 333 3002 ter
357 2967 578 3004 oecumenica
595 2965 872 3013 recensebatur,
889 2968 951 3006 sed
964 2968 1085 3005 solum
1150 2980 1246 3007 vers.
1282 2978 1355 3008 etc.
1654 2973 1657 2977 ’

279 3035 471 3081 postquam
485 3030 680 3082 probatum
692 3038 775 3070 esta
789 3044 884 3071 rom.
899 3031 1081 3071 Pontifice.
