2028 3354
259 181 348 228 114

738 199 893 230 TRAGT.
934 201 988 230 DE
1022 202 1144 232 Locls
1180 203 1478 235 THEOLOGICIS.

255 323 335 361 aut
353 314 581 360 unitatem
605 314 841 359 actualem
867 330 987 362 verae
1009 331 1106 363 esse
1129 316 1331 366 Ecclesiae
1357 328 1533 366 notam.
1562 322 1633 368 Sic
1654 322 1926 376 inficiamur,

262 399 567 455 apparentem
591 388 819 436 duntaxat
843 389 1120 454 quandoque
1140 408 1237 439 esse
1255 411 1387 457 posse
1418 397 1644 458 ejusmodi
1673 399 1927 459 unitatem„

249 474 355 530 post
378 464 549 511 editam
577 466 833 529 praesertim
859 464 1118 530 aliquorum
1144 467 1443 518 articulorum
1468 472 1792 523 definitionem
1809 510 1822 535 a
1849 487 1933 523 aut

249 549 553 604 apparentem
601 550 787 588 tantum
827 541 1166 602 differentiam3
1216 553 1442 609 quotquot
1488 551 1616 596 enim
1663 551 1721 596 ad
1776 568 1933 599 veram

248 616 418 662 Christi
445 616 690 663 Ecclesiam
723 619 957 682 pertinere
984 627 1225 681 satagunt,
1256 619 1544 671 intellectum
1574 626 1624 672 in
1654 626 1930 691 obsequium

248 691 419 739 Christi
442 710 524 740 seu
549 692 656 739 fidei
679 692 736 739 ab
761 692 958 740 Ecclesia
990 694 1240 757 propositae
1268 696 1500 758 captivare
1524 707 1745 748 tenentur
1776 702 1863 766 (l).

316 769 424 816 196.
462 768 530 815 Ad
548 768 638 827 71¹¹,
665 770 791 816 Dist.
810 768 901 816 Sed
914 769 1013 815 sine
1036 769 1287 833 principie,
1311 787 1366 817 ex
1386 789 1477 836 quo
1500 775 1686 838 profluit
1709 778 1934 839 ejusmodi

247 846 399 891 unitas
422 880 434 903 ⁷
463 860 515 890 ac
544 845 643 890 sine
679 843 832 891 medio
863 861 966 890 eam
996 845 1327 903 conservandi,
1356 855 1544 902 trans.;
1572 866 1680 897 cum
1711 853 1935 913 ejusmodi

245 920 472 986 principio
502 936 554 967 ac
585 919 767 978 medio,
799 937 899 983 neq.
927 921 1067 966 Porro
1085 956 1098 978 7
1135 920 1310 967 fatente
1343 921 1446 986 ipso
1472 924 1762 985 adversario,
1794 944 1935 992 quem

244 998 573 1062 impugnamus
592 1032 604 1054 ,
638 1013 736 1042 non
767 1003 834 1043 est
865 995 1095 1043 censenda
1114 1032 1126 1054 7
1158 1012 1318 1044 veram
1358 997 1530 1047 habere
1557 1003 1817 1059 unitatem„
1851 1021 1937 1051 nec

244 1082 490 1139 propterea
513 1089 672 1119 veram
694 1072 976 1120 constituere
997 1072 1166 1118 Christi
1187 1059 1460 1132 Ecclesiam}
1480 1075 1559 1122 illa
1585 1078 1775 1125 societas
1792 1114 1804 1131 ..
1834 1095 1935 1143 quae

245 1151 332 1197 hoc
354 1149 506 1195 medio
524 1147 809 1199 destituitur.
835 1149 953 1194 Cum
971 1164 1082 1195 vero
1103 1148 1340 1195 societates
1366 1166 1446 1196 seu
1468 1158 1622 1209 sectae,
1645 1169 1747 1215 quae
1766 1153 1825 1199 ab
1844 1155 1928 1203 ad-

245 1225 448 1274 versario
478 1231 902 1271 commemorantur
920 1259 933 1282 ,
960 1240 1008 1270 se
1030 1225 1351 1288 separaverint
1369 1224 1427 1271 ab
1459 1225 1654 1274 Ecclesia
1683 1229 1898 1277 universa
1915 1266 1927 1288 7

245 1311 293 1350 et
318 1301 601 1349 excusserint
622 1317 648 1347 a
670 1317 719 1347 se
740 1300 1086 1359 auctoritatem,
1113 1316 1198 1364 per
1226 1318 1368 1365 quam
1391 1301 1540 1347 solum
1564 1302 1615 1348 in
1642 1304 1821 1371 unitate
1846 1305 1930 1353 de-

245 1377 544 1438 tinebantur,
573 1386 729 1442 patet,
753 1375 916 1423 eodem
932 1379 1038 1438 jure
1069 1378 1337 1442 quempiam
1367 1395 1425 1425 ex
1456 1377 1527 1424 his
1560 1381 1763 1427 sectariis
1796 1399 1930 1446 posse

244 1455 493 1512 innovare,
521 1462 662 1518 prout
690 1451 820 1499 libet.
853 1453 972 1498 Hinc
999 1461 1134 1499 sectae
1161 1469 1270 1500 vere
1297 1462 1603 1518 apparentem
1629 1454 1801 1503 habere
1820 1474 1929 1521 pos·
1984 1519 1991 1525 .

246 1539 356 1577 sunt
377 1530 607 1576 unitatem
632 1546 711 1576 seu
731 1528 883 1592 potius
905 1531 1157 1581 unionem,
1176 1544 1422 1592 nunquam
1445 1538 1601 1574 autem
1626 1529 1801 1577 realem
1823 1533 1930 1578 uni-

244 1615 407 1653 tatem.
430 1605 631 1663 EtenIm.,
660 1613 714 1651 ut
740 1605 851 1652 scite
880 1603 1093 1652 observat
1117 1603 1426 1652 Tertullianus
1455 1622 1465 1650 :
1498 1605 1634 1652 Idem
1662 1607 1805 1653 licuit
1835 1609 1930 1656 Va-

243 1684 527 1728 lentinmnis
548 1682 674 1742 quod
711 1681 979 1737 Valentino,
1022 1681 1149 1725 idem
1179 1682 1480 1726 Marcionitis
1509 1683 1637 1742 qnod
1657 1675 1929 1740 BIarcioM,

244 1758 299 1803 de
326 1758 533 1804 arbitrio
560 1773 642 1802 suo
663 1756 807 1817 fidem
840 1758 1067 1801 innovare
1091 1754 1177 1815 (2).
1206 1754 1337 1813 Quod
1357 1771 1466 1801 vero
1492 1754 1662 1803 dicitur
1689 1756 1748 1804 de
1769 1759 1930 1807 Valen-

300 1934 352 1984 (l)
383 1933 579 1972 Permiscet
595 1931 819 1969 adversarius
842 1937 1051 1968 controver—

245 2002 329 2048 sias,
344 2011 427 2051 quae
441 1999 609 2035 oriuntur
622 1996 805 2034 interdum
820 1997 860 2033 in
872 1994 1045 2041 Ecclesia,

247 2073 444 2116 antequam
467 2062 542 2101 ulla
566 2062 613 2099 ab
628 2075 669 2100 ea
690 2061 773 2099 data
796 2062 843 2098 sit
862 2060 1025 2098 definitio
1039 2089 1048 2107 ‚

244 2131 405 2179 narniis,
420 2142 503 2181 quae
528 2134 758 2179 perseverant
781 2140 823 2165 ex
848 2134 948 2177 parte
969 2139 1050 2178 per-

245 2196 424 2236 vicacium
460 2202 541 2246 post
588 2194 763 2231 emissum
807 2191 969 2229 solemne
1003 2191 1050 2229 ab

245 2261 405 2299 Ecclesia
427 2258 621 2311 judicium.
639 2257 681 2295 Id
701 2257 832 2295 clarius
855 2264 993 2295 constat
1006 2270 1050 2295 ex

245 2341 304 2373 eo,
321 2326 421 2379 quod
441 2326 537 2377 ipse,
552 2325 624 2363 loc.
646 2324 710 2362 cit.
733 2336 815 2375 pag.
836 2335 851 2360 1
864 2334 908 2359 12
923 2330 1049 2375 etseq.

246 2399 507 2430 commemoret
530 2391 790 2429 controversias
812 2387 1048 2436 Jansenismi‚

246 2459 336 2494 item
359 2456 588 2495 Jesuitarum
602 2463 638 2494 et
658 2455 987 2493 Dominicanorum
1013 2462 1050 2492 et

249 2521 653 2573 Augustinianensium,
668 2532 737 2557 nec
753 2532 829 2556 non
842 2518 1048 2557 Themista-

246 2600 330 2625 rum
348 2590 387 2624 et
416 2584 669 2624 Scotistarum.
698 2583 781 2622 Jam
814 2597 898 2622 vero
927 2585 1049 2636 ecquis

245 2659 297 2690 est
318 2652 382 2703 qui
403 2652 556 2697 nesciat,
569 2650 783 2688 domesticas
805 2648 885 2686 illas
902 2662 1049 2688 concer-

246 2718 404 2760 tationes
429 2729 505 2753 non
530 2722 691 2765 spectare
729 2713 776 2751 ad
806 2713 918 2751 fidem
934 2743 946 2759 ‚
976 2727 1046 2752 nec

244 2779 397 2833 proinde
427 2793 491 2831 per
521 2779 600 2818 illas
632 2778 844 2820 divisionem
877 2778 1003 2817 induci
1025 2781 1048 2816 ?

246 2846 439 2898 praesertim
478 2857 564 2883 cum
600 2852 718 2896 partes
749 2855 875 2882 omnes
908 2843 1048 2895 discep-

245 2918 364 2949 tantes
395 2923 437 2948 eo
466 2911 590 2947 animo
624 2911 698 2947 sint
725 2916 939 2960 comparatae
957 2936 968 2954 ‚
1009 2916 1050 2947 ut

245 2973 345 3013 illico
375 2988 412 3013 se
436 2973 657 3027 subjicerent
688 2972 856 3011 Ecclesiae
882 2972 1043 3024 judicio,

1117 1931 1146 1967 si
1162 1930 1261 1981 quod
1284 1930 1329 1968 ab
1344 1932 1422 1982 ipsa
1433 1933 1602 1970 circa‘eas
1619 1929 1773 1971 ferretur
1785 1934 1803 1970 ?
1823 1932 1922 1971 Con-

1116 2001 1170 2032 tra
1188 2008 1273 2032 vero
1310 2009 1418 2032 nemo
1439 1998 1569 2047 pariter
1590 2005 1642 2034 est
1666 2003 1731 2049 qui
1751 1997 1893 2036 dubitet
1910 2027 1920 2045 ,

1115 2061 1207 2111 quin
1222 2074 1243 2097 a
1254 2058 1453 2098 Catholicis
1471 2074 1532 2099 eos
1545 2061 1735 2100 habendos
1746 2070 1788 2100 ut
1801 2063 1923 2101 ethni-

1114 2138 1175 2162 cos
1206 2132 1242 2162 et
1271 2125 1485 2176 publicanos
1506 2154 1516 2171 ‚
1556 2128 1621 2178 qui
1654 2126 1824 2165 Ecclesiae
1858 2127 1922 2166 de-

1116 2190 1257 2228 finienti
1269 2190 1472 2228 auscultare
1488 2190 1701 2229 detrectent.
1722 2190 1769 2229 In
1786 2191 1922 2231 horum

1115 2268 1226 2292 censu
1243 2254 1458 2293 Jansenistae
1477 2263 1586 2302 sunt,
1602 2256 1666 2308 qui
1687 2256 1769 2293 latae
1786 2268 1808 2293 a
1827 2256 1923 2296 Pon-

1115 2319 1212 2358 tifice
1242 2333 1393 2358 romano
1420 2335 1464 2358 ex
1495 2320 1665 2358 cathedra
1695 2321 1922 2361 condemna-

1114 2387 1204 2423 tioni
1226 2388 1390 2438 quinque
1418 2385 1580 2425 Jansenii
1601 2388 1891 2437 propositionum
1908 2417 1921 2435 ‚

1114 2452 1173 2488 cui
1195 2453 1342 2489 accessit
1368 2453 1543 2489 universae
1570 2451 1739 2511 Ecclesia}
1766 2465 1922 2490 consen-

1113 2528 1192 2560 sus,
1216 2518 1440 2555 restiterunt.
1468 2515 1601 2567 Magna
1628 2524 1800 2568 perpetuo
1825 2517 1921 2567 viget

1113 2583 1152 2623 in
1179 2581 1249 2619 hoo
1276 2588 1449 2628 auctore,
1472 2595 1585 2634 quem
1619 2583 1879 2634 impugnamus
1906 2608 1919 2629 ,

1112 2646 1276 2685 idearum
1291 2647 1477 2693 confusi03
1493 2655 1652 2685 attamen
1676 2645 1763 2683 hnic
1782 2645 1849 2682 soli
1862 2646 1921 2683 in-

1111 2714 1241 2751 nititur
1253 2742 1264 2762 ,
1278 2712 1368 2752 dum
1382 2714 1617 2752 cohonestare
1631 2712 1750 2750 studet
1761 2711 1919 2750 schisma

1111 2778 1346 2830 anglicanum
1362 2807 1374 2825 ‚
1391 2786 1431 2817 ut
1452 2792 1494 2816 ex
1509 2777 1672 2816 dicendis
1697 2778 1811 2827 magis
1823 2790 1919 2816 sem-

1115 2857 1179 2894 per
1200 2858 1244 2883 ac
1265 2845 1378 2895 magis
1401 2840 1553 2894 patebit.

1169 2908 1220 2958 (2)
1253 2908 1312 2946 De
1337 2907 1560 2958 Proeseript.
1582 2918 1663 2957 cap.
1688 2904 1754 2957 42.
