2028 3354
203 246 298 296 452
694 263 851 293 macr.
892 265 943 292 nn
981 264 1099 294 mois
1138 266 1433 299 mnommms.

200 383 264 426 sit
293 379 630 425 celebrandum
650 415 663 432 ‚
687 379 774 423 tali
794 395 899 424 vcro
921 379 1147 440 Pontifcoe
1164 391 1349 440 careat,
1374 376 1894 444 necjure'convocandi

204 455 408 502 Concilii
430 454 640 517 qaudcre
673 456 821 519 possit
846 454 933 515 (l).
961 453 1014 500 3⁰
1037 455 1172 512 Quod
1202 456 1238 500 si
1267 473 1505 519 progressu
1526 461 1747 524 temporis
1768 479 1886 508 rom.

200 529 411 577 Pontifex
462 530 703 577 consuevit
754 546 1008 577 convocare
1053 530 1254 577 Concilia
1293 533 1519 593 generalia
1544 570 1556 591 ‚
1608 552 1714 582 cum
1754 538 1891 583 nulla

198 608 271 652 lem
299 606 466 652 divina
507 614 598 652 aut
625 608 934 653 ecclesiastica
966 615 1114 662 extet,
1148 625 1254 669 quae
1285 612 1657 656 convocationem
1686 629 1888 673 yonam-

193 683 317 728 lium
357 682 678 728 Conciliornm
708 698 825 727 rom.
849 683 1077 744 Pontifici
1098 691 1324 737 reservet,
1366 688 1506 729 tacito
1535 685 1825 748 Principum
1848 696 1892 734 et

197 758 528 805 Ecclesiarum
567 762 892 818 consensu-jus
913 759 996 803 lzoc
1025 775 1145 804 rom.
1172 759 1398 821 Pontifici
1432 761 1685 806 dimissum
1708 766 1887 823 fuisse,

201 832 451 880 dicendum
472 842 542 880 est
572 833 660 897 (2).
690 833 743 878 40
763 833 880 887 Aut‚
903 834 939 879 si
963 833 1117 897 placet
1139 868 1151 890 .‚
1185 834 1489 881 tribuendum
1513 834 1599 881 hoc
1630 837 1717 882 erit
1747 855 1891 885 usur·

188 911 387 973 potioni
405 926 523 955 rom.
547 909 853 965 Pontificum,
888 909 966 972 qui
996 908 1150 955 medio
1178 926 1277 957 aevo
1307 912 1357 955 in
1390 920 1520 957 tanta
1549 912 1790 975 potestatis
1817 929 1890 959 sa·

195 1001 283 1032 crae
314 993 360 1031 et
384 985 587 1049 profanae
608 986 911 1045 confusione,
925 989 1002 1044 jus
1022 985 1220 1047 Imperio
1246 985 1362 1033 adeo
1382 988 1638 1049 pretiosum
1662 1004 1713 1033 ac
1731 1004 1891 1035 neces-

194 1062 366 1108 sarium
399 1061 673 1124 eripuerunt
711 1058 798 1123 (3).
842 1058 894 1104 5⁰
930 1060 1051 1105 Sane
1093 1060 1244 1123 prima
1291 1060 1494 1108 Ecclesiae
1535 1072 1670 1110 aetate
1710 1081 1891 1111 summe

195 1136 478 1185 conveniens
512 1144 640 1192 erat,
669 1143 722 1181 ut
757 1152 1004 1198 supremus
1040 1135 1276 1199 imperans
1309 1136 1564 1183 Concilium
1590 1149 1890 1200 convocaret,

199 1211 578 1277 quandoquidem
609 1211 804 1258 Ecclesia
834 1228 923 1258 nec
950 1211 1162 1270 sciverit,
1190 1211 1425 1275 quomodo
1444 1210 1578 1258 aliter
1596 1213 1694 1260 haec
1722 1233 1890 1264 convo-

197 1294 317 1337 catio
361 1288 543 1335 institui
579 1287 795 1345 deberet,
831 1289 1036 1333 romanis
1080 1303 1189 1334 vero
1232 1287 1467 1352 Episcopis
1504 1304 1565 1334 ne
1604 1288 1653 1333 in
1686 1299 1889 1338 mentem

202 1365 390 1431 quidem
406 1365 585 1412 venerit
603 1399 617 1424 ‚
644 1367 720 1425 jus
734 1363 823 1411 hoc
843 1381 929 1429 pro
954 1381 1001 1411 se
1026 1362 1266 1424 adserere3
1296 1380 1545 1410 erroneum
1565 1373 1722 1412 autem
1741 1365 1856 1413 foret
1877 1403 1888 1424 7

200 1442 259 1490 ad
286 1442 473 1488 tacitam
507 1441 624 1503 juris
652 1440 787 1502 hujus
824 1440 882 1486 ab
910 1436 1106 1486 Ecclesia
1151 1441 1402 1504 imperanti
1432 1441 1600 1487 fact-am
1644 1441 1890 1489 cessionem

197 1534 449 1583 provocare
471 1517 557 1581 (4).
583 1519 713 1581 Ergo.

265 1595 377 1641 661.
416 1596 552 1659 Resp.
579 1594 660 1653 11¹¹7
690 1595 811 1640 Dist.
838 1595 900 1640 Ex
926 1611 1158 1641 consensu
1183 1611 1301 1641 rom.
1330 1595 1562 1642 Pontificis
1586 1632 1598 1654 ‚
1630 1612 1782 1648 conc.;
1806 1612 1890 1642 au-

199 1672 409 1719 ctoritate
437 1671 654 1736 propria,
688 1689 790 1734 neq.
825 1671 1009 1717 Etenim
1040 1671 1075 1716 si
1113 1670 1275 1718 divino
1306 1675 1441 1733 jure7
1478 1673 1545 1718 uti
1577 1671 1888 1730 ostendimus,

200 1765 322 1793 unus
354 1763 470 1793 rom.
504 1746 718 1793 Pontifex
757 1748 1031 1793 auctoritate
1074 1745 1220 1811 pollet
1253 1747 1304 1792 in
1347 1748 1509 1795 omnes
1554 1749 1830 1812 Episcopos;
1856 1748 1895 1793 si

198 1824 280 1870 uni
301 1840 418 1871 rom.
445 1823 655 1870 Pontifici
677 1840 793 1869 onus
811 1822 1042 1869 incumbit
1059 1823 1281 1888 pascendi
1309 1826 1579 1871 universum
1609 1824 1893 1870 dominicum

198 1916 407 1963 gregem⁷
446 1900 543 1964 ipse
573 1898 776 1963 profecto
808 1899 933 1945 solus
954 1900 999 1946 vi
1021 1901 1248 1962 primatus
1272 1902 1341 1945 sui
1363 1909 1517 1964 potest
1544 1899 1772 1963 generalia
1792 1916 1894 1945 con-

198 1975 300 2022 cilia
317 1992 589 2025 convocare.
608 1977 729 2021 Dum
748 1975 887 2037 igitur
903 1975 1090 2021 historia
1110 1975 1295 2022 videtur
1314 1975 1677 2040 Imperatoribus
1693 1975 1896 2022 tribuere

200 2052 585 2100 convocationem
613 2049 950 2108 conciliorum,
979 2050 1172 2113 intelligi
1207 2050 1257 2097 id
1281 2050 1422 2098 debet
1456 2051 1515 2097 de
1548 2051 1892 2104 convocatione,

200 2135 253 2173 ut
281 2128 344 2173 ita
371 2127 537 2192 loquar
556 2162 568 2184 .,
588 2128 839 2172 materiali
852 2162 864 2183 ἦ
890 2143 985 2172 non
1018 2135 1175 2172 autem
1206 2126 1265 2172 de
1287 2128 1617 2174 convocatione
1629 2127 1835 2188 formali
1851 2134 1897 2172 et

200 2205 444 2266 lcyitima‚
475 2220 580 2267 quae
608 2202 738 2248 nullo
778 2202 917 2248 modo
950 2211 1214 2267 competere
1251 2212 1405 2268 potest
1438 2203 1629 2268 politicae
1660 2202 1892 2266 potestati.

200 2280 318 2326 Sane
344 2296 440 2326 non
460 2280 634 2326 desunt
658 2278 953 2336 documenta,
982 2295 1083 2343 quae
1103 2278 1371 2337 ostendant,
1393 2280 1544 2343 priora
1570 2277 1770 2323 Cone-ilia
1814 2295 1897 2323 au-

201 2356 442 2416 ctoritate,
461 2356 670 2402 suasione
689 2390 703 2415 ,
726 2371 951 2401 consensu
982 2370 1103 2401 rom.
1137 2354 1413 2401 Pontificum
1436 2355 1572 2400 fuisse
1601 2353 1659 2399 ab
1697 2355 1898 2418 Impera-

201 2432 378 2479 toribus
402 2432 588 2480 indicta.
619 2434 685 2479 De
708 2431 912 2479 Concilio
935 2432 1121 2478 Nicaeno
1158 2432 1177 2477 I
1224 2441 1404 2478 constat
1437 2449 1493 2478 ex
1534 2430 1745 2478 Patribus
1775 2432 1897 2477 Con—

201 2506 291 2552 cilii
325 2506 828 2572 Constantinopolitani
868 2508 930 2553 111
962 2544 974 2565 .‚
1015 2524 1137 2553 anno
1169 2506 1263 2552 680
1309 2507 1561 2565 celebrati,
1607 2508 1715 2572 qui,
1762 2506 1889 2553 nullo

202 2591 519 2646 repugnante,
548 2584 596 2628 in
637 2582 1040 2636 acclamationibus
1079 2582 1297 2630 dixerunt
1326 2602 1335 2629 :
1380 2586 1534 2630 Arius
1561 2585 1741 2630 dibisor
1777 2582 1821 2629 T
1816 2584 1889 2628 ri-

258 2735 307 2785 (Ι)
335 2734 440 2772 Idem
456 2736 495 2772 in
515 2733 832 2772 Tractatiuncula
845 2736 1005 2773 Jesuitoe
1131 2737 1188 2786 (lt)
1216 2735 1268 2773 Ita
1284 2735 1500 2787 Planckius‚
1528 2739 1567 2773 in
1588 2749 1648 2786 op.
1667 2731 1888 2771 Geackichte

203 2798 518 2851 Heidelberqensi
540 2802 551 2848 (
565 2799 700 2837 Anton.
723 2797 919 2849 Schmidt)
943 2813 1008 2851 op·
1074 2800 1140 2837 der
1210 2800 1408 2840 christlich
1427 2799 1689 2839 -kirchliohea
1742 2797 1887 2835 Gesell-

197 2865 348 2918 posita,
371 2877 459 2915 opp.
485 2872 573 2902 tom.
599 2867 656 2902 11'1.
1074 2864 1438 2917 schaftsverfassunq
1454 2897 1463 2912 ‚
1495 2880 1556 2903 seu
1589 2862 1766 2901 Historia
1796 2875 1887 2901 con-

254 2928 311 2981 (2)
339 2927 441 2967 Idem
463 2929 533 2966 loc.
553 2931 616 2967 cit.
638 2943 680 2967 ex
699 2943 806 2980 opere
828 2928 882 2968 De
909 2936 1010 2981 statu
1075 2931 1288 2968 stitutionis
1316 2931 1470 2970 socialis
1498 2930 1721 2967 christianae
1751 2926 1885 2967 Eccle-

205 2993 413 3042 Eccleeioe‚
440 3001 512 3032 etc.
1077 2996 1146 3033 ⁸2·oe
1160 3023 1170 3043 ‚
1192 3003 1287 3046 part.
1322 3010 1335 3035 1
1358 3026 1368 3044 ‚
1397 3008 1477 3047 pag.
1500 2992 1594 3032 680.

255 3058 305 3109 (3)
338 3058 391 3098 Ita
412 3057 570 3109 Pehem,
595 3059 663 3098 loc.
692 3060 754 3099 cit.
