2028 3354
196 187 292 236 304
689 203 846 234 ruer.
884 204 938 237 nu
973 204 1092 235 Loms
1128 204 1429 236 THEOLOGICIS.

194 318 312 367 dixit
340 337 350 364 :
384 318 699 384 Quicumque.
721 333 819 362 non
852 319 1082 378 receperit
1112 334 1213 373 vos,
1241 336 1387 382 neque
1420 322 1638 368 audierit
1664 339 1899 372 sermones

192 407 365 444 vestros
380 431 393 454 a
420 403 509 440 etc.
537 392 738 457 (Matth.
773 394 814 439 X
831 391 932 451 {14
957 393 994 454 ).
1016 392 1121 455 Eyo
1140 396 1314 457 roqaho
1344 391 1539 444 Patrem
1560 408 1602 444 et
1623 400 1780 445 alium
1803 401 1900 447 Pa-

191 475 424 521 raclitum
449 471 586 516 dabit
607 471 737 516 vohis
751 503 768 526 ,
801 477 856 515 ut
883 478 1082 515 maneat
1113 471 1351 517 vobiscum
1371 475 1423 519 in
1452 483 1713 535 ceter-num,
1734 477 1902 538 Spiri-

192 558 294 597 tum
331 550 548 594 veritatis
579 547 597 610 (
620 548 647 593 J
652 564 760 593 can.
793 546 896 592 XIV
914 581 927 603 .,
965 546 1023 592 16
1049 547 1066 610 )
1089 564 1102 604 ς
1141 555 1190 593 et
1220 556 1325 610 post
1353 551 1740 598 resurrectionem
1768 570 1901 599 suam

191 624 409 672 omnibus
441 622 605 671 eadem
630 622 811 669 ratione
830 620 947 668 dixit
970 640 981 668 :
1015 623 1154 669 Sicut
1174 626 1310 669 misit
1326 641 1399 670 me
1419 625 1585 686 Pater,
1614 636 1657 674 et
1671 645 1746 690 eqo
1766 631 1902 676 mitto

190 719 268 750 vos
381 703 583 764 accipite
604 700 851 762 Spiritum
875 700 922 746 S.
951 698 1120 762 (Joan.
1154 700 1261 758 XX,
1287 699 1347 745 21
1377 736 1390 759 .,
1420 700 1513 761 22,
1531 702 1575 765 );
1609 713 1744 750 tum:
1768 707 1902 751 Data

190 788 258 826 est
297 778 423 825 mihi
460 778 616 824 omnis
645 784 852 839 potestas
890 779 945 821 in
977 777 1087 822 coelo
1116 784 1159 821 et
1193 783 1248 821 in
1275 785 1437 836 terra5
1479 787 1640 824 euntes
1679 798 1786 843 erqo
1813 790 1898 828 etc.

190 855 391 922 (Matth.
424 854 644 912 XXVIII.
680 853 786 915 19).
820 854 969 899 Nemo
991 869 1130 917 porro
1150 856 1421 916 negaverit.
1448 855 1675 916 ejusmodi
1693 865 1901 922 potesta-

189 943 288 981 tem
312 934 343 980 A
349 931 542 998 postolis
555 931 731 995 absque
753 928 846 975 ullo
859 929 1131 977 discrimine
1148 948 1172 977 a
1194 929 1376 977 Christo
1396 931 1614 978 collatam
1626 950 1723 980 esse
1737 951 1900 997 supre-

190 1026 352 1064 mam;
383 1026 491 1071 ergo
532 1024 629 1054 non
665 1006 821 1071 potuit
852 1008 1015 1053 Petrus
1053 1007 1216 1053 ceteris
1245 1006 1525 1055 antecellere
1554 1018 1787 1073 potestate
1821 1020 1901 1058 aut

190 1087 420 1151 dignitate
457 1085 623 1148 officii,
668 1082 751 1131 sed
787 1081 940 1129 solum
967 1084 1307 1145 personalibus
1337 1085 1641 1150 respectibus.
1680 1086 1733 1133 40
1774 1088 1902 1145 Qua-

189 1173 386 1231 propter
416 1162 720 1219 invenimus,
755 1162 948 1208 Petrum
988 1169 1164 1207 ceteros
1205 1161 1397 1225 quidem
1434 1161 1532 1209 zelo
1569 1172 1620 1210 et
1658 1167 1902 1212 activitate

189 1256 430 1305 superasse
449 1259 461 1297 ς
490 1246 561 1285 ast
577 1236 762 1283 nullum
786 1237 1046 1302 reperimus
1067 1237 1337 1303 exemplum
1355 1240 1643 1286 auctoritatis
1664 1240 1721 1286 ab
1744 1257 1798 1287 eo
1820 1259 1902 1288 su-

189 1334 275 1383 pra
297 1316 400 1362 illos
436 1315 664 1362 exercitae.
701 1313 754 1359 50
780 1315 900 1361 Sane
929 1323 1090 1379 aperte
1122 1314 1356 1379 Scriptura
1386 1315 1550 1376 docet,
1581 1318 1733 1363 Deum
1763 1334 1902 1381 quos-

190 1393 301 1440 dam
325 1392 530 1458 posuisse
566 1391 617 1437 in
656 1389 853 1437 Ecclesia
897 1396 1127 1454 primum
1153 1392 1425 1453 Apostolos,
1462 1393 1666 1439 secundo
1693 1394 1895 1456 prophe-

189 1480 294 1528 tas,
326 1479 414 1516 etc.
459 1470 509 1531 (1
545 1468 649 1514 Cor.
693 1467 807 1526 XII,
841 1466 956 1530 28).
1002 1466 1256 1514 Duodecim
1297 1468 1436 1530 igitur
1471 1468 1676 1533 Apostoli
1708 1469 1900 1515 fuerunt

183 1550 348 1611 primi
373 1546 423 1592 in
453 1543 679 1603 Ecclesia,
710 1560 808 1589 non
831 1552 991 1590 autem
1022 1543 1146 1590 solus
1176 1545 1357 1590 Petrus·
1390 1543 1443 1590 60
1472 1544 1580 1590 Haec
1606 1543 1771 1591 eadem
1795 1560 1903 1591 con-

190 1624 331 1671 clusio
362 1621 614 1669 traditione
650 1619 854 1667 fulcitur.
892 1619 1208 1667 Tertullianus
1246 1619 1477 1684 siquidem
1515 1620 1674 1667 scribit
1717 1639 1727 1667 :
1770 1623 1901 1684 Apo-

189 1703 326 1750 stolos
349 1700 578 1747 hahemus
609 1706 823 1744 auctores
847 1696 932 1761 (l).
960 1698 1218 1761 Cyprianus
1250 1714 1260 1742 ε
1299 1696 1532 1760 Quamvis
1565 1698 1780 1760 Apostoli
1809 1714 1902 1744 om·
1972 1752 1974 1757 y

189 1779 339 1825 nibus
366 1784 477 1840 post
513 1776 908 1821 resurrectionem
948 1790 1089 1819 suam
1123 1790 1297 1835 parem
1322 1782 1600 1836 potestatem
1640 1775 1828 1820 tribuat
1858 1782 1904 1820 et

190 1856 325 1909 dicat
352 1874 365 1900 .·
405 1853 622 1915 Accipite
658 1852 902 1914 Spiritum
937 1851 1024 1897 S...
1067 1859 1224 1896 tamen
1255 1858 1312 1896 ut
1341 1853 1577 1897 unitatem
1619 1853 1902 1913 manifesta-

190 1940 294 1989 ret,
333 1931 540 1976 unitatis
575 1929 788 1991 ejusdem
825 1929 1062 1991 oriyinem
1102 1928 1166 1974 ab
1203 1944 1302 1973 uno
1343 1929 1653 1990 incipientem
1682 1945 1773 1974 sua
1806 1944 1901 1974 au-

190 2010 406 2054 ctoritate
428 2006 679 2068 disposuit.
700 2005 805 2052 Hoc
827 2012 968 2050 erant
988 2005 1154 2066 utique
1178 2003 1390 2066 Apostoli
1405 2040 1417 2064 a
1442 2004 1570 2067 quod
1580 2006 1685 2067 fuit
1695 2004 1898 2063 Petrus,

181 2090 309 2150 pari
337 2086 566 2130 consortio
582 2081 789 2145 praediti
813 2089 855 2126 ct
876 2081 1069 2127 honoris
1098 2088 1143 2126 et
1161 2083 1406 2143 potestatis
1419 2099 1434 2133 ‚·
1454 2081 1536 2127 sed
1562 2081 1816 2127 exordium
1834 2080 1898 2126 ah

190 2166 378 2209 unitate
406 2160 758 2223 proficiscitur,
787 2165 844 2203 ut
872 2158 1091 2206 Ecclesia
1124 2174 1229 2204 una
1261 2166 1555 2204 monstretur
1586 2157 1673 2219 (2).
1705 2155 1900 2203 Ambro-

191 2240 284 2286 sius
312 2255 323 2284 2
358 2238 459 2285 Hic
498 2240 698 2295 Petrus,
739 2235 831 2280 uhi
864 2235 1058 2280 audivit
1091 2254 1105 2280 .·
1135 2251 1209 2280 vos
1241 2242 1403 2280 autem
1436 2234 1559 2296 quid
1587 2249 1660 2278 me
1695 2233 1858 2279 dicitis
1878 2232 1900 2277 P

190 2318 355 2363 statim
386 2316 477 2361 loci
506 2330 604 2360 »non
629 2314 885 2358 immemor
916 2313 996 2356 sui
1014 2313 1294 2373 primatum
1323 2314 1420 2374 eyit
1441 2328 1457 2356 :
1477 2313 1756 2373 primatum
1785 2325 1899 2356 con-

185 2395 411 2456 fessionis
429 2393 620 2453 utique,
647 2405 744 2435 ozon
765 2388 956 2433 honoris
968 2401 984 2438 ,·
1002 2390 1278 2449 primatum
1292 2386 1433 2449 fidei,
1460 2403 1556 2432 non
1577 2387 1768 2433 ordinis
1792 2385 1895 2450 (3);

191 2477 239 2516 et
272 2469 444 2514 iterum
479 2485 489 2513 ε
527 2468 745 2528 Denique
769 2463 894 2509 audi
924 2463 1155 2509 dicentem
1184 2484 1198 2509 .·
1232 2465 1325 2510 tibi
1360 2464 1483 2511 dabo
1518 2465 1730 2512 claves...
1771 2462 1902 2526 quod

192 2546 337 2593 Petro
363 2544 576 2598 dicitur,
600 2544 766 2587 ceteris
786 2541 1024 2601 Apostolis
1042 2541 1229 2587 dictiur
1248 2539 1340 2604 (4).
1366 2540 1681 2604 Hieronymus
1705 2558 1715 2586 :
1739 2541 1893 2587 Joan-

191 2638 271 2668 nes
296 2628 340 2665 et
359 2620 572 2666 Jaoolms
589 2654 601 2677 7
623 2619 742 2679 quia
753 2617 869 2679 plus
892 2619 1056 2664 ceteris
1077 2619 1347 2679 petierant,
1367 2634 1465 2664 non
1487 2620 1893 2679 impetraveram&

188 2707 233 2746 et
257 2707 411 2745 tamen
432 2712 528 2742 non
553 2702 619 2741 est
638 2694 853 2757 dignitas
878 2709 1044 2741 eorum
1062 2696 1331 2740 imminuta
1351 2730 1366 2749 ,
1391 2697 1512 2757 quia
1537 2694 1736 2755 reliquis
1755 2690 1888 2751 Apo-

249 2886 300 2937 (1)
333 2883 395 2922 De
417 2882 552 2922 haeres.
1134 2879 1185 2930 (3)
1214 2879 1299 2918 Lib.
1312 2877 1552 2917 Delncam.
1564 2889 1646 2929 cap.
1660 2873 1686 2926 4
1700 2905 1711 2926 ,
1728 2882 1818 2915 tom.
1840 2889 1887 2924 n,

247 2953 305 3002 (2)
332 2949 389 2989 De
409 2952 515 2988 unit.
537 2948 680 2989 Eccles.
710 2960 793 3001 pag.
820 2946 892 3002 195
916 2948 1003 2988 edit.
1072 2960 1156 3000 pag.
1190 2959 1282 2998 7¹0·
1901 2946 1904 2949 '

191 3019 332 3061 Bened.
353 3018 469 3058 Paris.
495 3013 612 3069 1726.
1134 3010 1190 3064 (li)
1219 3011 1267 3052 In
1291 3009 1354 3051 Pa.
1385 3021 1536 3050 xxxvm.
