2028 3354
413 235 553 279 ram.
590 237 622 265 ι.
661 235 757 265 car.
795 235 842 265 11.
880 235 931 263 m:
967 234 1137 263 cnmsn
1174 232 1290 263 ncoz.
1327 233 1522 264 consur.
1749 216 1810 263 77

142 351 275 400 Nulla
293 351 496 416 profecto
516 359 636 397 secta
659 349 913 414 reperietur
933 386 945 408 ,
969 365 1071 414 quae
1094 347 1267 412 aliquot
1292 346 1455 395 saltem
1475 365 1530 395 ex
1547 348 1638 395 suis
1659 364 1812 395 mem-

141 427 234 474 bris
264 427 432 475 virtute
463 425 728 489 praestantia
758 442 854 471 non
881 426 1051 487 jactet3
1082 432 1129 470 at
1154 422 1279 470 aliud
1305 432 1374 470 est
1407 423 1534 488 loqui
1561 423 1618 472 de
1640 425 1812 473 virtute

140 501 339 549 naturali
365 538 379 561 .,
421 510 612 548 externa
638 537 651 559 ,
694 500 907 565 politica,
950 516 1090 564 quam
1121 516 1217 546 non
1249 498 1507 546 inficiamur
1543 499 1592 545 in
1623 499 1811 566 singulis

138 576 537 626 communionibus
571 577 763 642 reperiri
796 593 929 641 posse
948 611 961 634 ,
995 574 1122 621 aliud
1154 591 1264 622 vero
1295 573 1353 621 de
1381 575 1554 622 virtute
1582 593 1639 623 ex
1669 576 1814 640 gratia

138 653 451 701 sanctificante
479 662 525 700 et
554 654 777 700 charitate
805 651 1009 715 profecta
1026 685 1038 707 ‚
1073 666 1175 712 quae
1199 648 1249 693 in
1275 648 1499 696 membris
1525 659 1709 699 tantum
1728 668 1814 717 per

137 728 371 776 Christum
396 729 686 776 sanctificatis
712 727 862 772 inesse
892 732 1060 789 potest.
1097 724 1205 769 Haec
1234 732 1391 770 autem
1426 726 1619 789 reperiri
1650 727 1814 793 nequit

137 805 227 851 nisi
250 806 301 850 in
324 822 378 850 eo
408 821 597 868 corpore
623 820 701 849 seu
732 800 946 846 societate
962 834 975 857 .‚
1003 815 1108 844 cum
1133 816 1223 863 qua
1255 798 1465 846 Christus
1493 800 1542 846 in
1564 801 1729 849 intima
1754 803 1813 849 sit

137 880 478 927 communione.
506 878 662 925 Talem
688 883 844 921 autem
863 890 959 921 esse
977 873 1106 921 illam
1131 874 1424 936 societatem,
1445 892 1551 923 cum
1571 894 1660 941 qua
1687 878 1814 925 idem

138 955 347 1002 Christus
369 971 417 1001 se
434 970 530 1000 esse
557 968 641 1016 per
658 949 1022 998 extraordinaria
1048 950 1171 997 dona
1191 952 1481 1013 manifestat,
1511 970 1651 1002 nemo
1674 971 1814 1002 sanus

135 1030 307 1076 inficias
340 1028 486 1075 iverit.
517 1024 785 1091 Excipiendi
811 1034 970 1073 tamen
1001 1025 1069 1072 illi
1097 1035 1233 1086 sunt,
1274 1028 1378 1092 qui,
1407 1036 1460 1074 ut
1490 1028 1649 1091 aiunt,
1688 1029 1813 1078 bona

135 1103 224 1150 fide
252 1103 300 1148 in
324 1102 474 1166 aliqua
496 1111 616 1149 secta
643 1111 888 1150 versantur
907 1138 919 1161 a
952 1118 1064 1166 quos
1094 1103 1259 1168 spiritu
1290 1103 1454 1152 saltem
1480 1104 1540 1152 ad
1562 1105 1811 1154 Ecclesiam

131 1178 361 1243 pertinere
385 1177 696 1226 ostendimus.

198 1253 303 1300 133.
341 1253 410 1301 Ad
440 1253 534 1313 311¹,
568 1256 692 1302 Dist.
729 1254 954 1313 Quaelibet
990 1263 1111 1325 secta
1145 1272 1303 1306 veram
1346 1274 1395 1305 se
1426 1257 1568 1306 fidem
1601 1260 1812 1325 profiteri

133 1328 372 1377 contendit
402 1329 573 1395 absque
601 1330 696 1377 ullo
724 1331 1056 1392 fundamento,
1088 1350 1139 1379 ac
1163 1333 1360 1398 propriae
1386 1336 1677 1399 persuasioni
1699 1346 1813 1383 tan-

132 1415 232 1452 tum
257 1406 442 1468 innixa,
473 1424 598 1455 conc.
615 1427 630 1460 ,-
661 1407 810 1472 reipsa
839 1409 1114 1472 profitetur,
1148 1427 1253 1473 neq.
1283 1411 1404 1457 Nam
1434 1410 1527 1458 hoc
1551 1411 1651 1476 ipso
1685 1412 1813 1478 quod

131 1490 263 1529 sectae
278 1519 290 1541 7
312 1483 434 1529 inter
457 1500 504 1530 se
525 1492 750 1548 perpetuo
775 1482 1087 1548 discrepantes
1102 1520 1115 1545 ‚
1143 1484 1229 1531 sibi
1241 1485 1575 1549 persuadeant,
1598 1504 1647 1535 se
1677 1489 1813 1537 unice

132 1574 289 1606 veram
308 1567 467 1605 tenere
489 1558 627 1605 fidem
646 1595 658 1618 7
690 1575 790 1623 quae
818 1559 1005 1605 nonnisi
1025 1577 1117 1607 una
1139 1577 1236 1607 esse
1254 1569 1405 1625 potest
1422 1597 1434 1620 7
1466 1570 1623 1626 aperte
1652 1572 1814 1611 osten-

98 1685 105 1697 ἱ
131 1632 274 1692 dunt,
307 1633 516 1681 fallacem
551 1634 806 1681 necessario
839 1644 935 1688 esse
962 1634 1083 1682 hanc
1114 1653 1246 1683 suam
1275 1637 1637 1701 persuasionem.
1673 1637 1812 1687 Nulla

129 1717 249 1755 secta
286 1725 379 1771 prae
413 1709 499 1756 alia
537 1709 625 1756 sibi
664 1709 722 1756 de
753 1709 840 1757 hac
873 1711 1155 1774 possessione
1194 1711 1394 1759 blandiri
1431 1721 1599 1777 potest.
1636 1714 1811 1763 Omnes

128 1784 384 1849 siquidem,
411 1788 578 1847 reJ'ecta
597 1785 798 1849 legitima
820 1786 1119 1846 auctoritate,
1149 1786 1388 1852 privatum
1414 1806 1599 1837 sensum
1621 1790 1688 1838 illi
1708 1790 1808 1838 suf-

127 1860 336 1907 fecerunt
367 1861 427 1908 ad
459 1878 616 1909 veram
642 1860 782 1908 fidem
811 1879 836 1908 a
869 1862 981 1909 falsa
1013 1863 1375 1922 secernendamg
1412 1865 1618 1929 privatus
1650 1877 1810 1915 autem

130 1952 289 1983 sensus
310 1938 359 1983 in
378 1937 512 1984 sectis
534 1937 749 1984 omnibus
774 1936 945 1984 nullius
976 1938 1197 2003 ponderis
1234 1949 1318 1987 est.
1356 1941 1534 1989 Exinde
1563 1942 1691 1990 enim
1717 1943 1809 1990 flu—

130 2012 298 2058 ctuatio
308 2012 385 2059 illa
402 2013 674 2077 opinionum
689 2012 936 2078 profluxit3
961 2015 1129 2062 exinde
1141 2016 1254 2063 item
1272 2016 1604 2066 feracissimum
1616 2036 1809 2083 germen

128 2087 243 2135 illud
269 2088 553 2149 tolerantiae,
580 2098 633 2136 ut
662 2098 855 2148 vocant,
884 2089 1103 2153 religiosae
1135 2100 1300 2157 sponte
1324 2109 1403 2140 sua
1433 2093 1680 2157 pullulavit
1704 2096 1803 2159 (l),

128 2181 235 2211 cum
263 2181 354 2229 quo
382 2182 488 2215 vera
515 2164 627 2212 fides
655 2166 904 2213 consistere
932 2166 1114 2230 nequit.

196 2239 301 2287 134.
342 2239 409 2287 Ad
438 2240 538 2299 4¹²¹,
571 2241 692 2305 Ney.
723 2240 815 2288 Soli
845 2242 972 2288 enim
1001 2242 1200 2306 epicurei
1231 2252 1278 2290 et
1311 2245 1540 2292 increduli
1572 2245 1803 2294 affirmare
1850 2264 1852 2266 ·

131 2324 322 2379 possunt
352 2316 575 2364 virtutem
612 2325 658 2363 et
692 2316 985 2364 sanctitatem
1012 2317 1225 2366 relativas
1256 2335 1370 2366 esse.
1413 2320 1546 2378 Quod
1575 2322 1611 2368 si
1643 2323 1805 2370 Prote—

131 2389 356 2438 stantibus
383 2409 479 2440 non
501 2392 688 2457 sapiunt
708 2409 847 2457 opera
871 2392 1097 2457 poenalia,
1136 2394 1373 2457 virginitas
1402 2412 1454 2442 ac
1474 2395 1744 2459 coelibatus,
1774 2415 1804 2445 a

187 2553 238 2603 (l)
271 2553 354 2592 Haec
383 2555 585 2595 tolerantia
613 2586 624 2604 ‚
656 2557 781 2595 scribit
813 2557 930 2610 Weg-
996 2565 1079 2597 tant
1092 2559 1184 2611 qu’il
1201 2566 1256 2598 eat
1267 2560 1433 2612 possible
1461 2561 1506 2613 de
1531 2560 1632 2601 l'etre
1647 2578 1664 2612 ,·
1691 2564 1805 2616 puic-

130 2618 318 2667 scheider‚
346 2618 482 2672 §186,
505 2636 584 2674 quae
599 2623 730 2661 dicitur
750 2626 930 2662 recentio-
994 2636 1065 2674 que
1101 2624 1135 2663 le
1167 2625 1248 2664 seul
1275 2625 1404 2677 doqme
1436 2626 1569 2678 qu’elle
1605 2641 1655 2667 ne
1684 2628 1800 2668 tolero

130 2686 180 2722 ris
218 2686 286 2722 aevi
313 2687 502 2736 progenies
536 2686 672 2725 nobilis
698 2702 709 2733 ·,
748 2696 856 2740 atque
890 2692 931 2729 in
990 2701 1065 2741 pas
1083 2719 1093 2737 ‚
1114 2697 1168 2728 est
1190 2690 1291 2730 celui
1303 2691 1347 2728 de
1363 2691 1644 2735 l'intolerance.
1665 2695 1804 2734 Verum

130 2751 219 2786 nota
242 2748 290 2799 (d)
325 2749 371 2787 ad
404 2750 442 2787 id
466 2750 763 2789 confirmandum
792 2752 931 2802 profert
996 2753 1074 2792 haec
1094 2756 1245 2807 intelligi
1269 2756 1405 2795 debent
1431 2758 1477 2797 de
1502 2759 1696 2799 tolerantia
1716 2774 1800 2813 spe-

131 2812 240 2851 verba
273 2812 458 2852 Rousseau
494 2817 534 2852 in
575 2817 654 2867 ejus
687 2816 847 2866 epistolis
881 2816 928 2856 de
993 2819 1174 2871 culativa3
1200 2822 1382 2874 siquidem
1410 2825 1450 2862 in
1469 2827 1571 2875 praxi
1593 2826 1687 2864 nulli
1722 2827 1797 2864 fere

131 2877 317 2917 tolerantia
359 2892 370 2916 :
405 2879 463 2917 La
494 2879 658 2931 reliqion
697 2887 927 2932 protestante
993 2892 1077 2922 sunt
1119 2887 1412 2926 intolerantiores
1463 2888 1749 2930 protestantibus
1784 2919 1796 2937 ‚

128 2947 183 2980 est
197 2941 387 2981 *tolerante
414 2957 489 2996 par
517 2945 695 2998 principe
708 2959 724 2993 ‚-
764 2945 831 2984 elle
877 2954 930 2986 est
993 2953 1189 3001 praesertim
1201 2966 1283 3003 erga
1306 2952 1529 2993 Catholicos.

127 3004 305 3046 tolerante
317 3008 621 3049 essemieuemene
637 3027 653 3057 ;
675 3009 742 3050 elle
765 3010 846 3049 l'esc
857 3025 927 3051 au-
