2028 3354
508 196 634 224 mm.
674 196 706 223 1.
745 194 845 225 cAr-
881 193 945 224 ιιι.
983 196 1035 224 nn
1072 195 1285 228 accmsm
1321 197 1464 227 noris.
1746 184 1807 229 99

136 309 252 369 lem,
282 325 451 374 nempe
474 307 745 368 Ecclesiam„
776 311 902 370 cujus
934 326 1092 356 murus
1116 309 1317 358 habebat
1340 312 1663 374 fundamenta
1688 313 1806 359 duo-

134 387 313 444 decim,
359 394 403 432 et
430 387 484 431 in
514 387 634 447 ipsis
671 385 915 432 duodecim
954 388 1154 432 nomina
1189 387 1438 434 duodecim
1480 388 1806 451 Apostolorum

132 461 263 525 Aqui
282 462 369 523 (l).
1701 523 1703 525 q

201 537 305 583 168.
344 537 400 582 At
429 536 555 583 enim
593 538 641 582 in
673 552 876 600 quonam
905 536 1129 597 ejusmodi
1173 535 1519 600 apostolicitatis
1549 546 1657 585 nota
1693 556 1806 586 con-

130 613 268 671 sistit3
305 612 526 677 quidnam
567 614 615 659 in
653 630 734 658 suo
768 608 993 675 conc'eptu
1025 612 1257 661 involvit?
1291 615 1459 660 Praeter
1483 615 1807 678 Apostolorum

130 687 389 734 doctrinam
412 689 616 753 exposcit
646 687 724 733 illa
751 686 1012 751 publicam,
1044 702 1304 750 perennem
1341 705 1421 734 seu
1457 706 1701 754 nunquam
1731 692 1808 739 in—

125 772 384 828 terruptam
409 763 467 809 ab
503 762 725 827 Apostolis
752 761 812 807 ad
838 778 922 806 nos
942 778 1089 825 usque
1108 762 1459 810 successionem,
1485 764 1693 813 Diximus
1720 785 1805 814 au—

123 847 218 886 tem
241 841 494 903 publicam
529 839 893 893 successionem,
935 853 1026 900 qua
1065 853 1263 902 nempe,
1301 838 1498 885 solemni
1533 849 1577 886 et
1614 851 1805 891 externa

121 915 472 978 inauguratione
508 913 830 958 ministrorum
874 929 960 977 per
997 912 1142 959 ritum
1185 931 1211 960 a
1244 913 1426 961 Christo
1459 916 1726 964 institutum
1760 930 1807 966 et

121 989 179 1036 ab
213 990 437 1054 Apostolis
466 988 722 1048 adscitum,
751 997 1031 1053 propagatus
1064 989 1204 1036 fuerit
1238 999 1386 1038 coetus
1423 1008 1613 1052 eorum⁷
1646 994 1725 1058 qui
1757 996 1806 1042 in

118 1065 376 1128 magisterio
408 1073 454 1110 et
491 1064 715 1126 regimine
753 1064 981 1129 Apostolis
1016 1075 1330 1113 successerunt
1352 1102 1365 1125 ‚
1405 1066 1468 1114 ad
1506 1085 1621 1132 opus
1652 1073 1805 1117 conti-

117 1140 356 1186 nuandum
378 1138 437 1185 ab
470 1140 699 1203 Apostolis
722 1141 985 1205 incoeptum
1007 1177 1018 1199 ,
1052 1140 1110 1187 ad
1141 1142 1496 1190 conversionem
1524 1144 1697 1192 scilicet
1726 1147 1804 1192 in—

114 1214 316 1262 fidelium
339 1223 385 1262 et
414 1214 619 1262 fidelium
649 1216 1080 1263 sanctificationem.
1105 1216 1315 1264 Diximus
1340 1218 1531 1283 insuper
1545 1237 1804 1283 perennem

113 1308 192 1337 seu
216 1309 469 1355 nunquam
498 1296 822 1356 interruptam
851 1296 1213 1348 successionem,
1236 1294 1294 1341 ad
1326 1295 1677 1358 significandam
1692 1302 1803 1361 for—

109 1367 282 1414 malem
311 1367 536 1429 ejusmodi
559 1369 920 1427 successionem3
949 1386 1034 1416 nec
1058 1369 1185 1416 enim
1213 1371 1320 1417 satis
1351 1381 1421 1418 est
1452 1372 1512 1418 ad
1534 1375 1803 1438 apostolici-

108 1444 215 1489 tatis
244 1452 406 1490 notam
445 1444 821 1491 constituendam
866 1449 1136 1492 materialis
1177 1455 1229 1492 ut
1263 1446 1328 1493 ita
1359 1446 1546 1512 loquar,
1589 1449 1647 1496 ab
1685 1453 1804 1516 Apo-

108 1518 234 1565 stolis
269 1519 519 1577 successi03
543 1519 624 1566 sed
641 1521 897 1584 requiritur
927 1530 1149 1584 praeterea
1184 1523 1409 1568 successio
1443 1526 1704 1585 formalis;
1733 1528 1797 1573 ita

107 1603 159 1640 ut
182 1593 373 1655 debeat,
403 1595 481 1659 qui
514 1594 757 1642 succedere
785 1595 1013 1660 Apostolis
1040 1595 1208 1642 dicitur
1236 1597 1285 1642 in
1316 1597 1505 1661 publico
1535 1601 1798 1663 magisterio

106 1678 154 1716 et
180 1670 388 1717 Ecclesiae
408 1670 631 1733 regimine
648 1707 660 1730 ‚
692 1687 968 1718 conservare
998 1671 1227 1718 unitatem
1255 1671 1362 1719 fidei
1389 1682 1435 1720 et
1458 1676 1798 1725 communionis

104 1762 209 1792 cum
242 1745 447 1793 Ecclesiae
477 1746 705 1794 universae
740 1747 890 1811 capite
922 1756 970 1794 et
1001 1756 1179 1794 centro,
1219 1747 1272 1793 Id
1304 1748 1429 1813 quod
1459 1750 1649 1798 inferius
1689 1752 1798 1800 data

103 1838 242 1886 opera
268 1821 582 1868 ostendemus.
617 1821 833 1886 Alioquin
855 1822 894 1869 si
914 1823 1015 1887 quis
1043 1822 1248 1870 Ecclesiae
1272 1824 1511 1885 cujusdam
1538 1827 1798 1890 apostolicae

102 1915 181 1945 seu
212 1897 269 1944 ab
295 1897 447 1963 aliquo
474 1899 694 1963 Apostolo
727 1909 806 1945 aut
835 1900 1162 1964 Apostolorum
1191 1900 1416 1965 discipulo
1444 1902 1671 1951 institutae
1693 1906 1794 1970 Epi-

100 1991 263 2039 scopus
284 1975 334 2020 in
351 1974 563 2021 haeresim
579 1985 658 2022 aut
673 1974 872 2022 schisma
886 1975 1115 2023 incideret
1130 2011 1143 2034 ,
1159 1978 1227 2023 uti
1245 1994 1318 2023 ex.
1343 1994 1411 2040 gr.
1434 1978 1678 2026 Dioscorus
1692 1981 1795 2046 Epi-

100 2067 265 2116 scopus
278 2050 642 2111 Alexandrinus,
663 2051 886 2099 dicendus
906 2060 1026 2099 esset
1044 2051 1370 2116 Apostolorum
1386 2070 1642 2113 successor3
1666 2057 1794 2121 quod

100 2125 353 2175 absurdum
382 2127 570 2192 quidem
599 2136 682 2175 est.

166 2204 274 2249 169.
316 2205 433 2250 Sane
446 2203 543 2250 haec
567 2212 638 2250 est
655 2212 847 2263 tessera⁷
878 2221 967 2268 qua
998 2203 1176 2269 antiqui
1200 2203 1411 2251 Ecclesiae
1444 2206 1601 2251 Patres
1632 2222 1791 2254 veram

102 2279 444 2342 apostolicitatis
467 2289 632 2326 notam
659 2297 685 2326 a
707 2279 861 2345 spuria
889 2279 1219 2327 distinxerunt.
1253 2280 1326 2326 Sic
1356 2280 1482 2326 inter
1511 2289 1688 2327 ceteros
1718 2281 1790 2329 lo-

102 2353 260 2418 quitur
280 2356 591 2403 Tertullianus
610 2355 830 2404 adversus
851 2356 1085 2403 haereticos
1105 2374 1116 2402 z
1136 2357 1307 2403 Edant
1325 2372 1431 2418 erqo
1452 2358 1662 2419 oriqines
1682 2358 1789 2406 Ec·-

101 2431 356 2477 clesiarum
375 2449 577 2479 suarum
600 2449 616 2487 ;
634 2437 846 2480 evolvant
863 2433 1074 2479 ordinem
1094 2433 1443 2495 Episcoporum
1468 2449 1693 2489 suorum,
1717 2438 1789 2482 ita

91 2522 187 2568 per
223 2509 532 2553 successiones
564 2510 629 2554 ab
664 2511 809 2554 initio
838 2509 1163 2554 decurrentem
1182 2543 1198 2565 ,
1232 2517 1287 2554 ut
1303 2511 1505 2570 primu-s
1539 2509 1618 2555 ille
1658 2511 1787 2573 Epi-

98 2597 264 2645 scopus
286 2583 493 2644 aliquem
508 2599 565 2628 ea·
587 2584 818 2646 Apostolis
844 2586 914 2630 vel
930 2586 1194 2646 apostolicis
1219 2586 1366 2638 viris,
1386 2585 1475 2646 qui
1491 2591 1651 2631 tamen
1673 2603 1787 2634 cum

98 2658 332 2722 Apostolis
342 2663 736 2720 perseveraverit,
755 2660 981 2706 habuerit
998 2667 1236 2708 auctorem
1252 2667 1295 2706 et
1308 2668 1655 2707 antecessorem.
1678 2662 1785 2709 Hoc

99 2738 227 2780 enim
245 2735 379 2780 modo
405 2734 629 2781 Ecclesiae
651 2737 913 2798 apostolicos
928 2752 1094 2782 census
1114 2752 1220 2782 suos
1247 2731 1526 2798 deferunt...
1554 2735 1639 2782 Ad
1657 2737 1785 2786 hanc

99 2811 257 2871 itaque
270 2812 484 2872 formam
498 2812 844 2873 probabuntur
862 2812 925 2859 ab
943 2812 1042 2857 illis
1056 2811 1300 2869 Ecclesiis,
1319 2828 1428 2874 quoe
1441 2845 1458 2868 ,
1471 2812 1580 2859 licet
1590 2815 1780 2861 nullum

154 2970 205 3020 (l)
234 2969 352 3022 Apoc.
376 2985 461 3020 xxi,
497 2970 557 3021 14.
