2028 3354
1728 185 1825 235 315

384 214 518 243 PART.
557 214 590 241 1.
626 212 748 242 SEC'r.
786 212 837 241 11.
875 209 975 240 CAP.
1012 209 1045 237 1.
1082 207 1137 236 DE
1172 205 1298 237 PETRI
1332 203 1550 236 PRIMATU.

124 338 278 376 matus
298 326 524 391 dignitate
542 325 609 373 illi
629 325 714 373 soli
732 323 896 373 collata
916 323 1003 388 (l).
1032 322 1223 369 Certum
1240 328 1326 382 est,
1338 320 1392 367 20
1409 319 1561 386 ipsam
1578 316 1825 366 Ecclesiam
1894 331 1896 333 ·

123 404 440 454 universalem
458 441 471 464 ,
496 402 773 451 orientalem
791 411 838 450 et
857 398 1192 448 occidentalem
1204 398 1425 446 eumdem
1439 413 1627 444 sensum
1638 394 1812 442 horum

125 481 377 532 verborum
405 481 661 546 professam
687 497 784 528 esse
805 479 854 524 in
881 475 1079 524 formula
1103 475 1161 522 ab
1192 474 1441 522 Hormisda
1460 491 1579 519 rom.
1605 472 1832 520 Pontifice

125 557 456 606 subscribenda
485 557 722 633 proposita
738 553 1039 603 orientalibus
1053 553 1141 614 (2).
1160 553 1353 599 Certum
1368 559 1437 597 est
1456 548 1652 607 proinde
1670 549 1737 611 3⁰,
1756 565 1827 597 re·

122 635 271 699 liquas
291 643 384 681 tres
405 634 831 700 interpretationes,
848 640 1007 697 postea
1027 628 1249 690 adjectas,
1271 645 1369 674 non
1383 643 1482 675 esse
1500 627 1590 674 nisi
1606 627 1829 675 secunda-

121 713 240 773 rias
265 711 545 759 adventitias
563 710 914 776 temporarias,
928 724 983 754 ex
996 706 1219 771 peculiari
1239 705 1477 752 occasione
1496 705 1655 763 datas,
1676 714 1724 752 et
1742 722 1834 771 per*

123 788 380 854 quamdam
397 826 409 848 a
436 797 488 834 ut
506 788 664 846 aiunt,
680 784 1000 834 extensionem
1014 781 1267 848 applicatas
1279 781 1378 828 aliis
1392 758 1706 846 praeterquam
1723 799 1831 845 per--

124 882 249 912 sonae
273 866 398 911 Petri
414 899 430 922 ,
455 874 503 912 et
523 863 779 930 genuinum
809 877 999 907 sensum
1039 859 1235 907 minime
1263 857 1536 917 excludere,
1573 856 1655 904 sed
1675 857 1828 905 eidem

125 942 264 989 inniti
296 959 496 1006 eumque
525 955 787 1005 supponere
814 935 906 1001 (3).

193 1018 307 1065 471.
349 1019 405 1064 Et
429 1034 539 1063 sane
561 1025 615 1062 ut
646 1033 671 1062 a
691 1017 843 1080 prima
867 1013 1254 1078 interpretatione
1271 1049 1283 1072 .,
1312 1028 1413 1078 quae
1440 1011 1655 1075 objicitur
1672 1047 1685 1071 7
1708 1010 1830 1058 inci-

126 1095 310 1160 piamus
347 1111 358 1139 z
390 1092 615 1141 Nonnulli
646 1094 804 1139 Patres
833 1090 977 1140 verba
1010 1088 1181 1137 Christi
1212 1098 1461 1155 exponunt
1496 1088 1554 1136 de
1597 1086 1831 1153 Apostolis

125 1172 175 1217 in
200 1186 369 1234 genere
386 1207 400 1229 7
421 1172 552 1218 Dz'st.
575 1168 768 1215 Ratione
787 1167 1070 1232 apostolatus
1088 1203 1101 1226 a
1124 1185 1253 1214 conc.
1295 1167 1476 1213 ratione
1502 1163 1830 1225 fundamenti,

125 1248 266 1294 subd.
283 1255 528 1311 exponunt
542 1245 599 1293 de
619 1244 846 1310 Apostolis
876 1244 942 1290 uti
959 1243 1265 1292 fundamento
1284 1241 1573 1299 secundario,
1594 1240 1830 1296 conc.;uti

127 1323 350 1389 primario
369 1360 382 1378 ,
395 1341 501 1387 ⁷²09·
518 1324 629 1381 Quae
642 1331 694 1369 ut
715 1321 858 1385 magis
871 1321 1113 1385 patefianta
1134 1318 1611 1367 animadvertendum
1634 1326 1704 1365 est
1723 1334 1838 1364 cum>

127 1398 265 1446 Card.
283 1400 354 1446 Du
374 1401 565 1460 Perron,
583 1398 816 1464 duplicem
831 1397 1050 1461 distingui
1071 1399 1122 1443 in
1138 1396 1366 1463 Apostolis
1379 1404 1661 1462 potestatem
1680 1432 1692 1454 7
1711 1394 1836 1442 alte-

127 1493 229 1522 ram
257 1479 577 1523 intrinsecam
606 1485 653 1522 et
685 1476 1006 1532 essentialcmg
1042 1472 1238 1522 alteram
1274 1491 1386 1522 vero
1420 1473 1761 1520 accidentalem
1782 1479 1830 1518 et

130 1555 442 1598 extrinsecam
464 1587 477 1610 ἦ
514 1569 594 1598 seu
618 1551 782 1597 clarius
801 1550 900 1597 aliis
922 1549 1075 1597 verbis
1089 1558 1393 1615 ‚potestatem
1412 1550 1601 1596 ordinis
1627 1565 1679 1595 ac
1701 1555 1830 1612 pote-

131 1637 301 1675 statem
317 1629 706 1690 jurisdictionis.
741 1627 825 1674 Illa
855 1636 954 1675 erat
974 1635 1180 1692 potestas·
1216 1624 1466 1689 evulgandi
1496 1623 1799 1689 Evangelium
1817 1658 1830 1682 ,

131 1704 406 1752 conficiendi
430 1706 727 1752 Sacramenta
751 1741 764 1764 7
801 1704 1048 1769 Episcopos
1076 1712 1123 1751 et
1160 1702 1460 1768 Presbyteros
1492 1699 1794 1749 consecrandi
1817 1736 1830 1758 ‚

132 1781 355 1828 Ecclesias
396 1781 654 1841 fundandi,
687 1790 735 1829 et
770 1780 964 1838 similia3
1008 1779 1167 1828 isthaec
1192 1789 1291 1827 erat
1319 1787 1525 1844 potestas
1549 1776 1832 1844 praesidendi

132 1858 346 1907 fidelibus
367 1895 379 1919 ‚
419 1876 590 1925 eosque
621 1858 840 1923 regendi,
873 1866 1081 1906 errantes
1109 1857 1361 1907 revocandi
1385 1865 1434 1905 et
1463 1855 1752 1920 corrigendi,
1782 1855 1835 1902 in

191 2090 242 2142 (l)
273 2089 352 2129 Cfr.
381 2090 495 2129 Card.
519 2090 581 2128 Du
605 2090 744 2129 Peri-on
760 2119 771 2137 ‚
800 2103 861 2141 op.
883 2095 950 2128 cit.

135 2169 216 2207 cap.
244 2154 322 2204 56,
347 2169 435 2210 pag.
468 2154 573 2206 448,
605 2156 670 2194 ubi
700 2155 828 2194 scribit
857 2169 868 2193 ε
892 2155 952 2192 La

138 2220 341 2273 differem-e
357 2222 401 2260 de
423 2235 484 2260 ces
513 2222 616 2259 deum
635 2222 867 2274 expos-iliona
881 2227 950 2270 est,

139 2298 210 2337 que
242 2285 342 2324 l’tme
383 2294 437 2326 est
479 2287 698 2325 immediate
740 2293 775 2325 et
819 2285 954 2325 l’autre

140 2350 304 2389 mediate
320 2381 332 2397 ‚
361 2351 461 2391 l’mze
485 2353 625 2391 directo
657 2360 692 2391 et
722 2352 854 2390 l'autre
879 2351 954 2390 col-

140 2414 323 2461 laterale,
352 2416 451 2457 l'une
474 2417 633 2457 litterale
651 2426 688 2457 et
715 2418 847 2456 l'autre
874 2432 954 2455 nto-

142 2479 222 2519 rale
237 2498 253 2527 ,·
275 2481 377 2520 l’une
420 2484 609 2536 oriqinale
635 2491 671 2522 et
700 2483 951 2537 perpetuelle,

142 2553 179 2585 et
191 2546 326 2585 l’autre
339 2551 541 2587 accessoire
554 2556 590 2587 et
602 2550 812 2602 temporclle
822 2567 836 2596 ;
850 2550 955 2588 l’une

144 2615 348 2666 con-siquae
373 2615 437 2653 des
465 2614 498 2653 le
541 2623 856 2654 commencemem
878 2646 889 2663 ‚
920 2623 955 2654 et

144 2679 281 2719 l'autre
301 2682 511 2721 introduite
524 2695 604 2735 por
626 2685 816 2722 occasion.

199 2748 252 2798 (2)
284 2746 328 2785 In
351 2747 422 2786 hac
457 2750 557 2787 enim
592 2748 751 2787 formula
775 2749 911 2787 dicitur
938 2760 950 2787 τ

147 2812 290 2850 Prima
321 2812 426 2852 salus
456 2821 510 2852 est
531 2821 640 2852 rectce
658 2813 754 2865 fidei
781 2812 950 2865 requlom

141 2877 357 2928 custodire,
395 2885 431 2918 et
463 2892 488 2918 a
528 2879 697 2918 Puerum
745 2879 951 2918 traditione

142 2941 363 2982 nullatenus
377 2944 548 2994 deviare;
573 2947 666 2998 quia
680 2951 884 2999 nonpotest
902 2944 950 2984 D.

143 3007 197 3047 N.
227 3008 271 3049 J.
303 3006 452 3051 Christi
470 3012 715 3064 proetermitti
738 3013 925 3051 sementia
941 3041 952 3056 ,

1019 2088 1180 2127 dicentis
1195 2106 1207 2126 .-
1233 2089 1298 2127 Tu
1320 2102 1358 2127 cs
1377 2087 1520 2127 Petrus
1531 2118 1542 2133 ,
1558 2094 1593 2126 et
1603 2101 1718 2140 super
1733 2086 1838 2126 hanc

1011 2161 1163 2206 petram
1199 2154 1397 2205 oedificabo
1435 2153 1653 2194 Ecclesiam
1691 2166 1832 2192 meam.

1018 2220 1066 2259 H
1064 2234 1118 2260 σεε
1131 2252 1140 2270 ,
1158 2235 1243 2274 quoe
1273 2221 1378 2259 dicta
1397 2227 1509 2270 sunt,
1524 2234 1652 2258 rerum
1660 2219 1833 2272 proban-

1016 2293 1083 2324 tur
1107 2288 1303 2340 effectibus
1318 2301 1328 2337 3
1346 2289 1437 2338 quia
1460 2288 1504 2324 in
1524 2286 1608 2324 sede
1627 2285 1835 2338 apostolica

1017 2352 1257 2391 inviolabilis
1281 2365 1429 2405 semper
1456 2351 1644 2390 catholica
1668 2351 1834 2390 custodi-

1017 2424 1082 2455 tur
1109 2418 1259 2470 relz‘yio.
1286 2418 1371 2458 Jam
1400 2432 1486 2458 vero
1514 2418 1690 2457 Bossueto
1717 2419 1836 2457 adno-

1018 2491 1146 2527 tante:
1180 2484 1279 2523 Hoec
1311 2484 1501 2538 professio
1538 2486 1586 2523 ab
1620 2484 1836 2523 Hormisda

1021 2551 1134 2602 Papa
1161 2550 1328 2599 dictata,
1361 2551 1409 2588 ab
1440 2550 1617 2589 omnibus
1630 2549 1836 2603 Episcopis

1018 2615 1267 2655 orientalibus
1318 2630 1525 2668 eorumque
1571 2617 1837 2668 antesiqnam's

1021 2679 1459 2735 Constantinopolitanis
1506 2683 1743 2735 patriarchis
1782 2688 1839 2721 est

1017 2755 1216 2799 recepta...
1240 2755 1282 2786 ut
1310 2754 1454 2787 certum
1488 2748 1538 2786 sit
1561 2748 1662 2786 hanc
1685 2748 1835 2799 sormu-

1017 2811 1097 2850 lam
1118 2827 1143 2852 a
1162 2820 1238 2852 tota
1257 2812 1434 2854 Ecclesia
1462 2813 1647 2852 catholica
1670 2825 1839 2865 compro-

1016 2878 1160 2920 batam.
1192 2879 1371 2932 Defensio
1418 2879 1586 2918 declarat
1615 2879 1708 2918 cleri
1735 2876 1835 2917 Gall.

1019 2944 1089 2985 lib.
1108 2959 1156 2985 xx
1173 2978 1184 2993 ,
1212 2948 1301 2987 alias
1321 2961 1366 2985 xv
1382 2975 1395 2997 ,
1418 2960 1500 2999 cap.
1522 2959 1563 2999 7.

1076 3010 1131 3063 (3)
1153 3013 1232 3053 Crf.
1261 3013 1435 3053 Ballerin.
1467 3027 1527 3065 opa
1559 3013 1620 3052 cit.
1659 3023 1741 3062 cap.
1770 3019 1832 3048 12.
