2028 3354
213 183 303 231 128
677 194 827 226 macr.
870 195 923 224 mi
957 195 1075 226 Locis
1110 193 1411 224 mammetem.

213 323 281 362 est
301 313 371 377 (1)
389 348 401 370 ,
434 321 480 358 et
500 307 783 372 experientia
809 306 1066 354 identidem
1085 307 1307 373 ostendit.
1334 305 1512 354 Deinde
1541 320 1648 351 cum
1670 320 1728 351 ex
1745 302 1876 351 dictis

212 387 428 436 miracula
450 421 461 443 ,
491 400 593 448 quae
622 383 669 429 in
699 399 807 432 vera
827 382 1024 429 Ecclesia
1050 383 1152 429 fieri
1178 390 1544 440 consueverunt,
1577 379 1740 427 saltem
1765 379 1881 426 indi-

211 473 334 512 recte
360 478 462 508 eam
490 459 767 525 patefaciant
787 495 800 519 .,
826 476 922 506 non
949 465 1018 506 est
1045 474 1126 504 cur
1147 457 1200 504 in
1226 475 1333 506 eum
1356 461 1498 507 finem
1526 456 1614 504 alia
1646 455 1722 504 edi
1741 456 1886 503 mira-

212 539 310 587 cula
333 536 549 585 debeant.

887 683 1254 720 DIFFICULTATES

441 792 685 840 Adversus
711 796 846 836 notas
875 787 1208 834 catholic-itatis
1235 792 1278 830 et
1300 783 1664 847 apostoh'cz'tatis.

280 936 393 983 221.
432 933 538 994 Obj.
562 931 727 997 prima.
751 927 924 993 Nequit
944 924 1225 973 catholicitas
1248 932 1300 969 ut
1328 939 1450 971 verae
1469 921 1676 969 Ecclesiae
1696 930 1806 968 nota
1829 939 1897 969 as-

218 1012 413 1077 signari3
442 1011 491 1056 10
516 1009 621 1073 quia
657 1014 768 1053 nota
794 1004 897 1050 talis
925 1019 1022 1050 esse
1047 999 1211 1058 debet,
1238 1006 1290 1045 ut
1324 1002 1420 1060 ejus
1450 1015 1537 1061 ope
1565 1015 1673 1045 vera
1703 996 1896 1044 Ecclesia

219 1088 382 1155 quovis
406 1096 616 1150 tempore
640 1080 821 1145 agnosci
848 1087 1013 1144 queat3
1037 1092 1176 1142 porro
1195 1075 1245 1121 in
1262 1074 1471 1120 Ecclesiae
1497 1072 1760 1136 primordiis
1786 1081 1897 1119 nota

221 1166 318 1212 haec
359 1162 528 1210 Christi
551 1158 755 1208 societati
782 1155 995 1202 nondum
1022 1153 1172 1218 aptari
1200 1158 1412 1216 poterat;
1446 1151 1499 1195 20
1532 1148 1636 1212 quia
1661 1148 1898 1194 interdum

220 1240 334 1288 adeo
362 1237 581 1285 coarctari
611 1233 806 1282 Ecclesia
837 1240 1019 1296 potest,
1053 1237 1107 1276 ut
1133 1228 1258 1274 intra
1285 1227 1471 1273 unicam
1499 1224 1785 1289 provinciam
1821 1231 1901 1270 aut

221 1332 417 1379 regnum
446 1313 767 1367 contineatur3
799 1307 849 1354 30
872 1323 1014 1372 quare
1043 1303 1258 1351 nonnulli
1287 1300 1487 1364 theologi
1518 1298 1757 1356 catholici,
1786 1315 1901 1364 quos

222 1393 347 1439 inter
368 1387 696 1443 Bellarminus‚
727 1390 1005 1448 receperunt
1027 1398 1075 1429 se
1103 1379 1163 1426 ad
1182 1377 1518 1426 adstruendam
1543 1374 1903 1422 catholicitatem

224 1469 529 1516 sucsessivam
541 1498 558 1519 ,
587 1478 684 1510 non
722 1468 879 1506 autem
908 1463 1300 1523 permanentem3
1342 1453 1416 1499 cui
1450 1450 1690 1498 sententiae
1724 1451 1905 1514 impru-

227 1544 396 1591 denter
415 1539 556 1605 aliqui
577 1540 891 1585 protestantes
919 1531 1229 1596 subscripsere
1243 1565 1256 1590 ‚
1274 1546 1328 1576 eo
1349 1527 1477 1593 quod
1508 1525 1596 1572 sibi
1622 1526 1776 1574 favere
1796 1524 1907 1589 ipsis

228 1620 491 1675 videretur3
528 1616 609 1663 sed
631 1615 669 1661 si
702 1615 765 1660 ita
795 1619 915 1659 esset
930 1647 943 1670 7
966 1611 1015 1656 in
1040 1625 1244 1674 quonam
1265 1605 1471 1653 differret
1498 1602 1859 1650 christianismus
1882 1617 1908 1647 a

223 1693 487 1761 judaismo?
512 1692 562 1739 4⁰
589 1693 838 1754 Nunquam
861 1686 1072 1752 promisit
1091 1683 1297 1731 Christus
1313 1718 1325 1739 ,
1344 1679 1569 1743 ejusmodi
1589 1678 1798 1726 Ecclesiae
1815 1693 1909 1725 suae

230 1789 315 1839 per
344 1771 613 1817 universum
646 1764 808 1812 orbem
836 1763 1131 1809 diffusionem
1161 1759 1258 1804 fore
1288 1766 1577 1821 perpetuam.
1610 1754 1661 1799 5⁰
1690 1753 1910 1800 Nondum

235 1848 547 1898 verificaretur
572 1843 671 1890 haec
701 1848 812 1886 nota
838 1839 887 1885 in
912 1836 1005 1884 ulla
1032 1835 1244 1882 societate
1269 1832 1540 1888 christiana3
1575 1828 1804 1895 siquidem
1828 1829 1910 1875 in-

233 1937 437 1971 numerae
456 1919 606 1966 adhuc
625 1925 781 1981 gentes
796 1922 920 1974 sunt,
935 1914 1058 1960 inter
1076 1927 1187 1975 quas
1209 1909 1402 1956 Ecclesia
1418 1906 1619 1955 necdum
1639 1905 1802 1952 diffusa
1821 1911 1908 1963 est,

237 2016 344 2047 cum
366 1996 454 2043 illis
474 1992 774 2056 Evangelium
798 1989 1007 2037 nondum
1026 1988 1085 2034 sit
1103 1986 1455 2032 annunciatum.
1483 1983 1534 2029 6⁰
1552 1981 1689 2029 Nulla
1711 1980 1912 2046 denique

241 2072 485 2141 peculiaris
503 2068 766 2118 communio
784 2065 1032 2112 christiana
1054 2079 1260 2109 seorsum
1286 2068 1470 2125 sumpta
1491 2057 1662 2122 ubique
1684 2065 1913 2103 terrarum

238 2157 489 2218 propagata
509 2154 604 2205 est,
634 2143 838 2207 adeoque
859 2140 973 2188 nulli
998 2145 1280 2203 competeret
1310 2136 1407 2183 haec
1433 2142 1562 2181 nota.
1600 2134 1731 2195 Ergo.

306 2226 417 2272 222.
454 2226 588 2287 Resp.
613 2220 731 2283 Neq.
754 2226 854 2265 ant.
887 2216 957 2263 Ad
983 2217 1045 2262 1¹1¹
1067 2213 1201 2279 prob.
1238 2215 1362 2260 Dist.
1392 2209 1585 2258 Ecclesia
1609 2208 1660 2253 in
1689 2206 1780 2265 suis
1816 2205 1915 2270 pri-

241 2302 432 2350 mordiis
458 2298 669 2346 nondum
702 2292 956 2351 materiali,
989 2301 1046 2339 ut
1074 2292 1137 2336 ita
1160 2289 1311 2336 dicam
1328 2324 1340 2347 7
1369 2284 1614 2334 diffusione
1646 2281 1915 2339 fruebatur,

243 2381 308 2426 ita
339 2387 390 2423 ut
413 2376 498 2423 sub
533 2375 620 2421 hoc
647 2378 858 2436 respectu
887 2368 1034 2432 aptari
1062 2383 1159 2413 non
1189 2371 1340 2429 posset
1368 2363 1467 2409 haec
1493 2368 1632 2417 nota,
1662 2366 1814 2404 trans.
1842 2354 1919 2405 vel

245 2470 373 2501 conc.
392 2469 407 2506 ,·
427 2450 640 2498 nondum
667 2455 833 2493 natura
853 2460 935 2491 sua
955 2452 1052 2490 erat
1070 2440 1291 2488 catholica
1315 2445 1361 2485 et
1385 2437 1445 2484 ad
1473 2435 1601 2482 illam
1622 2433 1919 2480 diffusionem

246 2528 454 2577 ordinata
474 2563 486 2586 ,
515 2543 617 2588 neq.
658 2520 946 2568 Catholicitas
963 2555 975 2578 .,
1001 2519 1068 2565 uti
1097 2514 1383 2563 ostendimus
1400 2549 1412 2572 7
1439 2519 1605 2559 natura
1625 2526 1706 2556 sua
1732 2505 1919 2573 profluit

249 2622 306 2652 ex
328 2603 505 2650 unitate
527 2597 731 2648 Ecclesiae
745 2633 757 2657 .,
778 2594 981 2660 adeoque
1002 2592 1257 2660 proprietas
1282 2590 1371 2654 ipsi
1392 2587 1638 2634 intrinseca
1663 2592 1758 2640 est;
1784 2598 1920 2646 prop-

249 2689 374 2726 terea
399 2686 446 2724 et
464 2685 573 2722 nota
590 2674 688 2722 haec
705 2672 794 2738 ipsi
817 2679 1040 2736 perpetuo
1066 2667 1297 2715 adhaerere
1323 2664 1477 2712 debet.
1496 2661 1632 2724 Quod
1649 2660 1687 2705 si
1706 2657 1764 2705 ab
1786 2657 1919 2703 initio

250 2755 317 2802 rei
332 2753 589 2800 christianae
604 2749 816 2796 nondum
834 2746 1030 2794 Ecclesia
1048 2743 1220 2807 ubique
1233 2750 1333 2789 erat
1352 2740 1537 2797 diffusa,
1553 2752 1661 2784 cum
1672 2751 1729 2781 ex
1747 2732 1920 2779 Christi

252 2829 541 2877 institutione
580 2825 789 2873 ordinata
822 2832 940 2870 esset
985 2822 1044 2869 ad
1081 2819 1200 2866 hanc
1241 2814 1549 2867 universalem
1588 2808 1880 2858 diffusionem
1906 2842 1919 2866 ,

311 2980 362 3032 (1)
392 2979 481 3018 Luc.
505 2991 564 3018 xv1
580 3006 591 3026 ‚
620 2990 679 3029 ¹9·
