2028 3354
1741 205 1830 252 161

509 230 635 259 PART.
672 229 704 256 1.
743 227 841 256 GAP.
882 225 953 255 111.
993 226 1047 253 DE
1083 222 1297 254 ECGLESIAE
1332 221 1469 251 no‘rls.

145 354 392 393 externum
418 342 566 390 cultus
593 348 871 406 apparatum
890 375 901 397 a
929 337 989 384 ad
1019 337 1267 402 scapularis
1283 374 1295 395 ,
1318 345 1398 383 aut
1422 335 1581 382 rosarii
1610 333 1833 383 aliorum·

144 439 234 486 que
272 418 497 483 ejusmodi
532 434 698 474 usum2
735 415 797 463 ad
829 431 971 480 quem
1006 412 1251 460 diobolarii
1288 411 1599 476 disputatores
1648 428 1833 478 semper

145 496 415 559 confugiunt
446 493 532 558 (1)
569 494 724 540 Caecus
755 508 895 557 porro
928 507 1025 537 non
1046 489 1224 551 judicat
1255 488 1314 535 de
1333 486 1581 535 coloribus.

209 572 320 618 261.
359 570 431 618 Ad
463 571 560 628 2¹¹²,
590 569 710 631 Ney.
753 560 861 614 Haec
898 566 1023 614 enim
1062 572 1195 611 atrox
1228 563 1461 610 calumnia
1504 564 1639 611 unice
1666 566 1833 613 inniti-

144 657 221 694 tur
242 646 502 693 auctoritati
518 643 755 707 irreligiosi
779 641 1044 705 nulliusque
1064 639 1171 686 fidei
1190 639 1425 703 scriptoris
1448 639 1538 703 (2),
1563 650 1610 687 et
1629 642 1836 691 testimo-

144 723 222 770 nio
235 721 428 769 infelicis
440 720 651 768 Praesulis
664 717 846 782 decepti
859 734 883 762 a
896 718 925 762 J
927 714 1207 774 ansenianis‚
1219 731 1417 779 quorum
1431 714 1683 763 factionem
1696 718 1833 780 fovit,

145 800 316 864 quique
344 798 403 844 ad
434 797 616 844 saniora
640 792 827 842 consilia
849 791 933 838 Dei
960 791 1104 855 gratia
1139 799 1381 838 revocatus
1406 790 1693 855 palinodiam
1717 796 1837 842 ceci-

145 875 217 922 nit
256 891 417 922 eorum
446 873 679 929 omnium,
710 885 813 933 quae
848 863 962 914 falso
995 876 1043 914 et
1074 867 1259 914 incaute
1287 875 1423 914 antea
1457 867 1717 932 protulerat
1746 870 1834 935 (3).

147 952 365 998 Ceterum
393 947 668 996 monasteria
694 943 780 991 sub
812 943 1049 1007 vigilantia
1079 944 1324 990 Pastorum
1354 944 1606 991 constituta
1635 953 1769 1005 sunt:,
1799 948 1837 994 si

148 1044 239 1091 qua
263 1025 436 1074 ibidem
456 1022 576 1070 mala
610 1020 780 1081 herba,
810 1030 863 1067 ut
886 1021 986 1067 fieri
1005 1028 1161 1085 potest
1179 1055 1192 1079 ⁷
1213 1019 1571 1082 germinaverit,
1594 1020 1715 1069 illico
1734 1039 1837 1070 era-

203 1234 255 1283 (l)
285 1233 354 1272 Vix
378 1234 476 1285 legas
493 1232 655 1285 plebejos
671 1231 855 1286 ejusmodi
879 1231 954 1269 dis-

147 1307 328 1351 putatores
343 1328 353 1344 ,
372 1306 434 1337 aut
456 1307 711 1350 provocatores
723 1326 735 1347 ‚
757 1300 796 1336 in
811 1300 953 1349 gravis-

146 1369 246 1404 simis
262 1367 513 1404 controversiis
529 1365 574 1403 de
590 1364 762 1404 Ecclesiae
777 1366 929 1403 veritate
942 1393 952 1410 ‚

144 1431 408 1469 infallibilitate
434 1458 445 1478 ‚
482 1432 622 1469 unitate
646 1460 657 1478 ‚
702 1438 770 1469 etc.
803 1431 916 1468 victos
941 1457 953 1477 ,

141 1497 232 1535 dum
261 1510 322 1535 eos
365 1499 489 1534 statim
519 1496 706 1534 declinare
744 1495 847 1533 vides
869 1522 881 1540 ‚
914 1508 957 1533 ac

144 1561 240 1599 elabi
277 1564 316 1599 in
347 1561 543 1613 reliquias,
577 1561 763 1609 amuleta,
791 1561 954 1607 rosaria,

147 1625 348 1677 scapularia
367 1655 376 1673 ‚
406 1639 544 1678 aquam
574 1624 809 1664 benedictam
835 1655 845 1672 ,
881 1633 950 1663 etc.

148 1690 222 1731 Hic
256 1692 355 1729 enim
384 1699 437 1729 est
460 1692 562 1729 locus
591 1693 756 1741 ipsorum
785 1704 955 1731 commu-

146 1759 204 1795 nis
216 1786 227 1804 ,
252 1770 325 1808 qua
348 1758 488 1794 ratione
502 1769 523 1793 a
536 1755 837 1795 substantialibus
853 1768 957 1808 quae—

147 1821 327 1860 stionibus
346 1822 393 1860 ad
410 1821 609 1872 adiaphora
633 1834 671 1859 se
689 1835 725 1859 se
748 1823 933 1872 recipiunt
950 1849 961 1866 ,

148 1895 189 1926 ut
221 1888 272 1925 sic
314 1886 643 1925 declamationibus
674 1888 777 1924 vanis
813 1886 883 1924 sibi
914 1900 957 1924 ac

148 1952 275 1991 ceteris
295 1951 469 1990 illudant.
495 1950 611 1989 Tanta
633 1959 685 1989 est
706 1952 861 1990 istorum
884 1963 951 1989 cae-

148 2019 236 2056 citas
256 2025 292 2055 et
311 2018 560 2069 praesumptio.

205 2082 257 2133 (2)
289 2082 379 2120 Haec
399 2083 501 2121 enim
522 2084 735 2120 innituntur
746 2083 959 2120 auctoritate

150 2146 198 2186 D.
236 2147 283 2187 de
322 2148 446 2186 Potter
462 2176 472 2193 ‚
512 2150 576 2200 qui
612 2149 653 2185 in
690 2161 752 2199 op.
791 2142 871 2184 Vie
906 2147 951 2185 do

153 2211 314 2265 Scipion
333 2213 379 2252 de
408 2214 521 2253 Riooi
534 2244 545 2262 ‚
568 2216 703 2265 evaque
728 2213 773 2251 de
806 2212 956 2251 Pistoie

154 2284 189 2316 et
219 2276 364 2328 Prata,
395 2288 430 2319 et
461 2280 714 2332 reformamur
749 2279 803 2317 du
833 2279 961 2317 catho-

156 2344 301 2382 lici-§mo
334 2359 383 2384 en
422 2346 595 2385 Tuscane
613 2376 623 2392 ‚
662 2358 749 2383 sous
786 2345 818 2383 le
846 2346 961 2397 reyne

158 2409 201 2446 de
237 2410 431 2461 Leopold,
458 2411 651 2450 Bruxelles
691 2408 791 2448 1825
815 2438 829 2459 ‚
864 2419 960 2449 totus

159 2477 198 2512 in
220 2488 262 2513 eo
282 2483 361 2521 est,
384 2483 426 2513 ut
442 2477 595 2515 extollat
620 2476 733 2528 hujus
743 2475 843 2514 illusi
862 2475 959 2513 Prae-

161 2539 250 2578 sutis
276 2543 468 2578 temeraria
491 2549 602 2592 gesta.
630 2540 742 2578 Porro
768 2555 853 2579 cum
878 2541 966 2593 Epi-

160 2620 291 2659 scopus
329 2606 432 2645 Ricci
477 2607 714 2646 meditaretur
755 2608 968 2646 subtrahere

161 2688 181 2711 a
205 2671 438 2723 regularibus
460 2670 721 2711 Sacerdotibus
740 2673 966 2725 spiritualem

165 2739 473 2777 monasteriorum
496 2737 848 2777 administrationem
862 2745 898 2776 et
909 2737 966 2776 di-

165 2804 380 2851 rectionem,
396 2803 647 2854 magnificavit
662 2803 861 2841 nonnullos
874 2803 967 2842 abu-

168 2882 228 2907 sus
252 2871 328 2908 sive
350 2870 464 2909 reales
489 2871 564 2909 sive
592 2870 754 2917 fictitios,
779 2871 900 2923 quiin
927 2884 970 2910 ea

167 2936 384 2984 irrepserant
404 2962 416 2985 ‚
436 2942 478 2973 ut
497 2943 596 2987 patet
614 2949 656 2974 ex
669 2949 731 2987 op.
755 2936 817 2974 cit.
838 2944 930 2975 tom.
942 2949 972 2982 1,

1023 1230 1084 1269 hic
1108 1239 1236 1269 auctor
1259 1231 1358 1270 hanc
1374 1232 1562 1272 crambem
1580 1247 1675 1286 saepe
1688 1238 1837 1288 repetit.

1079 1295 1134 1346 (3)
1165 1295 1214 1335 Ut
1246 1304 1397 1335 testatus
1424 1305 1478 1336 cst
1503 1312 1534 1337 s.
1568 1313 1625 1338 m.
1651 1300 1737 1340 Pius
1761 1315 1838 1351 vu,

1021 1364 1061 1400 in
1073 1363 1294 1401 allocutione
1306 1362 1431 1402 habita
1453 1364 1513 1403 die
1534 1363 1586 1403 26
1598 1365 1620 1405 J
1623 1369 1703 1405 unii
1720 1366 1836 1417 1805,

1021 1431 1062 1465 in
1086 1430 1303 1466 consistorio
1325 1437 1477 1468 secreto.
1499 1429 1598 1469 Inter
1616 1440 1734 1472 cetera
1751 1447 1837 1473 vero

1021 1494 1099 1531 haec
1123 1496 1164 1531 in
1198 1494 1346 1544 praefata
1373 1494 1595 1535 allocutione
1627 1498 1836 1549 leguntur:

1021 1557 1164 1596 Filiali
1179 1558 1328 1610 fiducia
1350 1559 1461 1597 nobis
1484 1562 1836 1614 ,siqnificavieffici-

1021 1625 1081 1675 pio
1105 1623 1501 1664 Riccius'Pistoriensis
1522 1628 1611 1666 olim
1634 1637 1669 1667 et
1689 1629 1839 1669 Praten-

1022 1691 1070 1727 sis
1084 1689 1308 1741 Episcopus)
1329 1720 1339 1737 ‚
1359 1703 1398 1729 se
1415 1691 1606 1741 formnloe,
1628 1707 1746 1744 quam
1758 1696 1838 1748 ipsi

1014 1767 1229 1807 proponere
1259 1754 1384 1794 Nobis
1412 1756 1648 1808 placuisset,
1686 1762 1835 1801 sincero

1024 1820 1135 1858 corde
1150 1821 1474 1873 subscripturum.
1487 1822 1570 1862 Nec
1581 1824 1678 1875 fidei
1692 1855 1703 1873 ‚
1718 1839 1836 1877 quam

1019 1883 1144 1924 Nobis
1153 1885 1321 1933 dederat,
1329 1885 1464 1937 defuit.
1475 1888 1703 1928 Formulam
1711 1892 1836 1942 enim,

1016 1964 1089 2003 per
1099 1964 1184 1991 ven.
1197 1952 1361 2002 fratrem
1378 1958 1551 1991 nostrum
1563 1953 1603 1992 A
1606 1955 1836 2009 rohiepisoo-

1016 2029 1113 2068 pum
1132 2016 1425 2070 Philippensem
1450 2020 1489 2056 ei
1507 2021 1666 2058 missam
1681 2051 1692 2070 ‚
1715 2021 1832 2074 leqit,

1021 2081 1182 2119 admisit
1198 2111 1209 2129 ,
1234 2095 1378 2134 suaque
1398 2096 1518 2122 manu
1536 2085 1718 2134 signavit.
1738 2087 1832 2127 Hac

1021 2161 1108 2199 erqo
1118 2148 1289 2199 formula
1303 2177 1317 2198 ,
1342 2163 1458 2202 quam
1483 2152 1697 2203 reparando
1720 2167 1834 2193 scon-

1023 2213 1110 2251 dalo
1130 2214 1326 2266 publicam
1342 2217 1386 2253 in
1413 2218 1671 2267 cognitionem
1696 2219 1836 2259 deduci

1021 2282 1240 2331 oovtcupivit
1262 2309 1273 2328 ‚
1289 2280 1497 2319 declaravit
1508 2295 1548 2320 se
1561 2296 1662 2334 pure
1680 2291 1715 2322 et
1740 2285 1836 2323 sim-

1015 2345 1175 2397 pliciter
1214 2347 1445 2397 omninoque
1491 2360 1538 2385 esc
1573 2349 1704 2387 animo
1731 2353 1836 2390 acci-

1016 2424 1108 2463 pere
1121 2441 1131 2456 ‚
1148 2420 1183 2450 et
1196 2413 1376 2450 venerari
1389 2411 1688 2453 Constantianos
1700 2430 1724 2455 α
1736 2415 1836 2457 Sede

1023 2477 1182 2528 apostoli
1186 2491 1231 2515 ca
1240 2477 1365 2529 factas
1380 2507 1390 2525 ‚
1408 2477 1547 2529 quibus
1558 2492 1700 2519 errores
1720 2481 1835 2534 Baji,

1033 2540 1218 2581 Jamenii
1227 2571 1240 2591 ‚
1269 2542 1469 2597 Quesnelli
1484 2573 1494 2591 ‚
1518 2550 1553 2581 et
1567 2544 1722 2584 illorum
1737 2578 1748 2595 ‚
1768 2551 1839 2601 qui

1033 2619 1092 2644 eos
1114 2610 1245 2646 sectati
1265 2615 1356 2646 sunt
1372 2638 1383 2658 ‚
1401 2609 1722 2661 proscribuntur,
1733 2627 1838 2665 [πω-

1032 2673 1162 2709 sertim
1185 2686 1271 2711 vero
1299 2672 1445 2712 bullam
1470 2674 1723 2726 doqmaticam
1735 2678 1839 2719 Auc-

1033 2743 1147 2774 torem
1171 2737 1288 2788 fidei,
1309 2745 1379 2777 etc.
1405 2736 1514 2778 Hanc
1543 2745 1840 2785 retractationem

1035 2801 1266 2842 confirmavit
1285 2802 1434 2842 Riocius
1455 2804 1582 2843 litteris
1596 2806 1643 2845 ad
1667 2810 1839 2849 eumdem

1036 2865 1105 2905 SS.
1126 2866 1343 2908 Pontificem
1357 2869 1464 2909 datis.
1483 2870 1665 2911 Jam-vero
1687 2887 1769 2912 eam
1782 2873 1840 2915 De

1039 2932 1163 2973 Potter
1185 2935 1322 2974 frustra
1334 2935 1630 2978 cavillationibus
1648 2938 1840 2981 obscurare

169 3013 250 3051 cap.
286 3011 333 3039 ια
369 3007 405 3039 et
428 2998 502 3051 15,
536 3009 571 3041 et
604 3001 691 3041 alibi
717 3004 851 3053 passim
868 3032 879 3051 ,
910 3001 975 3040 ubi
1042 3008 1106 3039 aut
1131 3001 1278 3042 eludere
1303 3003 1445 3042 nititur.

231 3064 285 3110 Τ.
327 3063 441 3111 VIII.

1557 3068 1613 3113 11
