2028 3354
211 186 304 235 348
686 204 840 235 macr.
878 207 932 235 nn
966 206 1088 238 roms
1118 209 1418 240 ruuotoorcxs.

211 335 502 367 summorum
518 317 792 363 Pontificum
811 316 1066 365 locutiones
1094 329 1146 365 ut
1171 320 1399 384 privatam
1427 322 1693 386 opinionem
1726 337 1819 386 prae
1850 339 1898 369 se

210 397 410 442 serentes
427 430 438 452 ,Ι
459 393 540 439 sed
570 409 644 439 eas
669 410 778 440 vere
808 403 1157 458 repraesentare,
1182 404 1236 441 ut
1246 396 1395 444 verbis
1418 398 1666 445 adversarii
1681 405 1867 444 utamur
1882 433 1895 457 7

210 470 508 517 traditionem
541 468 816 516 catholicam
840 470 931 531 (l).

276 546 384 592 514.
424 545 492 592 Ad
517 546 582 591 5m
599 582 611 605 7
637 547 760 592 Dist.
785 547 830 592 Si
857 545 1048 593 Ecclesia
1076 547 1201 593 Petri
1225 548 1475 611 primatum
1496 568 1591 597 non
1613 558 1898 615 proponeret

209 621 495 669 credendum
530 631 583 667 ut
609 622 855 668 articulum
886 623 1024 681 fidei,
1056 632 1206 671 trans.
1227 624 1302 671 vel
1334 641 1488 684 conc.;
1507 627 1544 672 si
1565 627 1759 673 Ecclesia
1793 636 1901 673 tan-

208 716 351 763 quam
387 696 494 745 fidei
527 697 774 744 articulum
820 698 953 745 illum
988 699 1274 747 credendum
1308 702 1527 765 proponit
1558 738 1569 759 .,
1605 720 1705 766 neq.
1748 704 1897 767 Atque

207 774 284 822 hic
316 774 465 822 obiter
502 774 919 823 animadvertimus
956 774 1275 825 adversarium
1291 813 1303 835 a
1331 785 1430 823 tum
1449 776 1523 823 hic
1549 786 1653 824 tum
1679 777 1788 824 alibi
1809 796 1894 843 pro

209 860 335 897 certo
367 868 630 897 assumere.
660 853 794 912 juxta
816 851 1044 915 principia
1065 852 1458 916 protestantismi,
1486 853 1774 917 privatorum
1797 871 1896 902 esse

208 927 421 991 colligere
437 944 486 973 ac
500 926 747 974 decernere
775 926 948 992 aliquid
969 927 1252 975 credendum
1277 938 1328 975 ut
1352 928 1598 975 articulum
1620 927 1723 975 fidei
1738 959 1752 988 ἡ
1773 928 1897 993 quod

209 1004 441 1068 quispiam
471 1004 518 1049 in
552 1004 785 1068 Scriptura
821 1013 870 1050 et
906 1003 1156 1051 traditione
1190 1005 1418 1051 contineri
1450 1006 1707 1062 existimem
1729 1014 1776 1051 at
1794 1004 1898 1051 talis

206 1081 416 1146 profecto
443 1079 599 1143 regula
635 1079 744 1128 fidei
781 1080 1043 1140 catholicae,
1077 1081 1239 1128 saltem
1264 1082 1503 1146 proxima,
1535 1081 1897 1146 haudquaquam

207 1166 292 1203 est.
317 1157 422 1204 Haec
453 1173 548 1201 non
573 1165 642 1202 est
672 1156 761 1202 nisi
790 1157 1036 1203 auctoritas
1061 1157 1269 1204 Ecclesiae
1285 1193 1297 1216 .,
1330 1174 1431 1222 quae
1452 1156 1638 1221 quidem
1665 1158 1715 1203 in
1737 1158 1901 1204 decer-

209 1233 378 1279 nendis
416 1233 525 1279 fidei
549 1232 751 1279 articulis
792 1233 959 1278 nititur
984 1233 1219 1298 Scriptura
1245 1251 1296 1280 ac
1335 1233 1583 1279 traditione
1605 1271 1618 1289 ‚
1654 1243 1707 1279 ut
1731 1233 1898 1296 regulis

207 1310 514 1374 inadaequatis
539 1346 551 1369 7
576 1310 613 1355 si
644 1326 850 1355 seorsum
879 1317 1167 1373 spectentur,
1209 1318 1256 1356 et
1287 1310 1503 1370 remotis,
1534 1319 1742 1356 attamen
1776 1309 1898 1356 illius

209 1394 396 1432 tantum
433 1395 522 1439 est,
555 1393 718 1449 utpote
747 1384 1030 1444 infallibilis,
1067 1385 1298 1432 declarare
1329 1403 1494 1433 verum
1516 1386 1683 1434 divinae
1710 1385 1898 1433 revela-

208 1462 347 1509 tionis
369 1479 556 1508 sensum
582 1498 594 1521 7
631 1470 678 1508 et
704 1460 961 1525 quemlibet
990 1461 1234 1508 articulum
1266 1463 1314 1507 in
1338 1461 1617 1510 revelatione
1651 1462 1893 1508 contineri.

210 1539 383 1584 Verum
412 1537 469 1584 de
504 1537 801 1600 hocvpostea.
853 1538 1071 1584 Ceterum
1116 1537 1364 1584 Ecclesiam
1405 1537 1607 1584 tenuisse
1636 1553 1820 1601 semper
1846 1553 1898 1584 ac

210 1614 422 1662 docuisse
453 1614 598 1661 veluti
624 1613 871 1660 articulum
903 1613 1008 1661 fidei
1044 1615 1167 1660 Petri
1198 1616 1451 1678 primatum
1479 1651 1490 1672 7
1524 1614 1668 1678 liquet
1705 1623 1804 1659 tum
1841 1629 1899 1660 ex

209 1691 361 1750 facto7
409 1700 510 1737 tum
542 1707 602 1737 ex
645 1689 842 1737 solemni
887 1679 1160 1738 definitione
1194 1689 1315 1736 edita
1355 1690 1404 1735 in
1436 1689 1648 1755 pluribus
1687 1688 1898 1736 Conciliis

212 1767 510 1814 oecumenicis
535 1801 549 1827 ,
592 1766 848 1831 praesertim
879 1765 1178 1813 Lateranensi
1210 1766 1269 1812 IV
1296 1802 1308 1825 7
1343 1765 1636 1829 Lugdunensi
1667 1765 1708 1811 Π
1732 1774 1779 1812 et
1800 1764 1898 1811 Flo-

209 1844 396 1892 rentino
423 1843 513 1905 (2).

277 1919 388 1966 515.
428 1918 499 1966 Ad
519 1919 587 1964 6ἀι
605 1954 618 1978 ,
643 1920 769 1966 Dz'st.
795 1920 875 1966 Ast
892 1936 1139 1984 perperam
1169 1928 1216 1965 et
1233 1918 1474 1981 antilogice
1496 1918 1545 1965 id
1567 1918 1709 1965 infert
1727 1917 1897 1965 adver-

209 1995 354 2043 sarius
369 2012 423 2042 ex
451 1995 749 2060 responsione
773 1994 1113 2041 Catholieorum
1127 2030 1142 2052 ,
1171 2012 1324 2049 eono.‚·
1332 1998 1436 2056 jure
1454 2012 1506 2041 ac
1525 1995 1666 2058 logice
1680 2030 1694 2053 a
1711 2012 1810 2056 neq.
1830 1995 1897 2040 En

208 2072 349 2133 igitur
390 2070 641 2118 adversarii
677 2072 1052 2134 argumentatio:
1089 2070 1333 2118 Catholicis
1372 2070 1651 2130 fatentibus,
1692 2069 1896 2133 Apostoli

211 2163 372 2193 omnes
400 2163 534 2212 pares
566 2147 755 2193 fuerunt
781 2147 830 2192 in
863 2146 1087 2210 dignitate
1131 2156 1210 2194 aut
1239 2164 1430 2194 munere
1467 2146 1716 2212 apostolico
1738 2163 1896 2194 essen-

262 2345 315 2396 (l)
344 2344 465 2384 Verba
486 2344 523 2383 S
538 2346 669 2384 Leonis
691 2344 744 2383 M.
759 2359 800 2383 ex
814 2341 940 2384 Serm.
960 2359 1017 2391 m,
1086 2345 1224 2385 Baller.
1261 2345 1377 2384 Serm.
1415 2360 1452 2383 lx
1471 2375 1481 2394 ‚
1509 2358 1591 2397 cap.
1638 2358 1660 2383 2
1680 2374 1690 2392 ‚
1724 2344 1797 2383 col.
1834 2342 1896 2383 16.

207 2409 254 2448 de
275 2413 459 2463 Assump.
478 2426 547 2449 sua
561 2440 572 2457 ‚
589 2427 668 2464 quie
685 2410 881 2449 adversarii
905 2415 1019 2450 nostri
1085 2411 1192 2449 Certe
1210 2413 1288 2450 haec
1312 2419 1479 2450 evertunt
1491 2418 1611 2448 totum
1625 2411 1794 2449 Palmerii
1807 2423 1897 2448 oxo-

210 2476 337 2515 oeulos
369 2476 483 2515 nimis
505 2481 775 2528 perstringunt,
797 2485 881 2514 sunt
909 2477 985 2515 haec
1004 2490 1015 2517 t
1084 2478 1342 2530 niensiumque
1356 2485 1557 2515 ceterorum
1572 2491 1710 2515 novum
1723 2484 1892 2528 systema.

209 2541 267 2581 Et
283 2548 409 2579 tamen
433 2541 479 2579 de
498 2549 569 2580 toto
592 2542 734 2580 mundo
760 2555 862 2578 unus
876 2544 1019 2581 Petrus
1139 2543 1190 2593 (2)
1225 2543 1341 2582 Cone.
1366 2542 1547 2583 Later.1v
1563 2573 1574 2590 ‚
1598 2543 1698 2581 decr.
1730 2557 1773 2584 v,
1795 2539 1893 2592 apud

208 2607 363 2659 eliqitur
381 2637 390 2654 ‚
407 2609 475 2658 qui
498 2613 537 2647 ec
558 2609 827 2646 universarum
842 2610 1016 2658 qemi-um
1083 2609 1198 2647 Hard.
1214 2610 1312 2647 Acta
1327 2608 1475 2648 Concil.
1491 2618 1649 2655 tom.vn,
1665 2602 1893 2659 paga-344·

208 2675 402 2712 vocationi
424 2703 434 2720 ,
479 2680 515 2710 et
563 2672 738 2711 omnihus
784 2672 978 2725 Apostoli&
1003 2704 1013 2720 ‚
1088 2673 1237 2715 Concil⁴
1255 2673 1376 2726 Luqd.
1392 2688 1441 2723 ιι,
1456 2674 1551 2713 ibid.
1565 2674 1638 2713 col.
1653 2670 1733 2725 695
1743 2677 1782 2723 et
1795 2683 1891 2721 7023

206 2739 432 2789 cunctisque
458 2736 642 2777 Ecclesiae
668 2738 850 2790 patribus
864 2753 1019 2792 praepo—
1089 2741 1207 2781 Cone.
1237 2740 1408 2779 Florem.
1433 2743 1473 2779 in
1501 2740 1661 2778 Decreta
1694 2735 1864 2776 Uniom's
1880 2767 1890 2785 ‚

207 2810 415 2851 maturuit,
428 2806 601 2855 quamvis
612 2802 803 2856 inpopulo
816 2802 890 2842 Dei
912 2806 1024 2844 multi
1087 2807 1184 2845 ibid.
1210 2816 1304 2845 tom.
1338 2820 1375 2844 ix
1391 2835 1402 2852 ‚
1436 2805 1507 2843 col.
1541 2802 1620 2856 985
1655 2810 1691 2840 et
1717 2816 1821 2854 seqq.
1848 2801 1892 2839 In

210 2868 416 2907 sacerdotes
450 2871 529 2907 sint
550 2896 563 2918 ‚
603 2868 787 2920 multique
813 2877 989 2921 pastores
1008 2901 1018 2918 ‚
1087 2872 1145 2909 his
1175 2886 1283 2923 porro
1314 2871 1485 2910 conciliis
1512 2876 1761 2907 convenerunt
1781 2866 1893 2906 Graeci

208 2947 337 2973 omnes
349 2942 472 2973 tamen
478 2937 748 2987 propriereqat
760 2935 914 2984 Petrus,
929 2950 1020 2988 quos
1086 2944 1122 2975 et
1144 2937 1266 2975 Latini
1289 2950 1300 2986 3
1326 2935 1471 2974 illorum
1495 2937 1600 2973 verba
1622 2933 1773 2972 inferius
1789 2934 1892 2971 exhi-

203 2999 477 3054 principaliter
496 3003 595 3053 regit
614 3009 648 3039 et
665 3001 854 3040 Christus.
875 3002 917 3039 ln
932 3003 1017 3041 edit.
1084 3001 1269 3041 bebimus.
