2028 3354
253 177 342 225 126
717 192 870 222 rnAc'r.
905 192 957 221 ΒΕ
992 190 1109 222 roms
1146 191 1445 226 mammenus.

250 335 396 385 usque
421 319 472 365 in
504 331 733 381 praesen8‚
771 323 910 379 prout
936 316 1174 379 contigisse
1216 319 1267 365 in
1301 320 1495 368 Ecclesia
1525 320 1744 369 catholica
1776 305 1913 387 paulo

250 405 354 462 post
380 390 693 440 ostendemus.
723 389 817 437 Sub
840 390 928 437 hoc
956 400 1165 455 respectu
1196 392 1333 441 debet
1366 405 1474 443 nota
1502 395 1600 444 haec
1625 397 1912 461 impugnari,

248 471 329 536 qui
353 469 491 517 aliam
509 468 597 515 init
625 469 776 527 viam,
800 466 1070 516 diverticula
1093 469 1257 532 quaerit
1283 479 1329 516 et
1358 472 1477 520 elabi
1507 483 1713 521 conatur,

312 545 426 593 217.
464 544 534 593 Ad
561 544 627 591 4¹1²
643 580 656 604 ,
688 546 813 592 Dist.
849 546 1003 591 Potest
1021 580 1034 603 ,
1068 559 1215 597 conc.‚·
1237 544 1350 591 solet
1370 583 1383 606 7
1409 566 1510 612 neq,
1545 549 1758 614 Alioquin
1782 548 1919 596 dubi..

249 633 346 671 tare
373 638 639 688 possemuS,
669 629 827 667 utrum
867 621 1075 683 Moyses,
1108 618 1376 684 Prophetae,
1412 623 1646 687 Apostoli,
1689 625 1918 689 ceterique

249 698 524 748 sanctissimi
536 697 642 756 viri,
660 695 826 761 quibus
840 698 961 743 Deus
984 713 1091 742 usus
1110 703 1178 743 est
1200 695 1259 741 ad
1279 712 1443 760 magna
1469 699 1693 747 molienda
1711 736 1723 758 ,
1749 700 1920 746 fuerint

250 774 360 823 mali
384 773 597 822 homines
625 789 677 819 ac
708 780 993 837 peccatoreS,
1020 779 1159 835 atque
1178 770 1295 817 adeo
1323 788 1407 818 nos
1431 771 1638 837 decipere
1663 775 1801 822 etiam
1834 791 1920 838 po-
1967 763 1969 765 ¹

250 851 425 900 tuerint
450 858 613 915 utpote
629 848 851 895 daemonis
873 848 1204 894 instrumenta.
1230 847 1335 895 Haec
1363 846 1536 894 absona
1561 849 1748 895 omnino
1781 858 1919 909 sunt3

249 936 389 992 atque
415 944 469 975 ex
495 943 548 972 eo
579 923 706 990 quod
732 926 851 970 Deus
874 922 1138 982 interdum,
1168 930 1216 969 et
1238 922 1601 970 extraordinaria
1634 940 1821 989 prorsus
1845 941 1921 970 ra-

250 1006 405 1062 tione,
438 1002 570 1049 malis
601 999 868 1047 hominibus
896 1017 1005 1046 usus
1034 998 1200 1056 fuerit,
1231 1008 1311 1044 aut
1338 1000 1478 1046 etiam
1509 999 1766 1063 permiserit
1797 1002 1921 1060 justo

244 1080 414 1144 judicio
445 1097 554 1138 suo,
586 1086 641 1124 ut
673 1086 934 1141 peccatores
964 1094 989 1123 a
1018 1076 1230 1123 daemone
1261 1075 1615 1140 deciperentur,
1652 1074 1923 1130 concludere
1948 1131 1951 1133 ¹

250 1156 311 1204 ad
343 1155 629 1203 ordinarium
656 1162 702 1199 et
730 1161 1006 1199 consuetum
1041 1168 1131 1199 suae
1160 1151 1463 1216 providentiae
1496 1151 1706 1198 ordinem
1740 1149 1924 1215 paralo-

251 1233 424 1296 gismus
443 1240 512 1279 est
529 1266 540 1290 ,
561 1247 700 1295 quem
720 1228 927 1294 profecto
940 1229 1211 1293 intorquere
1230 1228 1281 1274 in
1299 1227 1466 1277 divinae
1483 1226 1775 1278 revelationis
1794 1235 1926 1273 notas

251 1307 477 1355 increduli
501 1305 631 1353 facile
653 1312 841 1370 possent
867 1304 954 1366 (l).

314 1383 427 1430 218.
466 1381 536 1430 Ad
570 1381 653 1440 5¹¹¹,
684 1382 808 1428 Dist.
841 1380 1049 1437 Directe,
1075 1388 1260 1431 trans.,·
1293 1377 1545 1437 indirecte,
1575 1395 1676 1442 neq.
1708 1377 1926 1435 Quamvis

252 1458 490 1518 daremus,
510 1456 634 1522 quod
653 1466 810 1503 tamen
824 1454 950 1501 haud
964 1454 1278 1512 concedimus,
1304 1453 1545 1513 miracula,
1564 1470 1667 1518 quae
1680 1455 1799 1500 Deus
1821 1460 1927 1516 post

252 1543 436 1583 aetatem
459 1531 756 1598 apostolicam
773 1547 857 1596 per
872 1529 1086 1576 homines
1110 1530 1208 1593 pios
1229 1528 1278 1575 in
1300 1528 1496 1576 Ecclesia
1511 1528 1692 1593 operari
1714 1528 1927 1591 dignatus

303 1688 365 1740 (l)
384 1687 557 1740 Apposite
568 1686 708 1724 Fratres
720 1684 764 1723 de
774 1683 1056 1730 Walembureh‚

256 1758 295 1794 in
319 1762 495 1801 controv,
528 1766 582 1797 111,
622 1749 678 1789 De
706 1750 807 1788 notis
839 1762 906 1787 seu
936 1749 1060 1799 siquis

254 1834 350 1860 veroe
370 1818 548 1858 Ecclesioe
565 1848 575 1865 ,
603 1825 667 1856 art.
710 1815 814 1855 Usus
845 1822 1056 1853 controver-

254 1888 320 1925 sioe
340 1885 385 1923 de
411 1885 512 1923 ‘notis
532 1913 543 1933 ,
577 1891 647 1921 etc.
673 1881 694 1934 §
730 1894 774 1934 ¹7
790 1910 800 1927 ‚
829 1881 875 1919 ad
900 1880 1058 1918 similem

255 1951 506 1992 difficultatem
527 1979 538 1996 ‚
555 1963 634 2002 quae
650 1949 853 1986 desumitur
872 1961 915 1985 ex
928 1946 1059 1998 praedi-

256 2017 378 2056 ctione
401 2016 576 2054 falsorum
594 2013 856 2052 miraculorum
869 2042 880 2060 ‚
906 2025 1057 2063 respon-

256 2084 343 2122 dent
355 2095 368 2121 z
379 2080 489 2119 Sicut
502 2093 573 2133 per
580 2078 867 2133 praedictioncm
874 2076 1059 2126 falsorum

257 2147 530 2186 miraculorum
573 2146 619 2183 in
657 2144 777 2182 veteri
816 2143 1058 2180 Testamenta

257 2227 335 2252 mm
363 2213 509 2252 tollitur
536 2212 597 2250 vis
623 2216 668 2255 et,
688 2211 829 2249 veritas
853 2207 1058 2246 miraculo-

258 2292 344 2317 rum
370 2278 545 2326 Christi,
572 2289 655 2328 quoe
679 2276 793 2313 etiam
809 2287 832 2312 a
854 2273 1059 2324 Prophetis

256 2350 365 2381 erant
377 2342 565 2395 praedicta
583 2356 597 2380 .·
618 2342 672 2379 ita
689 2354 761 2393 per
772 2338 1060 2392 praedictionem

254 2408 439 2461 falsorum
471 2406 748 2446 miraculorum
775 2406 819 2442 in
842 2416 936 2442 novo
965 2403 1060 2441 Tes-

258 2479 421 2512 tamenta
465 2486 543 2511 mm
574 2471 718 2510 tollitur
752 2471 812 2510 vis
851 2476 887 2506 et
922 2470 1061 2506 veritas

259 2538 536 2577 miraculorum
560 2566 572 2584 ‚
618 2548 703 2587 quoe
752 2536 977 2584 cominqunt
1017 2536 1061 2571 in

259 2602 436 2642 Ecclesia
469 2602 638 2650 Christi,
662 2601 782 2652 juxta
813 2598 1062 2650 Prophetiam

261 2668 425 2707 Christi.
447 2667 659 2719 Assiynent
677 2665 786 2704 nobis
808 2664 1063 2702 Proteseantes

260 2733 473 2773 Ecclesiam
488 2764 499 2781 ‚
525 2734 570 2771 in
586 2744 661 2784 qua
682 2730 903 2770 successivis
924 2737 1064 2781 tempo-

259 2799 367 2838 ribus
389 2800 628 2851 contigerunt
661 2803 697 2836 et
731 2797 959 2847 continqunt
990 2794 1062 2834 mi-

260 2863 407 2905 rocula.
429 2862 518 2903 Hoc
542 2866 578 2902 si
596 2876 673 2901 non
700 2868 879 2915 poscunt,
906 2862 995 2913 jam
1017 2858 1065 2897 il-

261 2931 383 2969 lorum
417 2926 674 2969 cavillationes
715 2940 794 2965 mm
828 2933 906 2964 tam
953 2929 1065 2964 erunt

261 3003 391 3035 contra
440 2994 625 3035 miracula
667 2991 845 3031 Ecclesioe
881 2990 1069 3030 catholicoe

1106 1695 1239 1733 quam
1262 1688 1393 1719 contra
1415 1681 1662 1734 prophetiam
1688 1680 1859 1730 Christi,
1888 1687 1932 1718 ut

1125 1746 1233 1784 illam
1270 1746 1482 1785 destruant.
1523 1746 1708 1785 Hactenus
1751 1746 1818 1784 illi.
1856 1744 1930 1782 Nos

1125 1825 1209 1849 vero
1224 1810 1413 1860 addimus,
1434 1812 1511 1850 haec
1528 1811 1604 1863 ipsa
1623 1810 1732 1863 objici
1752 1810 1799 1848 ab
1811 1811 1929 1848 incre-

1125 1876 1221 1915 dulis
1255 1876 1426 1915 adversus
1449 1878 1635 1914 veritatem
1660 1876 1794 1914 divinae
1826 1888 1930 1913 reve·

1124 1941 1270 1979 lationis
1283 1970 1293 1989 ‚
1315 1950 1355 1980 ut
1375 1949 1473 1993 patet
1495 1956 1539 1979 ex
1559 1943 1603 1979 iis
1617 1969 1627 1989 ,
1645 1953 1726 1992 quae
1742 1945 1848 1978 tract.
1873 1936 1930 1978 De

1125 2020 1213 2044 cera
1223 2005 1330 2057 reliq.
1348 2007 1599 2053 disseruimus,
1617 2013 1711 2057 part.
1734 2018 1747 2042 1
1759 2034 1771 2053 ,
1786 2018 1869 2055 cap.
1886 2003 1930 2050 33

1125 2072 1170 2110 ab
1202 2071 1411 2110 adversariis
1432 2071 1584 2123 proinde
1619 2072 1726 2108 etiam
1751 2068 1842 2107 solvi
1864 2068 1931 2106 de·-

1124 2138 1265 2176 berent.
1280 2136 1451 2185 Accedit,
1472 2137 1650 2174 rarissima
1670 2147 1748 2173 esse
1767 2132 1931 2184 exempla

1125 2204 1166 2240 in
1190 2201 1293 2241 Novo
1326 2202 1424 2241 Test.
1459 2200 1558 2253 quod
1578 2199 1676 2238 Deus
1698 2198 1756 2237 vel
1775 2211 1841 2249 per
1861 2198 1931 2236 ho-

1126 2269 1242 2305 mines
1277 2269 1407 2319 impios
1436 2266 1588 2304 ediderit
1620 2263 1796 2301 miracula
1812 2291 1823 2310 ‚
1870 2269 1934 2300 aut

1125 2334 1328 2388 permiserit
1351 2333 1506 2371 daemoni
1517 2359 1530 2380 ,
1563 2337 1606 2369 ut
1639 2342 1704 2381 per
1737 2329 1933 2380 praestigias

1124 2400 1291 2438 homines
1314 2399 1494 2450 deciperet
1513 2396 1651 2444 malos3
1673 2403 1708 2434 et
1728 2397 1758 2432 si
1771 2396 1811 2432 in
1821 2393 1870 2433 N.
1884 2393 1931 2432 Τ.

1126 2466 1305 2516 excipias,
1333 2463 1433 2516 quod
1458 2463 1589 2513 legitur
1614 2461 1659 2499 de
1681 2459 1839 2513 Caipha,
1867 2458 1931 2510 qui

1127 2531 1383 2583 prophetavit,
1397 2529 1542 2567 nullum
1561 2540 1709 2579 prorsus
1721 2523 1931 2574 exemplum

1128 2598 1280 2637 occurrit
1300 2595 1346 2635 de
1374 2595 1554 2648 ejusmodi
1580 2593 1788 2643 deceptione
1806 2600 1829 2625 a
1854 2586 1932 2644 Deo

1128 2663 1314 2715 permissa.
1339 2661 1441 2700 Licet
1462 2674 1545 2699 vero
1562 2656 1717 2708 Caiphas
1730 2654 1837 2692 fuerit
1850 2665 1932 2704 pes·

1127 2730 1241 2766 simus
1255 2726 1367 2765 homo
1383 2755 1394 2775 ‚
1416 2725 1591 2776 disposuit
1611 2729 1735 2759 tamen
1751 2717 1865 2765 Deus,
1887 2727 1931 2757 ut

1127 2795 1167 2831 in
1184 2806 1226 2831 eo
1239 2823 1249 2841 ,
1271 2791 1371 2845 quod
1384 2790 1447 2830 ille
1465 2789 1618 2841 pessima
1629 2785 1832 2823 intentione
1846 2795 1931 2834 pro-

1128 2860 1262 2898 tulerat
1288 2889 1299 2907 ,
1332 2850 1519 2911 prophetia
1556 2853 1815 2892 contineretur.
1854 2847 1930 2886 Cfr.

1128 2923 1359 2963 Maldonatus
1376 2952 1386 2969 ‚
1410 2923 1450 2960 in
1473 2932 1552 2971 cap.
1570 2930 1614 2956 ιι
1631 2916 1740 2957 Joan.
1755 2930 1793 2955 v.
1810 2913 1877 2953 51.
