2028 3354
175 169 269 218 536

649 184 804 215 TRAGT.
838 185 893 213 ΒΕ
927 183 1049 214 muts
1081 185 1381 218 ‘tuumne-101⁵.

236 302 351 353 794.
389 305 456 351 De
482 299 680 349 Ecclesia
716 303 908 366 ejusque
938 317 1156 368 supremo
1184 302 1360 367 capite,
1390 319 1583 352 romano
1604 302 1827 352 Pontifice
1847 340 1860 363 ,

170 380 412 428 hactenus.
445 377 618 435 Quanti
656 385 816 424 autem
850 377 1119 426 interfuerit
1150 376 1248 425 haec
1278 378 1501 443 prolixius
1536 381 1728 428 fortasse
1765 380 1862 427 dis-

170 455 391 512 seruisse,
417 461 519 499 tum
547 451 687 514 alias,
715 461 821 500 tum
844 453 1076 519 praecipue
1095 453 1146 500 in
1164 452 1374 519 reliquis,
1402 470 1513 520 quas
1537 458 1862 523 proposuimus

170 530 457 579 tractationis
483 530 621 593 hujus
650 530 887 596 partibus,
923 531 1120 597 quisque
1151 530 1283 579 facile
1311 531 1555 596 intelliget.

167 689 209 727 in
236 683 447 725 minoribus
477 692 594 732 esset,
631 683 812 735 evulgavit
836 682 946 722 titulo
971 697 984 723 e

169 751 212 792 ΙΙ
244 750 411 802 Trionso
446 749 544 789 della
572 755 685 787 santa
715 747 812 787 Sede
842 763 863 786 e
888 747 990 788 della*

170 817 312 857 Chiesa
333 822 463 855 contro
487 816 545 868 yli
565 813 704 853 assalti
725 813 787 853 ἅθ’
809 815 987 853 novatori

169 883 394 923 combalbuti
408 895 427 919 e
440 881 606 933 respinti
623 893 695 919 con
717 879 750 918 le
769 887 882 917 ates-se
905 878 985 917 loro

165 950 291 997 armi,
326 947 447 986 Roma
485 957 617 999 ¹799?
651 944 829 997 quodque
855 957 984 982 recens

164 1022 202 1054 et
225 1013 361 1067 pluries
387 1024 582 1058 recusum,
614 1023 657 1048 ac
685 1008 815 1060 gallice
843 1009 956 1048 etiam
973 1037 986 1056 ,

168 1078 404 1132 germanice,
425 1076 620 1127 hispanice
639 1081 750 1127 atque
773 1073 989 1112 hollandiae

166 1158 313 1185 versum
329 1155 506 1194 magnum
530 1140 672 1193 ubique
694 1138 866 1192 plausum
890 1139 989 1178 exci-

164 1213 270 1251 tavit.
294 1209 340 1248 In
363 1208 437 1247 hoc
456 1208 594 1260 quippe
619 1219 727 1258 opere
747 1204 985 1256 praeclarissi-

164 1290 249 1317 mus
270 1273 408 1315 Auctor
431 1287 474 1313 ea
498 1272 627 1324 logicae
651 1270 817 1310 methodi
845 1271 984 1309 severi-

167 1349 268 1394 tate,
296 1355 340 1383 ea
364 1345 668 1393 argumentorum
689 1338 726 1378 vi
742 1350 786 1377 ac
807 1336 986 1376 doctrinae

1054 685 1165 736 copia
1182 682 1416 724 Pontificiam
1440 684 1742 725 infallibilitatem
1756 716 1768 735 ,
1793 688 1862 726 ad-

1053 762 1178 789 versus
1208 740 1409 790 neotericos
1434 764 1455 790 e
1481 753 1701 803 janseniano
1726 764 1835 804 grege
1850 782 1861 800 ‚

1054 814 1274 864 vindicavit,
1297 824 1339 854 ut
1355 830 1433 855 rem
1449 816 1559 868 plane
1581 817 1797 856 confecerit.
1810 815 1864 856 Ita

1052 893 1187 930 nempe
1203 877 1409 921 Gemonios
1424 881 1515 920 XVI
1533 911 1543 931 ‚
1568 881 1808 935 quadraginta
1830 890 1865 921 et

1051 943 1209 995 amplius
1241 943 1378 983 abhinc
1417 949 1550 995 annis,
1584 947 1727 986 divinas
1759 946 1864 986 Sedis

1052 1007 1152 1046 illins
1186 1012 1439 1060 praerogativas
1475 1021 1622 1051 strenue
1653 1025 1863 1065 propugna-

1051 1072 1142 1120 bat,
1171 1084 1255 1125 quae
1275 1080 1418 1111 aeternae
1447 1077 1682 1125 providentiae
1710 1077 1864 1116 consilio

1054 1139 1099 1178 ab
1114 1151 1160 1178 eo
1176 1167 1187 1186 ,
1205 1137 1261 1176 nil
1280 1139 1351 1177 talc
1371 1140 1550 1191 cogitante
1564 1169 1576 1187 ,
1601 1141 1771 1194 deinceps
1786 1148 1863 1181 erat

1053 1203 1234 1260 tenenda,
1254 1217 1297 1243 ac
1313 1212 1414 1244 tanta
1437 1218 1525 1242 cum
1550 1206 1724 1256 sapientia
1753 1215 1863 1259 atque

1053 1257 1241 1323 apostolici
1263 1271 1378 1310 animi
1398 1269 1530 1310 robore
1551 1269 1808 1321 gubernanda.

789 1575 897 1608 mus
924 1566 1059 1607 ramat.
1084 1574 1240 1606 ramis.
