2028 3354
228 193 327 241 1416
727 200 883 232 macr.
921 199 975 227 mi
1012 196 1132 226 zocrs
1167 192 1465 225 THEOLOGICIS.

300 322 410 370 599.
449 321 587 381 Resp.
637 313 705 361 Ad
741 313 836 370 1¹¹¹„
870 312 994 358 Dist.
1024 310 1056 355 A
1081 311 1186 370 jure
1214 307 1371 355 divino
1406 305 1552 370 repeti
1580 301 1768 368 nequit,
1802 301 1926 366 quod

239 418 265 448 a
293 414 421 445 mero
450 391 650 441 hominis
689 387 880 437 arbitrio
915 384 1089 451 pendet
1118 384 1166 429 in
1211 383 1308 446 ipsa
1341 401 1390 430 re
1413 378 1731 436 instituenda,
1769 394 1926 431 conc.;

235 479 284 525 in
304 470 520 539 ponenda
546 467 829 523 conditione7
851 472 903 509 ut
922 479 1013 518 reS,
1030 477 1131 525 quae
1147 458 1305 505 divino
1325 461 1424 520 jure
1446 457 1658 503 instituta
1679 462 1748 500 est
1763 489 1776 513 ‚
1792 469 1927 499 suum

239 549 459 599 sortiatur
493 544 736 601 effectum,
767 558 865 603 neq.
896 536 1028 596 Quod
1061 544 1114 581 ut
1151 532 1364 597 exemplo
1397 531 1610 579 familiari
1642 529 1924 575 illustretur:

238 644 294 674 ex
328 623 484 671 divina
516 619 810 667 institutione
843 616 926 673 fila
960 621 1011 659 ut
1042 611 1176 677 panis
1205 627 1288 675 per
1319 608 1711 655 consecrationem
1733 621 1928 652 conver-

237 710 365 750 tatur
397 699 446 745 in
484 696 654 744 Christi
697 694 899 756 Corpusz,
938 708 961 735 a
980 686 1235 735 Sacerdotis
1264 694 1424 731 tamen
1456 682 1645 729 arbitrio
1680 680 1853 746 pendet
1881 680 1931 726 in

238 778 366 825 hunc
400 774 552 840 potius
598 787 737 835 quam
773 768 907 813 illum
946 781 1117 829 panem
1152 760 1293 808 verba
1328 759 1680 806 consecrationis
1708 757 1927 819 proferre.

242 855 325 903 Ast
353 853 389 899 si
418 849 560 897 semel
590 863 762 913 panem
791 844 994 907 aliquem
1030 838 1394 894 consecraverit,
1422 837 1471 882 in
1509 833 1680 880 nullius
1716 836 1811 894 jam
1846 849 1932 896 po-

242 938 408 979 testate
439 937 508 975 est
534 922 928 971 consecrationem
954 935 978 964 a
1005 933 1127 980 pane
1149 914 1228 960 illo
1251 913 1432 959 auferre
1452 948 1463 969 n
1500 928 1550 957 ac
1579 925 1685 958 vere
1707 907 1935 954 diceretur

240 1011 346 1071 jure
378 1004 565 1060 divino7
593 1017 673 1046 seu
698 1014 752 1044 ex
775 991 1235 1043 divinainstitutione
1246 1022 1264 1044 ,
1293 1005 1461 1051 panem
1478 986 1614 1032 illum
1638 985 1814 1031 factum
1840 999 1938 1029 esse

245 1084 422 1146 Corpus
451 1077 644 1133 Christi,
680 1070 892 1138 quamvis
925 1086 950 1115 a
987 1067 1104 1113 facto
1129 1079 1257 1111 mere
1285 1062 1489 1109 humano
1524 1063 1618 1108 sive
1652 1077 1776 1106 mero
1804 1058 1938 1105 alicu-

240 1163 316 1223 jus
342 1153 597 1204 Sacerdotis
628 1149 817 1197 arbitrio
846 1147 1018 1193 factum
1048 1145 1106 1189 sit
1123 1179 1135 1202 ἢ
1165 1149 1218 1187 ut
1242 1139 1373 1205 panis
1395 1138 1471 1183 ille
1499 1139 1549 1183 in
1569 1139 1744 1201 Corpus
1767 1134 1936 1182 Christi

249 1251 335 1301 per
354 1229 745 1280 consecrationem
763 1223 903 1270 fuerit
923 1228 1129 1268 mutatus
1155 1218 1242 1280 (1).
1267 1217 1364 1262 Hoc
1390 1222 1546 1260 autem
1566 1221 1619 1258 ut
1638 1212 1759 1258 casui
1779 1220 1942 1258 nostro

251 1424 408 1464 stionem
420 1449 431 1468 ‚
447 1423 475 1458 si
496 1417 646 1472 quidem
659 1422 790 1452 notum
803 1420 853 1451 est
870 1441 880 1459 ‚
900 1409 1062 1448 nonnul-

252 1490 306 1528 los
319 1486 551 1526 scholasticos
564 1491 597 1520 et
612 1481 800 1529 theologos
823 1479 1061 1520 existimasse,

254 1553 420 1594 absolute
453 1551 530 1589 fieri
557 1561 659 1600 posse
676 1576 686 1593 ‚
710 1554 749 1583 ut
771 1546 947 1595 primatus
963 1572 973 1589 ,
1000 1554 1063 1578 seu
1110 1586 1113 1588 .

258 1631 424 1659 summus
445 1614 678 1668 pontificatus
702 1611 915 1649 auctoritate
936 1606 1063 1645 Eccle-

257 1689 319 1726 siae
349 1692 410 1723 aut
428 1696 523 1721 rom.
547 1679 735 1718 pontilicis
758 1691 778 1714 a
795 1675 889 1713 Sede
912 1685 1065 1711 romana

257 1754 298 1790 in
323 1751 431 1788 aliam
468 1754 587 1799 posset
623 1742 836 1787 transferri,
861 1737 1067 1792 cujusmodi

258 1825 345 1856 sunt
370 1815 499 1854 Scotus
529 1811 584 1848 In
609 1810 677 1849 lib.
707 1823 742 1846 iv
764 1806 868 1844 Sene.
889 1806 973 1843 dist.
991 1801 1065 1853 243

259 1882 371 1922 Card.
400 1879 593 1923 Cusanus,
633 1874 687 1914 De
716 1872 964 1912 concordant.
1002 1881 1067 1905 ca-

260 1945 351 1986 thol.
379 1945 446 1983 lib.
464 1957 489 1981 ιι
507 1974 516 1991 ,
541 1956 621 1993 cap.
657 1939 708 1990 34
733 1939 818 1990 (qui
844 1945 966 1974 tamen
988 1947 1071 1985 pos-

267 2023 325 2052 tea
350 2013 389 2049 in
415 2012 523 2061 epist.
552 2008 596 2045 ad
612 2007 793 2044 Bohemos
822 2016 901 2040 eam
922 2006 1069 2038 senten·

262 2083 353 2119 tiam
379 2074 627 2123 retractavit);
644 2069 907 2113 Cordubensis,
925 2066 992 2103 lib.
1016 2078 1067 2111 iv,

266 2160 306 2198 q.
335 2156 379 2193 ¹3
403 2142 553 2180 Bannez
575 2141 615 2176 in
641 2151 668 2174 n
693 2142 822 2188 quaest.
846 2147 859 2170 ι
878 2163 887 2180 ,
905 2140 974 2170 art.
999 2143 1071 2180 ¹03

264 2207 486 2252 Dom.sot0‚
502 2204 559 2242 In
570 2202 676 2240 lilmv
690 2199 830 2237 Seram.
843 2211 883 2243 ιι,
896 2197 980 2235 dist.
1000 2192 1070 2244 24,

265 2289 309 2327 q.
337 2288 387 2322 2,
413 2281 480 2311 art.
497 2271 521 2308 5
544 2300 552 2317 ,
573 2269 662 2307 edit.
690 2267 816 2304 Venet.
845 2261 962 2315 1755,
987 2274 1068 2311 pag.

266 2339 318 2392 4ο
334 2354 344 2390 ;
372 2339 594 2383 Paludanm,
612 2335 851 2377 Amenanus,
869 2328 1046 2367 Mendoza
1060 2354 1074 2374 ‚

268 2405 367 2456 apud
381 2403 514 2442 Suarez
532 2432 542 2448 ‚
559 2399 613 2439 De
630 2397 777 2450 triplici
797 2397 935 2434 virtute
954 2391 1070 2430 theol.

268 2475 376 2509 tract.
415 2469 474 2506 De
500 2466 625 2511 Fide,
658 2465 752 2515 disp.
792 2474 861 2506 10,
894 2467 982 2497 sect.
1020 2459 1042 2496 3
1063 2486 1072 2502 ‚

269 2550 310 2575 n.
336 2548 387 2589 93
413 2533 548 2571 Thom.
583 2530 820 2574 Waldensis,
861 2525 959 2576 apud
985 2523 1073 2560 Cor-

272 2601 477 2640 dubensem
514 2600 554 2634 in
590 2596 725 2634 Doctr.
758 2591 871 2642 βᾶθί,
904 2590 974 2627 lib.
1016 2601 1043 2625 ιι
1066 2617 1076 2634 ,

273 2674 342 2706 art.
370 2679 418 2713 2,
444 2677 523 2714 cap.
544 2659 607 2711 4ι.
643 2659 862 2698 Ballerinius
877 2685 886 2703 ‚
906 2658 944 2693 in
970 2652 1078 2691 Vin-

272 2731 391 2770 diciis
408 2726 645 2766 auctoritatis
659 2723 873 2777 pontificia?
891 2749 902 2768 ‚
931 2734 1011 2771 cap.
1035 2716 1077 2766 8,

276 2795 299 2850 ξ
322 2809 345 2834 2
362 2823 374 2842 ‚
409 2801 518 2845 negat
539 2791 692 2843 quidem
721 2788 917 2827 Ecclesiam
934 2815 943 2832 ‚
972 2791 1080 2836 prout

277 2862 467 2913 separatim
496 2873 515 2896 a
549 2870 693 2894 summo
719 2853 892 2891 pontifice
911 2849 1079 2889 conside-

279 2935 378 2966 ratur
395 2956 405 2975 ,
424 2937 529 2977 posse
546 2922 617 2961 alio
643 2918 835 2958 transferre
855 2918 1080 2968 primatum3

279 3000 317 3033 at
342 2990 499 3031 dubium
539 3002 576 3026 se
610 2985 785 3033 exhibet,
816 2996 907 3021 num
937 2979 1082 3026 id,fieri

1138 1407 1251 1459 possit
1277 1420 1297 1442 a
1322 1418 1416 1441 rom.
1453 1400 1656 1449 pontifice,
1681 1411 1800 1450 neque
1826 1394 1944 1447 facile

1140 1469 1389 1511 decidendam.
1419 1481 1493 1506 esse
1516 1466 1685 1504 affirmat.
1702 1463 1756 1502 Ne
1776 1476 1872 1501 unus
1888 1468 1941 1497 ta-

1141 1553 1226 1577 men
1252 1551 1295 1575 ex
1315 1535 1499 1573 recensitis
1519 1530 1729 1569 auctoribus
1754 1527 1943 1566 catholicis

1141 1603 1345 1647 concludit,
1364 1603 1417 1638 uti
1442 1599 1643 1637 Febronius
1662 1603 1696 1633 et
1721 1603 1805 1632 ante
1825 1595 1947 1642 ipsum

1143 1670 1359 1709 lutheranus
1382 1666 1548 1703 Amesius
1561 1693 1573 1708 ,
1598 1661 1695 1714 apud
1713 1660 1916 1711 Dupinium
1933 1683 1945 1704 ,

1144 1738 1207 1776 De
1231 1742 1312 1774 ant.
1342 1731 1489 1771 Eccles.
1515 1728 1724 1782 discipline
1740 1756 1749 1771 ‚
1785 1727 1872 1764 diss.
1897 1737 1946 1771 lv,

1144 1802 1164 1855 ὃ
1184 1803 1221 1850 3,
1236 1813 1321 1853 pag,
1341 1797 1419 1848 534
1433 1826 1444 1844 ,
1458 1796 1674 1840 intulerunt,
1689 1806 1731 1830 ex
1754 1805 1795 1829 eo
1818 1803 1951 1839 nempe

1145 1868 1244 1921 quod
1265 1865 1481 1903 Pontificum
1497 1875 1591 1899 rom.
1605 1859 1783 1897 successio
1798 1858 1837 1893 in
1852 1856 1949 1894 facto

1146 1935 1316 1972 humano
1348 1929 1550 1973 fundetur,
1582 1934 1691 1978 atque
1713 1926 1753 1961 in
1784 1922 1952 1959 divinum

1147 1999 1211 2038 sed
1231 1998 1439 2035 humanum
1458 2006 1531 2032 esse
1553 1994 1612 2044 jus
1626 2020 1635 2038 ,
1658 2003 1734 2042 quo
1751 1987 1946 2025 Pontifices

1149 2065 1292 2104 romani
1319 2065 1357 2100 in
1384 2062 1480 2099 Petri
1508 2062 1705 2111 primatum
1732 2053 1949 2093 succedunt.

1204 2130 1256 2180 (l)
1286 2128 1366 2166 Cfr.
1388 2126 1527 2164 Gerdil.
1548 2121 1602 2160 In
1625 2119 1953 2160 Commentariun}
2004 2163 2009 2168 ἱ

1149 2211 1173 2234 a
1199 2196 1230 2233 J
1230 2196 1358 2247 astino
1372 2193 1414 2230 F
1412 2190 1569 2230 ebrunio
1587 2190 1633 2226 in
1646 2199 1754 2223 suam
1769 2189 1953 2221 retracta-

1150 2264 1287 2300 tionem
1311 2259 1453 2297 editum
1475 2251 1849 2300 animadversiones,
1871 2262 1957 2300 opp.

1150 2330 1213 2366 cit.
1226 2326 1317 2363 edit.
1336 2333 1424 2362 tum.
1446 2334 1509 2359 xm
1527 2350 1537 2367 ,
1562 2320 1670 2370 posit.
1687 2330 1727 2369 9,
1746 2330 1830 2367 pag.
1847 2312 1919 2365 241
1941 2343 1952 2360 ‚

1153 2393 1217 2444 qui
1246 2393 1341 2428 inter
1373 2401 1490 2426 cetera
1533 2385 1703 2436 praeclare
1743 2382 1909 2419 observat
1944 2392 1957 2416 τ

1163 2457 1296 2496 Unum
1321 2453 1439 2497 illud,
1469 2450 1568 2502 quod
1591 2456 1721 2488 contra
1749 2447 1875 2498 facero
1896 2443 1956 2481 οἱ·

1153 2523 1262 2561 detur
1277 2552 1287 2565 ,
1301 2532 1441 2558 nemum
1449 2518 1644 2570 primatus
1656 2527 1743 2552 cum
1752 2522 1848 2550 rom.
1862 2506 1957 2546 Sede

1155 2601 1201 2627 ex
1223 2584 1333 2624 Petri
1356 2586 1458 2637 facto
1489 2582 1679 2635 pendere,
1703 2577 1850 2616 nullius
1879 2586 1957 2631 orn·

1154 2655 1248 2692 nino
1274 2651 1455 2690 momenti
1471 2656 1538 2686 est.
1565 2645 1690 2685 Multa
1702 2644 1840 2695 quippe
1855 2644 1958 2684 sunt,
2025 2676 2028 2678 ,

1154 2732 1238 2771 quoe
1258 2748 1268 2764 ‚
1292 2723 1336 2754 ut
1358 2718 1435 2753 sint
1458 2722 1495 2751 et
1513 2714 1681 2751 existant
1694 2738 1705 2755 ‚
1725 2705 1872 2759 factum
1886 2703 1959 2741 Ιιιι-

1156 2796 1314 2821 manum
1332 2780 1644 2833 proerequirunt;
1683 2773 1812 2810 statim
1834 2776 1960 2808 autem
2005 2787 2015 2802 x

1153 2857 1265 2900 atque
1272 2847 1373 2899 facto
1386 2846 1552 2883 humano
1556 2839 1784 2894 prodierunt
1791 2864 1802 2883 ,
1823 2836 1865 2873 di
1871 2835 1960 2873 vino

1152 2914 1266 2965 plane
1285 2914 1379 2962 jure
1410 2909 1652 2947 sanciuntur.
1688 2902 1800 2952 Quod
1826 2899 1960 2940 deinde
2011 2927 2028 2938 ,,

1158 2979 1326 3031 plurimis
1344 2972 1518 3025 exemplis
1537 2971 1723 3019 declarat,
1744 2981 1787 3007 ac
1810 2967 1960 3007 demum
