2028 3354
1361 141 1383 154 θ

433 194 563 223 PART.
601 193 635 221 1.
675 190 791 221 SEGT.
828 190 875 221 11.
916 191 1014 222 GAP.
1058 190 1119 222 IV.
1156 190 1210 219 DE
1244 190 1389 221 DO'HB.
1430 189 1553 219 enm.

1744 173 1838 222 519

141 313 270 352 retur
287 305 491 370 epistolae
509 322 594 370 per
612 304 1000 370 subscriptionem
1023 304 1355 370 Episcoporum
1374 301 1432 349 ab
1454 303 1671 352 universa
1692 302 1840 350 Eccle-

140 381 204 428 sia
220 385 321 444 jam
343 392 540 446 receptae
557 419 568 441 7
599 383 665 428 uti
692 391 874 429 constat
902 400 958 429 ex
981 383 1026 428 S.
1057 381 1221 428 Leonis
1250 379 1455 446 epistolis
1483 380 1574 443 (l),
1598 388 1645 427 et
1666 396 1839 445 appro-

139 455 286 517 batae,
330 459 395 504 uti
436 457 666 518 vidimus„
708 476 792 523 per
832 457 1042 519 ejusdem
1082 456 1274 504 Concilii
1313 455 1695 514 acclamationes,
1740 473 1840 522 quae

139 535 339 598 proinde
369 538 502 597 juxta
538 535 824 583 adversarios
858 532 1208 582 irreformabilis
1235 538 1335 596 jam
1367 542 1468 580 erat
1498 533 1585 597 (2).

203 611 318 657 766.
348 611 418 658 Ad
438 613 503 657 211¹
542 612 661 675 Ney.
680 613 796 658 Cum
814 629 871 659 ex
889 612 1030 658 modo
1049 610 1181 658 dictis
1200 610 1326 656 aliud
1345 609 1402 656 sit
1421 608 1627 657 liberum
1646 626 1842 659 examen

137 688 544 747 confirmativum,
582 687 709 733 aliud
742 705 853 735 vero
885 686 1204 734 dubitativum
1240 701 1346 731 cum
1376 684 1594 734 libertate
1628 704 1841 734 assensus

137 762 214 810 vel
241 763 502 825 dissensus,
534 764 662 829 quod
689 780 933 828 nunquam
968 761 1250 825 permissum
1283 768 1353 807 est
1398 761 1516 807 circa
1561 761 1841 824 dogmaticas

137 856 256 887 rom.
292 841 569 888 Pontificum
601 839 922 897 definitioneS‚
963 837 1104 883 etiam
1137 845 1248 884 ante
1277 852 1469 883 omnem
1497 837 1709 883 Ecclesiae
1734 855 1842 884 con-

138 932 345 962 sensum.
376 917 644 964 Caelestinus
678 915 832 973 enim7
870 915 959 960 Leo
988 914 1076 972 Μ.Ἰ
1107 912 1286 976 Agatho
1315 912 1535 978 epistolas
1568 930 1673 960 suas
1711 914 1844 962 mise-

121 998 252 1039 'runt
278 992 336 1039 ad
366 992 568 1040 Concilia
601 989 917 1055 Ephesinum‚
951 988 1334 1037 Chalcedonense
1364 997 1412 1035 et
1446 983 1844 1055 Constantinopo-

137 1065 336 1115 litanum
373 1069 436 1115 ΙΙΙ
477 1067 907 1124 νεΙυῑῗῃοΓιᾙθηι,
947 1083 1089 1130 quarn
1126 1074 1436 1130 sequerentur
1475 1066 1575 1114 haec
1605 1065 1841 1126 Concilia7

138 1155 355 1193 caventes
388 1158 606 1208 expresse
644 1142 693 1188 in
731 1140 985 1200 mandatis7
1017 1158 1118 1207 quae
1147 1142 1239 1188 suis
1276 1141 1438 1206 legatis
1473 1141 1737 1202 dederunt,
1782 1161 1844 1191 ne

140 1218 380 1286 quidpiam
419 1221 467 1266 in
506 1219 559 1265 iis
579 1254 592 1277 ‚
622 1235 725 1282 quae
757 1217 824 1264 ibi·
860 1217 918 1264 de
948 1217 1040 1266 fide
1061 1216 1457 1277 continebantur,
1479 1219 1721 1265 immutari
1760 1237 1845 1284 pa-

135 1305 347 1344 terentur
380 1296 469 1359 (3).

202 1373 315 1420 767.
352 1372 423 1419 Ad
449 1371 534 1431 3¹¹¹,
567 1374 687 1418 Dz'st.
712 1369 780 1418 Ab
806 1370 1032 1418 haereticis
1062 1387 1143 1418 seu
1166 1371 1372 1418 sectariis
1391 1406 1403 1428 ἦ
1425 1388 1554 1418 cono.
1568 1388 1585 1426 ,·
1614 1388 1639 1417 a
1671 1372 1845 1419 Catho—

135 1448 233 1496 licis
249 1485 263 1509 7
292 1466 398 1512 neq„
427 1448 473 1494 Si
499 1447 628 1495 enim
657 1456 908 1494 novatores
938 1447 1139 1513 excipias
1156 1483 1169 1506 7
1197 1446 1352 1493 nullos
1373 1446 1422 1492 in
1448 1457 1545 1494 tota
1565 1448 1847 1513 antiquitate

136 1526 370 1590 reperieS‚
403 1525 481 1588 qui
508 1542 533 1571 a
560 1522 868 1570 damnatione
894 1539 979 1587 per
1009 1541 1129 1570 rom.
1164 1523 1437 1570 Pontificem
1471 1523 1589 1571 facta
1623 1524 1683 1570 ad
1719 1526 1846 1572 Con-

137 1600 299 1648 cilium
324 1600 666 1648 oecumenicum
686 1598 1044 1665 appellaverint.
1062 1602 1174 1658 Quae
1196 1616 1308 1647 vero
1328 1598 1496 1647 adduci
1516 1600 1670 1647 solent
1691 1618 1849 1649 exem—

137 1675 216 1741 pla
243 1675 319 1726 vel
341 1678 384 1724 S.
407 1676 630 1742 Cypriani
664 1675 740 1725 vel
766 1674 1323 1736 Quartodecimanorum‚
1350 1693 1447 1723 non
1471 1686 1583 1724 sunt
1617 1676 1676 1725 de
1700 1679 1848 1726 causis

195 1853 247 1904 (1)
278 1851 422 1903 Nempe
444 1854 553 1904 epist.
575 1853 637 1890 cit.
660 1851 751 1891 edit.
775 1863 932 1890 uxxvm
946 1880 957 1899 ‚

139 1917 206 1956 ubi
229 1932 312 1969 cap.
339 1930 353 1955 1
371 1948 383 1966 ,
401 1917 479 1956 haec
493 1931 659 1970 expresse
673 1916 785 1955 habet
799 1916 840 1954 S.
855 1915 929 1955 Leo
946 1929 957 1954 ε

138 1982 355 2035 Epistulam
373 1982 545 2021 nostram
559 2013 571 2032 ‚
595 1996 711 2034 quam
738 1981 790 2020 ad
811 1988 958 2020 sanctos

138 2049 332 2086 memorioe
359 2046 602 2086 Flavianum
639 2048 683 2085 de
716 2047 789 2086 hac
814 2061 854 2085 re
878 2046 959 2099 ple-

142 2115 349 2152 nissimam
366 2115 566 2163 misimus,
580 2127 769 2165 quamque
783 2111 957 2152 Ecclesia

140 2179 376 2217 universalis
396 2179 653 2233 amplectitur.
670 2180 809 2219 Eadem
825 2183 957 2232 repetit

140 2243 235 2283 ibid.
258 2260 341 2297 cap.
366 2246 388 2284 3
405 2276 416 2294 ‚
444 2248 534 2284 item
557 2248 598 2283 in
619 2247 728 2297 epist.
753 2259 827 2285 xm.

197 2311 252 2362 (2)
278 2311 358 2351 Cfr.
379 2311 489 2350 Card.
505 2311 609 2358 Orsi,
628 2325 690 2363 op.
708 2313 772 2351 cit.
790 2310 850 2351 De
864 2313 960 2349 irre-

140 2376 342 2427 formabili
380 2390 476 2416 rom.
528 2377 737 2428 Pontifici-3
767 2377 928 2428 judicio
944 2409 958 2427 ,

140 2450 234 2480 tom.
262 2455 299 2492 1,
323 2450 418 2493 part.
446 2457 481 2491 1,
509 2443 573 2481 ubi
597 2445 741 2495 copiose
772 2457 814 2483 ao
838 2444 958 2482 inelu-

142 2508 268 2548 ctabili
281 2521 427 2560 prorsus
437 2510 580 2547 ratione
590 2508 767 2559 ostendit,
780 2523 934 2549 examen
946 2539 956 2558 ‚

144 2575 245 2628 quod
280 2573 471 2612 interdum
506 2575 729 2625 permissum
759 2582 812 2613 est
840 2574 885 2613 de
916 2576 959 2613 iis

144 2654 229 2695 quae
251 2648 356 2679 antea
377 2641 474 2678 circa
487 2640 597 2677 fidem
618 2638 768 2678 definita
782 2641 858 2693 jam
876 2640 961 2680 fue-

148 2717 231 2747 rant
254 2724 275 2747 a
302 2722 396 2747 rom.
423 2707 665 2746 Pontificibus
681 2737 692 2755 ‚
720 2708 823 2748 nullo
850 2708 958 2746 modo

149 2775 333 2814 adversari
365 2772 620 2812 irretractabili
649 2785 780 2812 eorum
810 2774 962 2825 dogma-

152 2841 223 2879 tico
242 2841 395 2894 judicio.
432 2840 557 2878 Adfert
588 2840 689 2877 enim
716 2840 966 2879 luculentissi-

153 2919 213 2943 ma
249 2906 414 2959 exempla
462 2906 695 2945 decretorum
742 2905 965 2958 dogmatico-

153 2985 235 3010 rum
249 3001 259 3020 ,
281 2986 361 3025 quae
384 2971 431 3011 ab
454 2972 689 3011 oecumenicis
709 2968 869 3024 Synodis
886 2974 965 3025 jam

1025 1850 1099 1889 lata
1116 1850 1284 1897 fuerant,
1302 1860 1464 1903 quaeque
1482 1860 1671 1903 propterea
1689 1854 1742 1890 uti
1757 1855 1847 1892 irre-

1025 1917 1232 1955 formabilia
1255 1917 1302 1956 ab
1332 1917 1508 1955 omnibus
1532 1918 1721 1957 catholicis
1746 1933 1844 1958 sem-

1022 1996 1088 2034 per
1108 1983 1233 2021 habita
1258 1991 1345 2021 sunt
1359 2012 1369 2030 ‚
1393 1990 1429 2021 et
1448 1991 1572 2022 tamen
1587 1984 1693 2023 fuere
1708 1986 1748 2023 in
1764 1985 1845 2024 aliis

1024 2049 1337 2102 subsequentibus
1375 2049 1553 2088 Conciliis
1590 2052 1724 2088 iterum
1763 2065 1848 2090 exa-

1024 2117 1117 2154 mini
1129 2115 1295 2167 subJecta
1310 2129 1321 2166 ;
1336 2129 1447 2153 nemo
1471 2124 1592 2154 autem
1608 2115 1721 2163 dicet,
1743 2117 1846 2169 ejus-

1025 2181 1123 2220 modi
1134 2182 1303 2219 examine
1313 2180 1506 2234 quidpiam
1516 2181 1723 2219 detractum
1733 2182 1845 2221 fuisse

1022 2248 1134 2299 priori
1168 2247 1360 2294 firmitati,
1395 2261 1507 2299 quam
1535 2247 1680 2299 jamdiu
1711 2247 1842 2286 eadem

1024 2314 1261 2361 obtinerent,
1281 2322 1345 2352 aut
1365 2326 1470 2365 posse
1494 2315 1615 2353 vocari
1641 2314 1739 2352 istud
1760 2327 1847 2354 exa-

1024 2393 1110 2419 men
1130 2378 1392 2418 dubitativum.
1408 2378 1488 2418 Cfr.
1502 2381 1702 2431 praesertim
1718 2393 1752 2419 c.
1771 2378 1819 2419 15
1830 2410 1843 2428 ,

1023 2454 1094 2485 art.
1117 2457 1131 2483 1
1152 2452 1188 2484 et
1202 2458 1308 2498 seqq.
1330 2445 1395 2498 qui
1419 2447 1569 2497 propius
1589 2445 1637 2485 ad
1660 2459 1739 2484 rem
1755 2459 1843 2485 nos-

1023 2520 1117 2550 tram
1138 2511 1369 2561 referuntur3
1399 2512 1489 2549 item
1513 2523 1596 2562 cap.
1628 2523 1673 2563 ¹7
1691 2540 1702 2558 ‚
1731 2519 1801 2550 art.
1822 2524 1839 2549 ι

1025 2585 1060 2616 et
1079 2589 1185 2629 seqq.
1212 2585 1291 2615 tum
1317 2585 1412 2628 part.
1435 2590 1463 2614 11
1477 2606 1488 2625 ,
1513 2590 1592 2629 cap.
1609 2576 1658 2629 37
1674 2605 1685 2624 ‚
1704 2585 1773 2614 art.
1798 2589 1813 2614 1
1832 2589 1845 2627 ;

1025 2655 1175 2682 necnon
1204 2642 1418 2691 Bauer-inii,
1449 2644 1490 2681 in
1513 2647 1601 2681 nota
1632 2639 1680 2692 14
1701 2642 1747 2680 ad
1775 2644 1841 2681 cit.

1023 2706 1153 2761 Epist.
1166 2707 1221 2746 ad
1249 2707 1471 2747 Theodorec.
1497 2709 1536 2746 in
1551 2708 1631 2747 haee
1652 2709 1731 2759 ipsa
1756 2720 1842 2760 quae

1028 2774 1256 2827 objiciuntur
1279 2775 1403 2814 verba.
1430 2774 1511 2812 Hoe
1531 2787 1689 2813 examen
1716 2788 1737 2813 a
1759 2773 1842 2812 Bal-

1029 2840 1160 2880 lerinio
1181 2847 1335 2880 vocatur
1361 2840 1581 2895 revisioni&

1087 2904 1141 2957 (3)
1171 2906 1251 2947 Cfr.
1274 2907 1353 2947 citt.
1377 2913 1560 2947 auctores.
