2028 3354
1744 210 1832 258 171

514 235 641 266 PART.
677 235 710 264 1.
747 234 845 264 GAP.
881 234 952 263 111.
991 234 1044 261 DE
1081 229 1295 261 ECCLESIAE
1329 230 1469 260 Nous.

156 348 494 414 congregationi
513 348 689 394 rituum
715 345 773 394 de
796 345 887 392 illis
918 343 1152 394 miraculis
1182 342 1485 390 constiteritssa
1511 338 1703 387 testibus
1726 357 1838 387 ocu—

155 427 260 474 latis
298 436 376 472 aut
408 423 602 472 testibus
635 423 818 470 auditus
847 440 873 469 a
906 420 1173 468 videntibus
1191 455 1203 478 7
1234 419 1292 466 ab
1319 436 1371 466 ea
1400 418 1670 481 rejiciuntur
1688 452 1701 476 7
1723 416 1841 464 adeo

156 513 207 551 ut
229 503 382 568 plures
408 518 554 548 causae
574 500 739 547 horum
764 499 947 547 defectu
977 498 1164 545 testium
1194 512 1428 561 suspensae
1448 494 1734 552 manserint,
1760 503 1841 541 aut

155 579 339 645 penitus
362 576 618 625 exciderint
641 576 723 638 (1).

219 654 331 700 271.
373 653 442 699 Ad
470 652 535 699 5¹¹³
552 689 563 711 η
594 652 713 715 Ney.
746 650 928 714 Ubique
948 649 1073 695 enim
1095 657 1196 693 tum
1224 647 1347 693 intra
1377 646 1709 694 catholicarum
1732 664 1844 712 pro-

156 730 415 779 vinciarum
437 730 552 775 fines
570 764 582 786 ‚
616 737 717 774 tum
735 727 783 772 in
811 723 1076 787 regionibus
1096 722 1360 770 infidelium
1379 758 1391 780 ‚
1414 731 1460 769 et
1481 724 1845 770 protestantium

154 805 289 871 plura
319 813 500 870 patrata
537 802 841 868 perhibentur
870 798 1106 855 miracula.
1141 799 1194 846 In
1226 799 1503 859 Germania,
1534 798 1585 845 in
1626 799 1856 846 Americae

159 882 411 946 provinciis
436 879 670 927 foederatis
687 913 698 935 .,
718 877 766 922 in
785 875 945 923 Galliis
972 875 1095 922 edita
1122 875 1406 923 exhibentur
1422 911 1434 934 a
1455 875 1595 922 itaut
1618 874 1707 940 ipsi
1731 877 1851 923 Pro-

158 967 379 1004 testantes
396 956 576 1003 illorum
596 962 736 1001 testes
759 952 931 999 fuerint
949 951 1035 1016 (2).
1063 952 1197 1011 Quod
1219 969 1329 1000 vero
1352 951 1568 999 subditur
1584 987 1597 1010 ,
1618 952 1849 999 tentando

157 1034 310 1098 potius
328 1049 467 1097 quam
487 1038 609 1077 certa
629 1029 831 1094 quadam
860 1029 1034 1077 virtute
1055 1037 1101 1076 et
1120 1028 1205 1076 Dei
1227 1028 1437 1094 potentia
1468 1027 1691 1075 miracula
1715 1028 1817 1076 fieri
1833 1064 1847 1089 ‚

157 1107 269 1172 quid
280 1105 537 1170 significat?
562 1107 740 1170 Nempe
759 1122 864 1151 cum
880 1104 1106 1152 Catholici
1126 1104 1185 1152 de
1201 1121 1248 1151 se
1261 1122 1356 1152 non
1369 1114 1676 1170 praesumant,
1701 1106 1852 1153 Deum

158 1186 376 1230 invocant
393 1219 405 1240 ,
436 1191 490 1229 ut
514 1182 574 1228 ad
592 1182 973 1229 intercessionem
994 1181 1183 1244 alicujus
1206 1182 1297 1228 Viri
1324 1181 1478 1229 Sancti
1498 1216 1510 1240 a
1542 1181 1618 1229 vel
1649 1183 1748 1243 ejus
1771 1181 1856 1246 qui

159 1268 210 1305 ut
229 1260 420 1305 Sanctus
439 1257 664 1317 habetur7
688 1259 725 1304 si
755 1257 946 1322 quidem
970 1258 1010 1304 ei
1035 1259 1179 1306 visum
1211 1257 1376 1317 fuerit,
1409 1266 1456 1305 et
1478 1256 1590 1305 velit
1608 1257 1858 1321 glorificari>

159 1336 207 1381 in
233 1335 313 1381 tali
341 1336 533 1393 Sancto,
562 1334 650 1381 hoc
680 1333 754 1381 vel
788 1332 904 1379 illud
927 1334 1075 1381 facere
1115 1343 1195 1379 aut
1213 1343 1435 1398 praestare
1462 1332 1699 1399 dignetur.
1729 1336 1852 1381 Deus

161 1428 271 1460 vero
287 1448 299 1470 7
321 1413 401 1476 qui
423 1411 642 1458 dominus
673 1419 743 1457 est
768 1410 999 1457 donorum
1031 1427 1220 1456 suorum
1240 1446 1251 1469 a
1284 1410 1333 1456 id
1356 1410 1594 1457 interdum
1616 1410 1853 1472 concedit,

161 1487 400 1534 interdum
429 1504 540 1534 vero
566 1503 662 1532 non
684 1484 910 1532 concedit.
935 1485 1058 1542 Quid
1081 1485 1193 1533 inde
1218 1495 1379 1532 contra
1406 1486 1663 1533 miracula?
1696 1486 1855 1549 Addo,

162 1580 257 1609 non
269 1561 413 1609 semel
429 1563 556 1608 Viros
575 1562 765 1626 Sanctos
784 1597 795 1620 7
817 1560 1013 1607 interius
1037 1578 1114 1608 eos
1131 1562 1228 1608 Deo
1252 1570 1472 1610 movente
1491 1598 1503 1622 ,
1523 1562 1775 1627 imperasse
1797 1579 1855 1611 ex

162 1648 285 1686 certa
312 1640 482 1687 virtute
495 1636 790 1702 Dei,sibique
808 1645 1025 1684 naturam
1047 1636 1385 1703 obsequentem
1398 1639 1853 1704 expertossuisse(3).

218 1792 270 1841 (1)
301 1790 478 1842 Exemplo
492 1792 655 1829 sitcausa
671 1792 788 1828 nostri
801 1790 975 1829 ven.An-
1042 1790 1141 1829 fectu
1166 1793 1329 1829 testium.

163 1856 257 1895 dreae
283 1856 432 1895 Bob01ae
465 1855 505 1893 S.
534 1855 571 1894 J.
598 1858 638 1893 in
672 1858 778 1908 eujus
800 1858 874 1893 vita
895 1869 975 1907 sep·
1096 1858 1146 1906 (2)
1165 1857 1454 1896 percrebuerunt
1470 1860 1611 1896 nonita
1622 1858 1765 1910 pridem
1778 1866 1863 1897 nous

163 1930 237 1960 tem
262 1937 370 1974 supra
388 1930 537 1960 centum
567 1921 614 1960 ab
639 1935 681 1960 eo
707 1923 888 1961 miracula
905 1935 973 1973 pa·
1041 1935 1156 1973 pauca
1181 1923 1357 1961 miracula
1377 1924 1471 1961 edita
1497 1932 1619 1962 nostra
1648 1924 1719 1962 hac
1740 1931 1857 1963 aetate

163 1995 255 2026 trata
277 1987 543 2039 perhibentur;
569 2000 656 2025 cum
676 1995 801 2026 tamen
818 1996 974 2026 ventum

163 2061 217 2093 est
239 2052 287 2092 ad
302 2056 380 2106 ejus
403 2066 549 2091 causam
579 2053 848 2092 discutiendam
871 2051 974 2105 juxta

162 2119 352 2159 decretum
387 2118 527 2157 Bened.
567 2131 626 2156 xiv
651 2149 666 2165 ,
702 2119 762 2156 die
792 2130 841 2170 27
880 2118 971 2170 Maj.

169 2181 271 2237 1749
300 2196 312 2221 ε
339 2182 430 2221 Non
455 2189 627 2221 constare
660 2182 706 2219 de
729 2185 917 2233 martyrio
939 2188 976 2219 et

165 2260 282 2288 causa
306 2251 490 2301 martyrii
503 2262 578 2302 per
602 2248 766 2288 directas
776 2248 974 2300 probatio-

166 2327 233 2351 nes
246 2344 257 2362 ‚
282 2314 458 2354 videlicet
470 2329 543 2368 per
563 2321 672 2352 testes
686 2313 732 2351 de
755 2315 844 2352 visu
853 2342 866 2359 ,
886 2327 974 2352 con-

167 2385 274 2416 testes
293 2379 446 2419 idoneos
467 2387 502 2418 et
523 2386 658 2432 apt035
685 2381 750 2431 qui
771 2387 894 2417 tamen
915 2381 974 2417 in-

167 2443 282 2483 dulsit
297 2474 308 2491 ‚
344 2453 386 2483 ut
423 2446 546 2483 denuo
581 2452 844 2496 proponeretur
874 2444 973 2483 idem

168 2510 326 2548 dubium
341 2538 355 2559 ,
387 2512 437 2548 ita
456 2518 581 2549 tamen
603 2519 646 2551 ut
668 2524 745 2548 non
772 2518 894 2560 posset
920 2524 976 2548 re-

168 2576 287 2622 solvi,
310 2577 381 2614 nisi
398 2577 531 2627 praevio
555 2576 722 2613 examine
751 2588 788 2612 1v
813 2576 974 2613 miracu-

168 2642 287 2680 lorum
307 2654 319 2692 3
346 2655 431 2679 cum
448 2642 603 2692 inquam
616 2668 630 2688 ‚
655 2639 701 2677 ad
717 2639 813 2678 hanc
828 2653 976 2678 causam

169 2706 290 2746 denuo
316 2705 595 2758 expendendam
620 2712 770 2743 ventum
799 2712 890 2743 esset
908 2703 979 2742 sub

172 2770 341 2824 Gregorio
361 2786 423 2810 xvx
438 2801 448 2819 ‚
475 2786 517 2810 ex
543 2774 709 2822 septem,
735 2782 817 2822 quae
842 2771 978 2808 exami-

170 2838 294 2876 nanda
317 2837 493 2876 miracula
527 2837 712 2888 proposita
743 2843 854 2883 sunt,
879 2848 977 2873 non-

172 2904 243 2941 nisi
268 2903 314 2941 de
335 2916 411 2941 uno
429 2910 596 2941 constare
619 2901 907 2953 pronunciatum
924 2908 977 2939 est

172 2968 220 3008 ab
249 2968 379 3007 eodem
409 2968 590 3008 Pontifice
621 2968 770 3006 decreto
802 2979 868 3005 vui
903 2966 978 3006 kal.

174 3031 286 3074 Febr.
320 3031 435 3073 1835.
462 3033 582 3087 Atque
616 3032 654 3072 id
679 3031 832 3086 quidem
853 3045 896 3071 ex
917 3031 980 3072 de-

1042 1995 1120 2026 tum
1160 1990 1201 2026 in
1232 1988 1428 2027 Germania
1463 1997 1543 2027 tum
1578 1991 1619 2027 in
1659 1990 1860 2040 provinciis

1041 2053 1218 2092 Americae
1240 2054 1436 2092 foederatis.
1461 2054 1536 2106 Ego
1561 2056 1639 2106 ipse
1663 2055 1740 2093 vidi
1761 2055 1859 2094 rela-

1041 2121 1180 2159 tionem
1215 2135 1258 2160 ex
1282 2121 1448 2159 America
1474 2121 1519 2159 de
1544 2123 1781 2159 instantaneis
1801 2135 1859 2160 sa-

1041 2185 1249 2225 nationibus
1265 2215 1276 2236 ,
1305 2201 1385 2239 quae
1415 2186 1554 2224 ibidem
1569 2187 1677 2224 annis
1694 2186 1859 2236 proxime

1041 2252 1289 2303 superioribus
1335 2253 1593 2303 contigerunt,
1630 2258 1666 2288 et
1700 2263 1860 2303 quarum

1040 2324 1146 2355 testes
1161 2318 1321 2365 fuerunt
1346 2319 1415 2368 ipsi
1432 2316 1565 2355 medici
1587 2323 1858 2368 protestantes,

1041 2385 1104 2436 qui
1133 2394 1281 2433 tamen,
1307 2398 1351 2422 ex
1367 2384 1572 2435 anticipatis
1592 2390 1695 2422 sectae
1717 2385 1861 2436 suaeju-

1042 2444 1149 2483 dioiis
1169 2475 1179 2492 ‚
1211 2446 1330 2501 rogati
1368 2444 1567 2483 noluerunt
1602 2445 1860 2483 testimonium

1042 2509 1141 2548 dare.
1155 2509 1211 2548 De
1225 2511 1450 2562 apparitione
1464 2509 1592 2547 Crucis
1611 2538 1622 2557 ‚
1651 2517 1784 2548 cuncto
1802 2510 1861 2547 in-

1043 2583 1228 2626 spectante
1246 2575 1398 2628 populo‚
1411 2577 1451 2613 in
1464 2574 1591 2613 Gauiis
1603 2575 1702 2626 apud
1718 2575 1861 2626 Miqne

1043 2641 1084 2677 in
1118 2640 1263 2679 dioecesi
1304 2640 1525 2679 pictaviensi
1562 2639 1652 2678 alias
1691 2638 1864 2678 disserui-

1045 2718 1143 2754 muS‚
1169 2708 1228 2744 cui
1252 2708 1363 2744 etiam
1384 2706 1631 2744 interfuerunt
1647 2703 1862 2743 Protestan-

1046 2776 1099 2808 tes
1115 2798 1126 2817 ‚
1151 2772 1217 2822 qui
1239 2770 1464 2809 miraculum
1487 2772 1608 2808 testati
1623 2777 1726 2808 sunt.

1099 2833 1152 2886 (3)
1181 2835 1228 2874 Ut
1245 2836 1316 2875 alia
1327 2836 1510 2883 omittam,
1527 2835 1598 2875 cfr.
1618 2836 1692 2873 vita
1708 2833 1749 2873 S.
1767 2832 1862 2870 Vin-

1045 2902 1158 2939 centii
1178 2900 1332 2940 Ferrerii
1351 2929 1363 2950 ‚
1391 2899 1490 2953 apud
1516 2899 1779 2939 Bollandianos
1810 2901 1861 2941 ad

1045 2964 1144 3003 diem
1172 2978 1193 3002 v
1216 2962 1339 3018 April.
1358 2978 1442 3017 pag.
1467 2961 1547 3015 504
1566 2971 1603 3004 et
1626 2976 1730 3015 seqq.
