2028 3354
229 215 293 261 72
691 224 845 256 ruer.
885 226 940 255 nn
974 225 1092 256 roms
1127 226 1427 256 rnnomcicis.

233 343 451 401 modum,
481 357 572 405 quo
595 336 896 403 perficiuntur
921 337 1000 400 (ob
1019 336 1221 385 defectus
1233 337 1651 402 nimirum,.quibus
1670 354 1791 402 saepe
1809 336 1903 384 ho-

233 420 383 467 mines
413 414 598 463 obnoxii
630 421 739 459 sunt
759 414 776 471 )
795 412 1061 470 ‚incertum
1081 412 1138 459 de
1161 414 1347 476 singulis
1372 412 1533 460 saltem
1565 412 1815 459 individuis
1845 413 1904 458 sit

233 504 314 542 aut
344 508 440 539 esse
468 498 607 555 queat
625 524 637 548 7
673 496 833 533 utrum
858 504 913 534 ex
938 486 1164 551 principio
1193 488 1528 551 supernaturali
1552 490 1707 552 gratiae
1740 496 1819 534 aut
1849 505 1906 535 ex

231 566 432 616 naturali
459 565 730 621 affectione,
765 572 923 608 utrum
961 579 1020 609 ex
1050 569 1175 607 recto
1211 561 1286 609 vel
1318 580 1460 626 pravo
1496 565 1617 623 fine,
1653 572 1810 609 utrum
1851 579 1907 609 ex

231 647 416 692 intenso
446 641 521 690 vel
551 640 741 688 remisso
774 639 930 684 animo
958 636 1241 702 procedant
1281 638 1334 683 fit
1352 646 1405 683 ut
1429 638 1562 686 nobis
1588 649 1710 687 certo
1745 637 1908 684 saltem

232 729 280 768 et
308 719 484 783 absque
512 717 641 793 omni
672 714 956 778 deceptionis
985 711 1260 772 formidine
1285 712 1343 759 de
1365 713 1571 761 interiori
1592 715 1734 761 animi
1757 712 1909 760 condi-

232 797 361 843 tione
388 810 578 851 eorum
605 791 686 856 qui
711 789 1004 835 sanctitatem
1030 787 1231 833 exterius
1252 788 1558 852 profitentur,
1582 791 1688 836 satis
1702 797 1910 835 constare

236 889 333 919 non
363 869 525 934 possit.
553 869 655 914 Huc
673 863 871 924 accedit,
900 861 1025 927 quod
1047 861 1175 908 nulla
1203 862 1349 909 ferme
1375 863 1433 908 sit
1463 872 1610 924 secta,
1642 880 1721 910 seu
1748 873 1801 910 ut
1830 881 1915 911 vo-

238 956 376 1006 cant,
403 942 695 1010 particularis
720 940 1010 999 communio.
1033 955 1136 1002 quae
1157 955 1312 984 veram
1335 939 1644 998 sanctitatem,
1661 955 1711 985 ac
1723 938 1916 1003 proinde

235 1027 388 1070 vitam
408 1020 494 1067 sibi
511 1036 609 1066 non
624 1015 830 1065 vindicet
843 1051 855 1073 ,
882 1024 1020 1079 atque
1038 1013 1087 1059 in
1107 1012 1194 1059 alia
1217 1012 1377 1077 quavis
1397 1012 1454 1058 ab
1473 1030 1524 1059 ea
1543 1023 1751 1076 separata
1770 1014 1917 1061 inesse

236 1117 336 1146 non
354 1097 552 1159 deneget
572 1094 658 1157 (l).
682 1091 858 1138 Deinde
872 1100 919 1138 et
941 1088 1057 1135 illud
1079 1088 1375 1143 addendum,
1396 1088 1520 1152 quod
1537 1089 1664 1136 nulla
1687 1098 1806 1135 secta
1830 1089 1889 1135 sit
1904 1123 1917 1147 a

240 1192 344 1240 quae
378 1189 511 1219 suam
545 1187 642 1216 non
672 1170 817 1229 jactet
858 1181 1043 1212 morum
1082 1163 1362 1228 probitatem
1397 1173 1444 1210 et
1479 1164 1794 1249 integritatem
1827 1179 1922 1228 prae

237 1249 430 1314 reliquis
456 1245 840 1311 quibuscumque.
870 1243 979 1299 Quae
1004 1256 1111 1287 cum
1133 1240 1197 1285 ita
1222 1256 1270 1287 se
1292 1238 1523 1299 habeant
1561 1257 1620 1287 ne
1650 1242 1700 1285 in
1729 1256 1779 1286 re
1804 1239 1922 1285 tanti

239 1324 467 1373 momenti
488 1324 536 1368 in
549 1319 764 1381 ambiguo
781 1333 1090 1375 versaremur,
1111 1317 1231 1363 Deus
1248 1324 1374 1363 certo
1392 1316 1658 1362 testimonio
1678 1314 1924 1362 Ecclesiam

297 1502 349 1553 (l)
371 1499 511 1539 Saltem
533 1499 585 1535 ita
602 1497 796 1534 senserunt
810 1506 887 1531 non
904 1495 953 1530 ita
973 1492 1049 1543 pri-

243 1568 331 1606 dem
354 1572 460 1604 sectae
485 1575 612 1601 omnes
627 1590 638 1612 ‚
657 1568 699 1598 ut
722 1573 787 1597 suo
811 1559 892 1596 loco
912 1570 1053 1609 expen-

245 1632 370 1671 dimus
387 1659 397 1674 ,
426 1642 506 1681 quae
530 1627 699 1678 professae
736 1629 823 1662 sunt
856 1623 1055 1661 intoleran-

245 1699 336 1736 tiam
352 1694 570 1745 religiosam.
581 1691 727 1728 Etenim
740 1695 867 1739 praeter
888 1702 928 1726 ea
942 1716 953 1734 ‚
975 1700 1055 1739 quae

246 1762 435 1800 attulimus
450 1761 488 1795 in
502 1754 662 1794 maome
676 1766 765 1791 vera
776 1752 885 1803 reliq.
898 1760 992 1803 part.
1007 1763 1052 1797 ιι,

248 1842 355 1880 prop.
373 1838 425 1864 xu
438 1854 449 1871 ‚
466 1838 504 1861 n.
532 1820 611 1874 294
629 1851 642 1868 ,
654 1833 738 1858 cum
755 1820 852 1856 notis
870 1818 1025 1855 adnexis
1041 1844 1051 1862 ‚

247 1892 393 1943 Anglic.
421 1888 565 1926 Palmer
588 1888 629 1923 in
663 1898 724 1935 op.
753 1885 816 1921 cit.
849 1882 1056 1919 Tractatus

250 1953 440 1994 Ecclesia.»
463 1950 633 1997 Christi,
649 1948 738 1986 edit.
758 1960 780 1984 2
794 1946 917 1985 Lond.
940 1943 1055 1996 1839,

254 2028 339 2059 sect.
366 2018 389 2055 3
408 2047 419 2066 ,
444 2030 523 2069 quae
546 2023 599 2054 est·
625 2013 687 2052 De
714 2011 836 2050 salute
866 2010 986 2049 solnm
1013 2011 1059 2047 in

252 2082 432 2124 Ecclesia
457 2111 468 2130 ,
506 2093 584 2118 non
627 2078 739 2116 modo
773 2079 851 2127 ipse
891 2075 1059 2114 eamdem

253 2151 460 2189 doctrinam
484 2146 674 2198 profitetur
694 2172 704 2190 ‚
732 2143 795 2180 sed
822 2143 970 2193 insuper
1001 2153 1061 2177 os-

254 2215 406 2260 tendit,
427 2211 550 2251 adhuc
579 2207 745 2248 eamdem
764 2206 929 2257 profiteri
960 2204 1065 2242 inde-

256 2278 458 2333 pendentes
472 2305 483 2326 ‚
508 2275 695 2324 Quakeros
708 2301 719 2319 ‚
744 2279 780 2310 et
798 2271 965 2309 ecclesias
985 2269 1064 2307 bri-

257 2345 452 2388 tannicas,
482 2354 563 2394 quae
592 2342 632 2378 in
661 2335 801 2389 synodo
838 2334 1065 2373 Londinensi

259 2423 324 2448 an.
346 2406 447 2459 1592
468 2436 478 2454 ‚
505 2414 575 2443 art.
623 2400 695 2452 18,
731 2400 928 2440 anathema
964 2399 1066 2436 dixe-

259 2481 348 2512 runt
386 2472 576 2509 contrariae
611 2468 799 2507 sententiae
829 2478 840 2514 3
875 2463 1067 2502 confirmat

260 2537 477 2577 testimoniis
499 2533 683 2573 Pearsonii
697 2559 708 2580 ,
730 2528 923 2579 Beveridge
939 2557 948 2574 ,
969 2526 1067 2565 Wil-

262 2603 356 2642 sonii
375 2629 387 2649 ‚
408 2608 477 2639 etc.
498 2601 636 2638 Verum
652 2596 788 2649 juverit
813 2593 921 2632 verba
937 2592 1069 2632 afferre

262 2668 471 2708 recentioris
496 2664 730 2717 protestantis
746 2690 757 2709 ,
781 2673 914 2711 nempe
931 2659 980 2698 D.
1007 2658 1068 2696 Pi-

262 2732 416 2784 let-Joly
450 2731 607 2768 ministri
638 2728 857 2765 Genevensis
886 2754 897 2772 ‚
929 2726 992 2777 qui
1027 2722 1070 2760 in

265 2795 442 2850 opusculo
456 2824 466 2843 ‚
485 2796 545 2833 cui
571 2795 632 2831 tit.
646 2790 835 2839 Facilite,
856 2787 1040 2827 certitudo
1059 2817 1070 2835 ‚

268 2863 401 2901 raison
434 2873 482 2898 en
509 2859 663 2896 mutiero
690 2855 735 2893 de
751 2855 835 2906 foi,
863 2851 1069 2906 1839‚ad-

267 2927 433 2967 hortatur
465 2924 693 2971 Catholicos,
725 2926 770 2958 ut
807 2918 1074 2971 inqrediantur

265 2994 370 3031 viam
381 2989 517 3029 :alueis
533 3018 543 3037 ‚
562 3002 642 3042 quae
655 2986 758 3040 juxta
772 2986 891 3037 ipsum
911 2984 980 3022 alia
996 2994 1072 3021 non

1125 1499 1177 1529 est
1191 1499 1318 1541 praeter
1338 1504 1435 1535 eam,
1451 1504 1564 1542 quam
1580 1491 1712 1542 praehet
1722 1496 1929 1541 protestan-

1127 1557 1271 1594 tismus.
1297 1555 1393 1593 Cum
1422 1557 1521 1592 enim
1548 1557 1587 1592 in
1619 1569 1660 1594 eo
1688 1568 1814 1606 opusc.
1834 1554 1931 1592 hanc

1128 1622 1373 1672 proposuisset
1394 1621 1631 1671 quaestionem
1655 1634 1665 1658 ε
1693 1619 1779 1671 Que
1791 1617 1935 1669 faut-il

1126 1698 1198 1736 que
1211 1684 1253 1736 je
1274 1685 1376 1735 fasse
1389 1697 1493 1735 pour
1509 1687 1585 1722 &tre
1604 1683 1753 1723 cauce?
1770 1684 1930 1722 Conten-

1127 1750 1195 1797 dit,
1209 1752 1396 1787 neminem
1409 1763 1512 1799 posse
1529 1757 1607 1787 tuto
1617 1749 1930 1801 acquiescere,do-

1127 1828 1196 1854 nec
1209 1816 1388 1853 invenerit
1402 1814 1572 1853 idoneam
1588 1818 1665 1867 ejus
1677 1814 1899 1853 solutionem
1919 1827 1931 1863 ;

1128 1879 1276 1917 tandem
1303 1879 1517 1927 concludit,
1541 1892 1622 1930 pag.
1645 1876 1695 1932 75
1726 1892 1737 1916 ε
1757 1877 1796 1916 Ο
1814 1891 1933 1926 vous,

1131 1947 1220 1984 mon
1249 1946 1337 1984 cher
1368 1945 1470 1997 frere
1499 1945 1711 1997 catholique
1739 1947 1892 1983 romain
1921 1972 1935 1992 ,

1131 2012 1200 2063 qui
1213 2010 1307 2049 lisez
1321 2023 1380 2049 ces
1402 2010 1546 2061 liques,
1566 2023 1681 2049 venez
1703 2016 1737 2048 et
1766 2022 1935 2061 noyez...

1137 2078 1181 2116 V
1176 2089 1244 2114 ous
1266 2075 1300 2113 le
1320 2088 1437 2126 voyez
1452 2104 1461 2122 ‚
1487 2087 1573 2113 sous
1582 2078 1698 2128 peine
1720 2074 1832 2113 d’etre
1845 2074 1937 2126 plus

1135 2155 1184 2180 ou·
1205 2142 1328 2180 moins
1352 2140 1544 2193 hypocrite
1558 2170 1569 2189 ‚
1596 2141 1629 2179 il
1643 2141 1731 2193 faut
1748 2153 1819 2191 que
1842 2153 1935 2178 vous

1136 2220 1248 2258 soyez
1263 2206 1355 2258 plus
1373 2217 1423 2243 οιι
1441 2206 1564 2243 moine
1576 2210 1803 2258 protestavit.
1832 2202 1940 2242 Mais

1137 2279 1444 2310 trouverez-vous
1470 2269 1508 2308 la
1533 2271 1639 2322 paim
1661 2269 1837 2308 damnet
1864 2272 1940 2307 etat

1139 2336 1322 2387 ambigna?
1338 2334 1384 2374 V
1381 2342 1457 2373 otre
1468 2335 1552 2373 dme
1568 2334 1704 2373 est-elle
1714 2333 1939 2386 tranquille?

1137 2399 1402 2438 Pensez-vous
1413 2412 1483 2450 que
1496 2398 1529 2437 le
1549 2396 1739 2451 Seiqneur
1756 2398 1940 2436 admettra

1140 2477 1196 2502 un
1212 2465 1438 2517 compromis
1454 2470 1557 2502 entre
1577 2464 1609 2502 le
1628 2477 1833 2516 mensonqe
1849 2470 1884 2501 et
1899 2462 1937 2501 la

1139 2530 1255 2569 verite
1272 2531 1348 2570 Ρ...
1363 2529 1421 2567 Le
1433 2529 1535 2568 salut
1553 2530 1648 2569 d'un
1659 2529 1707 2568 tel
1718 2529 1862 2568 homme
1878 2541 1937 2566 se-

1141 2598 1219 2636 rait
1242 2609 1318 2636 une
1328 2596 1456 2648 prime
1475 2596 1521 2634 de
1532 2596 1675 2648 felicit&
1693 2608 1739 2633 en
1748 2595 1888 2645 favour
1898 2594 1942 2632 de

1140 2662 1399 2714 hypocr-isia,
1415 2669 1488 2701 etc.
1502 2661 1574 2701 Sed
1586 2662 1654 2700 cfr.
1669 2672 1752 2712 quae
1770 2659 1940 2698 adversus

1139 2727 1212 2766 hoc
1227 2728 1446 2780 opusculum
1455 2726 1630 2779 praeclare
1641 2725 1779 2776 scripsit
1792 2723 1941 2763 D.Bau-

1140 2793 1207 2844 dry
1219 2822 1230 2841 ‚
1263 2795 1304 2831 in
1336 2807 1397 2844 op.
1424 2791 1702 2830 Gemiuemem
1726 2788 1818 2827 d’un
1840 2802 1942 2828 coeur

1142 2857 1351 2909 catholique
1363 2868 1433 2894 sur
1448 2855 1499 2892 les
1510 2856 1689 2908 prejuqes
1706 2853 1799 2894 d’un
1809 2853 1944 2895 minis-

1142 2930 1197 2961 tre
1216 2921 1262 2961 de
1278 2921 1430 2961 Gen-sve
1445 2947 1457 2969 ,
1476 2918 1579 2971 Lyon
1608 2916 1718 2969 1840.
