2028 3354
1711 212 1805 260 483

310 228 435 259 PART.
474 229 507 258 1.
541 226 662 258 SECT.
684 225 735 257 n.
776 227 873 259 CAP.
914 228 985 257 111.
1022 228 1078 258 ΒΕ
1113 226 1218 260 ΝΔΤ-
1258 229 1313 257 ΕΤ
1347 228 1444 259 JUR.
1488 229 1612 258 Pmm.

116 340 279 387 classes
304 340 596 405 dispescunt,
622 356 823 404 quorum
842 339 930 387 alia
952 342 1222 387 essentialia
1243 348 1413 389 vocant
1427 376 1441 401 ,
1468 348 1630 405 utpote
1651 356 1807 388 neces-

115 416 233 462 sario
255 433 377 463 nexu
400 432 505 462 cum
530 415 736 480 primatu
759 415 861 479 ipso
890 414 1100 479 colligata
1114 451 1128 477 ‚
1149 425 1288 480 atque
1308 433 1334 463 a
1353 433 1472 463 rom.
1498 414 1801 464 Pontificibus

115 509 193 538 sex
222 500 301 538 aut
326 499 506 555 septem
536 490 768 554 prioribus
793 490 1004 539 Ecclesiae
1027 491 1190 539 seculis
1215 492 1416 539 exercita
1446 492 1548 556 (1);
1574 491 1663 539 alia
1693 509 1805 540 vero

113 576 390 632 nuncupant
422 567 741 614 accidentalia
774 567 871 615 sive
907 569 1193 624 accessoria,
1228 585 1282 614 eo
1314 567 1442 633 quod
1478 567 1537 614 ab
1565 567 1648 614 illo
1681 584 1806 616 nexu

112 644 307 690 minime
332 642 661 708 dependeant,
698 660 748 690 ac
778 642 964 690 illorum
993 641 1263 690 exercitium
1293 644 1484 691 nonnisi
1517 643 1671 691 medio
1709 660 1806 694 aevo

112 736 259 784 penes
292 736 413 766 rom.
451 720 695 767 Pontifices
722 719 939 784 coeperit3
970 736 1084 783 quos
1108 727 1188 765 aut
1212 734 1300 782 ope
1324 718 1589 767 Isidorianae
1613 721 1804 780 mercis,

112 804 192 843 aut
223 805 383 859 aperta
416 796 743 860 usurpatione,
782 795 924 841 fretos
958 793 1212 842 universali
1252 792 1331 840 illa
1370 794 1633 857 ignorantia
1655 830 1668 855 ‚
1701 814 1805 861 quae

110 882 225 918 tunc
248 872 473 936 temporis
500 870 853 929 dominabatur,
883 879 1023 934 atque
1043 869 1243 935 proinde
1258 870 1438 933 jurium
1465 872 1677 917 omnium
1694 888 1809 918 con-

111 949 291 994 fusione
311 965 365 996 ea
390 947 479 995 sibi
495 962 726 1009 arrogasse
749 945 1047 992 contendunt
1066 946 1153 1008 (2).
1181 946 1411 993 Nimirum
1442 947 1692 1011 pontificiae
1724 965 1809 994 au·-

112 1024 335 1070 ctoritatis
360 1023 590 1072 vaferrimi
608 1021 762 1068 hostes
786 1020 903 1067 nihil
917 1022 1203 1070 intentatum
1226 1021 1461 1087 reliquum
1481 1023 1659 1070 faciunt
1674 1060 1686 1083 ,
1714 1041 1809 1089 quo

112 1099 172 1146 ad
204 1109 477 1164 pertenuem
514 1096 732 1144 umbram
767 1098 1030 1162 speciemve
1067 1098 1324 1163 primatum
1364 1100 1655 1164 pontificium
1689 1099 1809 1163 deji-

113 1177 262 1234 ciant,
293 1176 357 1221 ita
385 1183 437 1221 ut
462 1174 652 1220 nonnisi
673 1190 847 1221 nomen
874 1182 955 1221 aut
979 1173 1231 1239 quamdam
1248 1177 1629 1240 praeeminentiae
1651 1186 1698 1224 et
1718 1177 1809 1225 ho-

112 1253 235 1298 noris
273 1250 627 1316 praerogativam
665 1249 790 1298 inter
821 1266 957 1315 pares
994 1267 1117 1297 rom.
1163 1250 1376 1298 Pontifici
1416 1250 1716 1317 relinquant,
1757 1270 1809 1300 re

110 1336 268 1375 autem
291 1343 481 1391 omnem
507 1343 666 1374 veram
679 1326 1054 1388 jurisdictionem
1072 1326 1287 1391 eripiant.
1312 1326 1546 1375 Videntur
1563 1327 1612 1375 hi
1635 1328 1809 1377 scilicet

108 1404 197 1450 sibi
226 1403 521 1469 triumphum
549 1419 684 1467 agere
702 1437 715 1461 ,
753 1401 866 1449 dum
884 1438 897 1463 ,
925 1403 1276 1468 conspiratione
1301 1419 1408 1450 cum
1436 1404 1807 1452 protestantibus

108 1619 185 1650 mat
206 1625 249 1649 ex
270 1612 350 1662 jure
370 1611 535 1649 humano
549 1640 560 1658 ‚
582 1623 625 1649 ac
644 1618 834 1661 propterea
853 1609 921 1647 ad-

108 1677 264 1715 scititiis
286 1677 525 1722 adnumerat,
549 1676 721 1728 pleraque
740 1680 827 1714 sunt
840 1704 850 1722 ‚
867 1683 921 1713 at-

109 1755 183 1794 que
227 1744 344 1792 ipsam
384 1742 676 1794 jurisdictionem
693 1754 704 1790 3
737 1742 790 1779 sic
821 1742 919 1779 enim

106 1807 271 1859 loquitur
282 1808 320 1845 in
333 1808 460 1845 eodem
474 1820 536 1859 op.
546 1815 639 1845 tom.
653 1820 702 1853 11,
717 1820 801 1858 pag.
814 1805 837 1845 3
847 1806 917 1845 13:

112 1871 288 1910 Canones
311 1877 347 1910 et
368 1871 551 1910 Consilia
574 1867 833 1922 Pontificibus
846 1873 921 1921 ju-

108 1937 370 1976 risdictionem
384 1952 467 1977 vere
483 1937 596 1977 talem
610 1945 723 1990 atque
738 1937 820 1976 alia
833 1951 922 1976 con-

107 2002 297 2048 tulerunt,
330 2016 413 2053 quoe
430 2006 587 2056 proprio
616 2011 651 2047 et
678 2004 809 2042 nativo
824 2005 921 2056 jure

45 2080 47 2083 ’
107 2081 186 2106 non
207 2068 361 2106 habent.
384 2068 464 2107 Cfr.
483 2069 652 2108 Zaccaria
667 2097 679 2120 ‚
703 2070 745 2108 in
763 2068 919 2120 Amise-

107 2133 243 2172 brom'o
266 2133 464 2171 vindicato
481 2163 491 2181 ‚
518 2142 612 2186 part.
639 2146 704 2181 111,
735 2133 824 2172 diss.
852 2148 889 2172 vi
905 2163 917 2182 ‚

109 2212 189 2251 cap.
224 2213 239 2238 1
262 2230 273 2246 ,
309 2207 345 2238 et
374 2200 463 2238 diss.
490 2213 538 2238 vn
555 2229 565 2246 ‚
589 2214 674 2252 cap.
705 2212 736 2239 1.
757 2199 920 2252 Quaeque

109 2265 220 2302 etiam
235 2278 277 2303 ex
296 2267 379 2316 jure
402 2266 567 2304 humano
583 2267 714 2305 tribuit
729 2268 811 2319 jura
825 2280 919 2305 rom.

108 2328 278 2367 Pontifici
299 2329 523 2380 Febronius,
554 2333 717 2370 maxima
742 2346 784 2370 ex
815 2339 920 2383 parte

108 2394 270 2432 derivata
292 2395 516 2437 affirmat‘ex
542 2395 918 2449 pseudo-Isidoriauis

107 2460 310 2499 mercibus.

163 2524 215 2573 (l)
246 2524 324 2564 Cfr.
337 2524 583 2578 Roskovany,
599 2540 661 2578 op.
681 2529 746 2565 cit.
766 2526 822 2567 De
833 2531 920 2580 pri-

106 2596 215 2628 matu
229 2602 322 2627 rom.
339 2589 457 2628 Pom.
469 2589 492 2642 ὃ
504 2588 558 2640 44
573 2599 604 2629 et
622 2605 727 2643 seqq.
746 2592 816 2631 Hic
832 2606 919 2632 vero

105 2663 247 2702 auctor,
267 2657 430 2707 apprime
454 2655 656 2694 catholicus
670 2664 706 2695 et
728 2658 916 2706 eruditus,

106 2734 149 2759 eo
176 2723 306 2774 majori
321 2721 429 2759 laude
452 2721 585 2772 dignus
613 2730 681 2770 est,
700 2723 801 2775 quod
829 2737 918 2762 con-

107 2793 164 2825 tra
177 2787 327 2838 plenum
342 2787 487 2825 alveum
501 2788 685 2839 impavide
710 2801 747 2826 se
761 2789 800 2825 in
813 2784 920 2828 Hun-

108 2854 209 2903 garia
232 2855 442 2905 opposuerit
464 2855 643 2904 grassanti
665 2853 852 2893 doctrinae.

165 2917 218 2968 (2)
248 2917 329 2958 Cfr.
344 2919 471 2971 Hortig
482 2949 492 2967 ‚
509 2918 731 2957 Handbuch
746 2918 814 2957 der
826 2918 921 2958 Kir-

108 2984 395 3038 ehenqescb.seu
408 2987 598 3027 Manuale
612 2986 782 3027 historioe
795 2988 921 3028 eccles.

987 1617 1081 1648 tom.
1112 1623 1148 1658 1,
1187 1622 1274 1663 pag.
1310 1607 1387 1648 382
1418 1618 1453 1650 et
1487 1625 1591 1664 seqq.
1620 1612 1711 1650 edit.
1749 1626 1801 1659 11,

986 1673 1179 1714 Landshut
1208 1674 1325 1728 1827,
1350 1677 1414 1727 qni
1435 1677 1592 1726 evolvit,
1616 1679 1800 1729 quomodo

988 1755 1030 1779 ex
1051 1741 1233 1793 ejusmodi
1260 1741 1498 1780 distinctione
1518 1743 1690 1782 nonnulli
1715 1758 1803 1795 pro·

987 1810 1096 1859 gressi
1120 1809 1193 1845 sint
1217 1822 1335 1859 usque
1357 1808 1403 1846 ad
1427 1808 1576 1860 plenam
1598 1809 1800 1862 Episcopo-

986 1888 1068 1911 rum
1085 1888 1104 1912 a
1115 1887 1210 1912 rom.
1220 1873 1459 1912 Pontificibus
1471 1874 1802 1926 independentiam

987 1940 1292 1992 proclamandam
1303 1969 1313 1986 ‚
1331 1947 1366 1978 et
1381 1940 1428 1978 ad
1444 1939 1593 1979 omnem
1616 1940 1803 1993 denegan-

987 2006 1073 2044 dam
1091 2007 1274 2057 primatus
1289 2007 1603 2057 praeeminentiam
1618 2007 1658 2044 in
1668 2007 1803 2046 Eccle-

987 2074 1063 2117 sia3
1095 2071 1157 2110 alii
1190 2086 1274 2110 vero
1296 2085 1337 2110 eo
1360 2070 1617 2120 devenerunt,
1650 2080 1693 2111 ut
1714 2086 1802 2111 con-

986 2138 1111 2176 silium
1136 2137 1303 2176 dederint
1325 2137 1516 2189 Episcopis
1533 2137 1737 2177 Germaniae
1754 2140 1801 2178 de

986 2204 1203 2242 excutiendo
1222 2218 1317 2242 rom.
1334 2203 1521 2242 Pontificis
1545 2205 1635 2256 jugo
1650 2234 1660 2251 ,
1690 2213 1799 2257 atque

986 2269 1032 2307 de
1062 2269 1255 2308 statuenda
1301 2269 1461 2321 quadam
1499 2268 1623 2308 stabili
1658 2271 1799 2322 synodo

987 2343 1244 2386 permanente,
1262 2349 1343 2387 quae
1357 2336 1568 2373 universam
1594 2347 1798 2386 repraesen-

985 2404 1038 2439 tet
1066 2400 1265 2439 Ecclesiam
1291 2400 1360 2438 sub
1391 2400 1540 2438 Caesaris
1565 2403 1735 2452 auspiciis
1757 2415 1801 2440 ac

985 2480 1154 2518 suprema
1183 2468 1433 2518 inspectione,
1467 2466 1660 2512 admissis,
1688 2469 1718 2505 si
1748 2469 1797 2506 ita

986 2533 1105 2570 visum
1134 2532 1269 2578 fuerit,
1304 2534 1412 2569 etiam
1443 2530 1598 2569 aliarum
1632 2534 1798 2583 gentium

985 2597 1174 2649 Episcopis
1190 2627 1201 2643 ,
1227 2599 1319 2649 quin
1350 2605 1385 2634 et
1414 2610 1569 2635 romano
1596 2597 1796 2644 Antistite‚

986 2664 1041 2699 uti
1066 2663 1237 2715 simplici
1256 2661 1439 2715 preslaio,
1465 2676 1535 2701 nec
1566 2664 1654 2713 ipsis
1675 2670 1799 2714 prote-

985 2728 1166 2767 stantibus
1179 2729 1350 2767 exclusis.
1382 2727 1482 2766 Inter
1494 2728 1560 2765 hos
1578 2729 1717 2766 eminet
1731 2743 1800 2767 au-

985 2802 1066 2832 ctor
1083 2794 1222 2833 libelli:
1237 2791 1415 2845 Beitrae'iqe
1434 2806 1509 2832 zur
1520 2791 1560 2831 A
1564 2791 1797 2845 uskliirunq,

986 2867 1057 2898 etc.
1085 2873 1149 2898 seu
1178 2859 1418 2898 Documenta
1449 2858 1501 2895 ad
1530 2856 1712 2897 illustrat.
1743 2872 1801 2897 se-

988 2923 1069 2963 culi
1090 2926 1232 2970 nostri,
1261 2932 1331 2964 etc.
1355 2923 1587 2962 Francofurti
1615 2922 1731 2976 1787.

1522 3062 1600 3109 31.
