2028 3354
242 175 330 221 118
700 189 856 219 TRAGT.
894 192 946 219 mi
979 192 1099 222 mets
1132 191 1428 221 mmmmm&

242 313 402 369 suapte
420 312 582 350 natura
606 302 815 348 oriantur
831 303 1045 351 scandala
1063 341 1076 364 ,
1095 306 1412 353 contentiones
1432 312 1479 352 et
1504 302 1747 352 divisiones
1765 339 1778 364 ,
1801 303 1895 353 istae

242 396 339 427 non
366 385 580 442 separant
605 374 664 423 ab
692 376 885 424 Ecclesia
901 414 913 435 ,
944 378 1089 425 donec
1112 378 1291 426 formali
1315 379 1486 442 judicio
1513 379 1570 426 de
1599 378 1670 425 his
1688 396 1899 443 pronun—

242 455 409 501 ciatum
437 452 589 499 fuerit.
623 452 718 499 Hoc
746 461 902 500 autem
931 452 1054 500 edito
1071 490 1085 513 ,
1126 454 1204 517 qui
1228 471 1276 501 se
1300 456 1453 504 eidem
1480 455 1727 517 subjiciunt
1754 456 1900 521 perti-

241 537 357 575 nent
383 527 442 574 ad
467 528 720 586 unitatem3
748 529 826 592 qui
845 528 886 576 ei
905 529 1126 575 resistunt
1146 563 1158 586 ,
1190 528 1458 578 schismatici
1478 531 1737 579 efficiuntur
1763 538 1900 595 atque

241 602 298 649 ab
324 602 516 650 Ecclesia
540 612 769 661 extorreS,
795 621 844 650 ac
862 613 1105 668 propterea
1123 602 1181 649 ab
1201 604 1334 651 unica
1358 605 1515 653 salutis
1543 607 1634 654 via.
1658 608 1726 653 Ita
1744 606 1901 655 divina

241 679 576 743 omnipotentia
599 679 820 743 prospicit
845 679 1059 726 Ecclesiae
1085 680 1266 726 unitati.

241 788 243 793 .
304 753 417 800 202.
459 754 527 801 Ad
558 754 623 801 3¹1¹
645 790 657 811 ,
699 753 820 817 Ney.
860 755 946 801 Tot
989 754 1114 801 enim
1142 754 1373 802 habentur
1402 756 1452 803 in
1489 757 1735 821 Scripturis
1770 757 1905 819 hujus

242 838 480 895 perpetuae
501 830 690 877 unitatis
722 829 1074 894 promissiones,
1100 839 1214 894 quot
1247 831 1490 878 Ecclesiam
1521 830 1741 879 exhibent
1767 832 1908 879 dura·

240 914 419 964 turam,
449 915 588 969 prout
611 922 713 952 eam
738 900 944 951 Christus
963 902 1191 964 instituit;
1216 906 1417 952 instituit
1435 916 1591 955 autem
1611 924 1753 954 unam
1774 916 1820 954 et
1840 908 1908 953 in—

242 979 507 1039 dividuam,
544 980 757 1045 promisit
789 980 927 1043 igitur
971 998 1114 1028 unam
1145 990 1192 1028 et
1223 981 1513 1030 individuam
1545 1000 1648 1030 eam
1688 991 1910 1047 perpetuo

239 1056 351 1104 fore.
379 1058 497 1103 Sane
532 1056 621 1103 nisi
647 1054 870 1115 velimus,
907 1056 959 1103 in
993 1066 1147 1122 partes
1186 1056 1332 1104 scindi
1371 1075 1504 1121 posse
1541 1074 1706 1122 corpus
1744 1058 1912 1104 Christi

244 1132 489 1195 mysticum
508 1169 520 1192 ,
552 1130 676 1197 quod
703 1141 772 1179 est
802 1132 998 1180 Ecclesia
1020 1169 1032 1193 ,
1064 1150 1169 1180 cum
1195 1149 1285 1197 qua
1315 1142 1535 1197 praeterea
1561 1133 1768 1179 Christus
1782 1137 1912 1194 juxta

243 1207 513 1271 Apostolum
541 1225 589 1255 se
620 1207 854 1272 copulavit
882 1207 1189 1255 indissolubili
1216 1209 1430 1271 conjugio
1460 1209 1555 1271 (l),
1588 1206 1914 1273 concludamus

240 1291 448 1345 oportet,
476 1299 718 1346 nunquam
742 1282 1023 1348 interrumpi
1043 1299 1176 1347 posse
1191 1318 1205 1340 ‚
1232 1287 1366 1344 juxta
1398 1283 1568 1330 Christi
1594 1283 1819 1346 promissa
1843 1291 1915 1328 at-

243 1373 333 1420 que
353 1357 494 1421 ipsius
517 1357 724 1404 Ecclesiae
747 1358 1150 1416 constitutionem,
1175 1361 1273 1419 ejus
1300 1359 1545 1406 unitatem.
1575 1359 1669 1405 Nec
1688 1357 1801 1404 alius
1829 1375 1917 1403 un·

243 1448 383 1495 quam
405 1432 494 1479 fuit
513 1449 672 1479 sensus
700 1431 1005 1483 traditionalis
1021 1468 1034 1491 ,
1062 1442 1115 1479 ut
1140 1450 1249 1479 mox
1274 1433 1585 1480 ostendemus,

303 1505 419 1554 203.
455 1507 528 1554 Ad
548 1507 632 1566 41¹³,
654 1508 779 1553 Dist.
804 1506 858 1553 Id
876 1516 969 1566 est,
1002 1494 1052 1553 in
1079 1506 1297 1567 Ecclesia,
1318 1524 1420 1571 quae
1438 1543 1451 1566 ,
1474 1515 1636 1571 utpote
1661 1506 1918 1554 coalescens

243 1597 299 1628 ex
331 1580 502 1628 Judaeis
531 1591 578 1628 et
596 1580 808 1644 gentibus
836 1582 1067 1629 conversis
1082 1618 1094 1640 ,
1117 1580 1201 1627 sub
1220 1581 1399 1628 Christo
1420 1598 1512 1628 una
1538 1590 1608 1629 est
1622 1617 1635 1641 .,
1655 1598 1781 1627 conc.
1797 1598 1814 1636 ,·
1834 1581 1922 1628 alio

242 1673 405 1716 sensu,
448 1674 551 1720 neq.
589 1657 758 1720 Utique
799 1656 992 1703 Ecclesia
1033 1656 1201 1703 coaluit
1232 1673 1288 1702 ex
1323 1656 1536 1719 gentibus
1573 1665 1620 1703 et
1653 1657 1827 1704 Judaeis
1863 1657 1921 1704 ad

243 1731 478 1778 Christum
514 1732 773 1790 conversi33
810 1732 889 1779 sed
920 1731 1088 1778 coaluit
1114 1732 1174 1778 ad
1203 1748 1351 1777 unum
1389 1740 1435 1778 et
1468 1731 1767 1779 individuum
1802 1733 1921 1780 ovile

243 1806 536 1853 efficiendum
553 1843 566 1866 ,
600 1806 657 1853 ad
682 1824 830 1853 unum
848 1815 895 1854 et
910 1807 1205 1855 individuum
1229 1823 1426 1870 regnum
1446 1807 1618 1854 Christi
1642 1808 1922 1855 constituen-

243 1880 356 1926 dum
373 1916 385 1938 ,
415 1881 474 1927 ad
503 1898 652 1928 unum
680 1885 776 1943 ejus
805 1898 971 1946 corpus
994 1881 1359 1940 efformandum,
1393 1882 1517 1947 quod
1542 1882 1749 1929 Christus
1776 1884 1921 1947 gratia

247 1972 327 2001 sua
364 1956 584 2003 informat
616 1965 670 2003 ut
708 1957 868 2004 vivum
898 1958 959 2004 sit
980 1993 993 2017 ,
1033 1958 1206 2021 regitur
1235 1957 1293 2004 ab
1332 1962 1427 2020 ejus
1460 1958 1652 2023 spiritu,
1686 1968 1825 2023 atque
1864 1960 1923 2007 ad

246 2031 393 2078 instar
417 2031 612 2078 humani
643 2031 896 2091 individui,
916 2042 967 2079 ut
992 2033 1199 2097 superius
1220 2034 1515 2098 exposuimus
1539 2042 1585 2082 et
1603 2035 1890 2082 ostendimus
1906 2072 1918 2094 ,

247 2106 365 2154 vivit
383 2124 435 2154 ac
451 2115 731 2171 perseverat.
751 2109 838 2165 Qui
857 2109 994 2171 igitur
1014 2107 1309 2174 culpabiliter
1331 2108 1389 2155 ab
1411 2108 1499 2155 hoc
1528 2126 1720 2173 corpore
1747 2110 1921 2158 divisus
1985 2161 1989 2166 A

248 2189 318 2227 est
339 2215 352 2238 ,
392 2181 657 2229 membrum
685 2181 822 2243 hujus
843 2185 1044 2248 corporis
1064 2201 1160 2231 esse
1184 2183 1380 2243 desinit,
1405 2201 1491 2231 nec
1508 2184 1768 2232 vivificatur
1785 2202 1810 2231 a
1829 2186 1923 2250 spi-

246 2256 339 2302 ritu
360 2256 530 2304 Christi
551 2258 636 2322 (2).

311 2331 423 2379 204.
458 2333 530 2380 Ad
556 2333 650 2392 5¹1¹,
682 2333 800 2397 Ney.
822 2333 914 2381 Nec
950 2335 1075 2382 enim
1110 2333 1231 2381 solus
1267 2343 1336 2381 est
1372 2336 1653 2400 CyprianuS,
1684 2336 1764 2400 qui
1790 2344 1921 2384 vocet

250 2405 420 2453 Christi
441 2408 685 2457 Ecclesiam
706 2417 873 2456 vestem
893 2412 1223 2458 inconsutilem
1249 2410 1348 2473 (3),
1370 2420 1449 2459 aut
1472 2412 1594 2459 solus
1612 2412 1917 2475 Augustinus,

306 2556 360 2607 (1)
390 2557 523 2608 Ephes.
545 2573 581 2609 v,
615 2559 665 2598 32
687 2588 698 2607 ‚
728 2561 768 2601 in
792 2574 903 2612 quem
932 2562 1054 2602 locum
1118 2576 1139 2600 a
1173 2564 1301 2614 spiritu
1333 2562 1493 2612 Christi,
1526 2565 1614 2617 quia
1651 2576 1729 2602 non
1765 2569 1851 2601 sunt
1873 2563 1920 2602 de

251 2621 320 2660 cfr.
342 2620 519 2662 Bernard.
546 2638 566 2663 a
589 2624 753 2663 Piconio.
1119 2640 1266 2679 corpore
1303 2627 1456 2668 Christi.
1494 2628 1589 2667 Cum
1624 2627 1700 2666 haec
1730 2628 1919 2666 notissima

300 2685 358 2736 (2)
387 2685 471 2725 Huc
489 2689 697 2727 referuntur
729 2690 921 2729 innumera
944 2706 1055 2744 prope
1120 2694 1207 2741 sint,
1221 2707 1263 2731 ac
1273 2694 1382 2745 paulo
1393 2703 1475 2734 ante
1486 2693 1664 2733 nonnulla
1674 2692 1916 2741 attulerimus,

253 2750 292 2789 S.
309 2749 507 2801 Augustini
525 2754 729 2791 testimonia
748 2783 760 2801 ‚
781 2754 915 2807 quibus
935 2765 1055 2796 osten·
1118 2772 1195 2796 non
1221 2767 1273 2797 est
1296 2773 1409 2811 quare
1425 2760 1484 2798 hic
1507 2772 1548 2798 ea
1563 2757 1683 2796 denuo
1702 2757 1914 2797 afferamus.

251 2815 327 2861 dit,
340 2814 542 2855 Donatistas
551 2844 565 2865 ,
581 2832 623 2857 ac
638 2818 789 2869 proinde
806 2820 1049 2862 schismaticos
1111 2820 1188 2861 Cfr.
1204 2824 1424 2877 integerejus
1433 2823 1636 2861 Tractatum
1648 2833 1734 2860 xxv1
1744 2823 1788 2859 in
1796 2822 1914 2862 Joan.

252 2879 434 2930 reliquos,
467 2883 532 2934 qui
564 2883 667 2922 divisi
695 2892 780 2922 sunt
811 2884 857 2923 ab
889 2884 1046 2926 Ecclesia
1165 2887 1217 2938 (3)
1247 2888 1292 2926 In
1330 2889 1398 2927 lib.
1433 2886 1491 2927 De
1517 2891 1667 2926 unitate
1689 2886 1796 2926 Eccl.
1823 2888 1913 2927 edit.

252 2945 427 2984 catholica
463 2959 525 2985 seu
554 2961 730 2996 romana,
758 2962 833 2987 non
867 2952 1042 2991 vivificari
1107 2949 1230 2990 Maur.
1254 2966 1294 3003 p.
1327 2949 1411 3004 196.
1444 2951 1515 2990 Hie
1540 2950 1685 2990 Palmer
1710 2952 1913 2999 contendit,
