2028 3354
442 230 568 258 PART.
608 229 638 259 1.
675 229 772 257 CAP.
813 228 863 257 11·
903 229 957 257 DE
992 228 1166 258 CHmsTI
1202 228 1322 257 ECCL.
1361 228 1559 258 CONSTIT·
1777 210 1836 257 39

154 359 326 408 nempe
349 351 395 389 et
417 342 552 388 laicos
572 378 584 401 ,
610 359 689 388 seu
703 377 715 401 ,
736 341 863 406 quod
879 341 1004 389 idem
1025 350 1094 389 est
1108 378 1121 402 ‚
1136 342 1184 387 in
1206 349 1381 389 coetum
1402 341 1649 389 docentem
1671 358 1722 388 ac
1744 339 1836 387 dis-

154 427 334 467 centem
352 455 364 478 ,
390 426 627 481 regentem
658 425 706 465 et
738 427 918 465 rectum
936 456 947 477 7
980 418 1183 464 activum
1214 426 1353 481 atque
1375 417 1627 481 passivum.

219 495 296 542 65.
335 496 570 553 Quatenus
606 494 815 542 Ecclesiae
852 502 1033 559 partem
1069 494 1345 541 exteriorem
1387 493 1587 541 diximus
1623 493 1842 542 constitui

151 589 230 618 seu
260 570 510 618 coalescere
540 589 595 618 ex
620 570 837 617 omnibus
866 570 1036 617 Christi
1060 569 1273 615 fidelibus
1308 569 1404 616 sive
1432 569 1569 630 justis
1595 570 1693 617 sive
1713 567 1838 634 'pec-

150 646 408 707 catoribus‚
448 657 606 712 patet,
642 663 744 694 eam
781 646 1036 709 generatim
1060 662 1167 690 cum
1200 645 1418 708 Bossueto
1451 644 1636 692 definiri
1655 662 1790 711 posse
1825 663 1836 691 :

149 724 362 771 Ecclesia
376 733 441 770 cst
452 726 642 770 societas
657 724 906 769 hominum
922 724 1163 766 viatorum
1189 736 1349 766 veram
1370 719 1556 766 Christi
1569 722 1842 768 doctrinam

145 801 473 863 profitentium
494 799 581 863 (l).
608 800 713 845 Haec
733 796 861 843 enim
884 796 1094 843 definitio
1123 795 1257 843 nobis
1285 795 1336 841 in
1366 797 1614 859 praesentia
1640 798 1839 855 sufficit,

150 884 290 940 atque
306 912 318 935 ,
343 884 505 940 utpote
522 871 865 937 generalissima
884 908 896 931 ‚
927 890 952 919 a
973 873 1161 920 nemine
1179 909 1191 932 ,
1224 873 1304 937 qui
1331 871 1562 919 visibilem
1592 873 1841 921 Ecclesiam

150 951 369 998 admittat
386 986 398 1008 a
430 948 583 1013 respui
606 951 709 1010 jure
733 957 887 1013 potest
903 985 916 1010 ‚
939 949 1002 996 ita
1030 958 1084 996 ut
1108 952 1208 1012 jam
1233 949 1283 995 in
1313 965 1365 995 ea
1383 950 1704 998 protestantes
1728 966 1841 996 con-

150 1019 400 1074 sentientes
420 1023 693 1072 habeamus.

211 1102 294 1149 His
321 1100 567 1167 praemissis
586 1139 597 1161 7
630 1102 693 1149 sic
708 1105 808 1163 jam
835 1102 896 1149 ad
916 1103 1120 1167 priorem
1152 1103 1323 1150 thesim
1344 1102 1678 1150 adstruendam
1709 1120 1841 1151 acce-

145 1177 311 1225 dimus.

728 1351 738 1363 ,
783 1317 1109 1361 PROPOSITIO
1143 1320 1179 1362 I.

142 1423 224 1470 Ad
274 1440 447 1487 corpus
500 1424 728 1471 Ecclcsz‘oe
777 1440 858 1470 scu
910 1425 978 1471 ad
1028 1425 1267 1471 visibilem
1315 1425 1585 1473 Ecclesiam
1626 1436 1842 1491 spectant

334 1517 489 1547 omncs
511 1501 683 1547 christi
702 1500 859 1560 fideles
894 1509 992 1547 tam
1007 1504 1144 1562 justi
1174 1518 1322 1564 quam
1354 1511 1633 1563 peccatores.

208 1630 284 1676 66.
322 1629 409 1677 Hic
436 1629 675 1695 loquimur
702 1630 759 1677 de
783 1629 996 1677 fidelibus
1019 1630 1265 1696 baptizatis
1284 1667 1297 1691 a
1332 1633 1411 1697 qui
1441 1651 1615 1699 nempe
1637 1636 1840 1700 cooptati

143 1715 252 1754 sunt
273 1707 324 1752 in
344 1706 474 1753 illam
500 1707 787 1763 societatem,
808 1724 949 1771 quam
971 1706 1182 1754 Christus
1205 1708 1433 1767 instituit,
1465 1727 1661 1776 quaeque
1682 1728 1844 1761 veram

140 1786 235 1845 ejus
266 1783 528 1829 doctrinam
561 1784 831 1848 profitetur,
868 1800 1020 1847 neque
1050 1783 1108 1830 ab
1138 1801 1191 1830 ea
1221 1800 1515 1849 quacumque
1552 1787 1745 1834 demum
1780 1787 1838 1835 de

138 1875 270 1906 causa
300 1860 500 1924 separati
526 1868 653 1926 sunt.
690 1860 859 1905 Sensus
889 1859 1088 1924 proinde
1113 1860 1369 1907 enunciatae
1400 1863 1733 1926 propositionis
1763 1862 1837 1911 hic

139 1944 236 1995 est,
268 1937 331 1983 ita
364 1936 600 1983 Christum
624 1936 879 1983 instituisse
905 1936 1134 1984 visibilem
1166 1954 1297 1983 suam
1330 1938 1577 1986 Ecclesiam
1596 1976 1608 1999 .,
1644 1950 1697 1987 ut
1723 1957 1832 1987 coa·-

140 2012 280 2059 lescat
312 2021 392 2059 aut
423 2012 677 2060 coalescere
708 2013 854 2077 possit
876 2021 972 2059 tam
998 2030 1054 2060 ex
1075 2014 1213 2075 justis
1240 2031 1379 2078 quam
1406 2016 1752 2079 peccatoribus3
1789 2026 1836 2064 et

139 2088 260 2135 hanc
284 2089 563 2154 opponimus
591 2089 646 2136 iis
669 2125 681 2148 .,
715 2089 793 2153 qui
821 2105 877 2135 ex
907 2088 1014 2135 solis
1037 2090 1174 2151 justis
1209 2098 1256 2136 et
1284 2091 1453 2137 sanctis
1482 2108 1585 2138 eam
1613 2093 1835 2140 constitui

138 2173 467 2224 autumarunt3
491 2163 747 2227 cujusmodi
775 2181 832 2211 ex
860 2164 1093 2211 veteribus
1120 2165 1309 2213 fuerunt
1327 2167 1558 2232 praecipue
1578 2168 1829 2217 Novatiani

140 2256 191 2286 ac
222 2242 502 2299 Donatistae,
529 2258 586 2288 ex
612 2238 946 2287 recentioribus
975 2257 1070 2286 non
1099 2241 1234 2306 pauci
1263 2243 1575 2291 Protestantes
1593 2279 1606 2303 ‚
1633 2243 1741 2290 licet
1774 2259 1830 2289 ex

140 2314 321 2364 diverso
340 2317 479 2382 plane
501 2317 744 2383 principio.
770 2316 841 2363 Illi
862 2317 990 2364 enim
1009 2318 1071 2364 ita
1092 2328 1365 2379 senserunt,
1390 2329 1442 2365 ut
1467 2320 1831 2367 cohonestarent

140 2393 380 2455 proprium
402 2394 600 2441 schisma
627 2394 728 2459 (2)3
756 2393 858 2454 isti,
876 2401 929 2439 ut
954 2401 1214 2442 statuerent
1234 2393 1797 2452 Ecclesiam,invisibilem
1814 2432 1827 2455 7
1877 2436 1881 2438 .

192 2553 246 2603 (l)
280 2553 506 2605 Confhrence
540 2571 627 2595 avec
662 2554 720 2595 M.
765 2556 910 2596 Claude
935 2587 945 2606 ,
1013 2558 1171 2610 lapsisin
1187 2560 1307 2612 gravia
1320 2566 1466 2611 peccata
1482 2566 1565 2610 post
1577 2560 1826 2613 Baptismum‚

139 2630 228 2659 tom.
246 2616 362 2668 xxiii,
387 2635 470 2672 pag.
488 2619 541 2672 24
569 2631 604 2661 et
629 2625 726 2662 suiv.
760 2638 878 2662 oeuvr.
903 2624 949 2663 de
1014 2625 1150 2677 quihus
1174 2626 1402 2666 remittendis
1427 2640 1666 2666 concessama
1681 2628 1825 2667 Christo

138 2685 290 2725 Bossuet
303 2715 314 2733 ‚
340 2686 429 2724 edit.
444 2687 490 2725 de
501 2686 695 2727 Versailles
724 2687 840 2727 1816.
1016 2690 1186 2731 Ecclesiae
1199 2704 1274 2729 suae
1294 2698 1510 2743 potestatem
1534 2693 1823 2744 inficiabantur-3

195 2750 247 2800 (2)
266 2750 458 2790 Novatiani
480 2765 557 2790 non
574 2752 656 2791 ideo
672 2752 854 2804 negabant
867 2767 949 2805 pec·
1016 2763 1096 2794 tum
1116 2759 1226 2796 etiam
1252 2765 1292 2795 ut
1312 2771 1350 2796 se
1371 2758 1530 2797 mundos
1550 2760 1823 2810 profiterentur.
1877 2784 1879 2787 «

141 2823 303 2864 catores,
341 2817 461 2869 lapsos
504 2819 703 2869 praesertim
746 2819 787 2856 in
828 2820 946 2870 gravia
1013 2819 1090 2859 Cfr.
1121 2822 1205 2862 Nat.
1244 2822 1347 2861 Alex.
1378 2821 1487 2862 Hist.
1515 2822 1607 2862 eccl.
1640 2838 1716 2864 sec.
1755 2838 1821 2871 111,

142 2882 320 2930 crimina,
346 2896 422 2922 esse
454 2885 494 2921 in
522 2883 712 2930 Ecclesia,
743 2884 842 2936 quod
875 2893 946 2923 sta·
1012 2899 1095 2937 cap.
1125 2887 1148 2925 3
1169 2918 1179 2935 ‚
1210 2895 1277 2926 art.
1307 2885 1400 2940 4‚§
1434 2901 1446 2925 1
1479 2901 1589 2941 seqq.
1616 2889 1676 2928 Sic
1705 2903 1825 2941 neque

142 2953 285 2985 tuerent
311 2947 509 2987 Ecclesiam
539 2948 763 2988 invisibilem
778 2978 789 2994 ,
820 2950 882 2988 sed
898 2964 945 2989 ne
1012 2950 1206 2991 Donatistae
1221 2953 1371 3005 professi
1394 2961 1478 2992 sunt
1492 2982 1507 3003 ,
1530 2954 1728 2993 Ecclesiam
1751 2967 1826 2992 esse

144 3015 550 3055 communicarentcum
565 3016 769 3056 libellaticis
783 3046 794 3065 ,
807 3024 842 3056 et
857 3030 942 3057 cum
1012 3016 1232 3058 invisibilem
1250 3031 1262 3068 3
1278 3018 1341 3058 sed
1362 3027 1581 3059 coarctatam
1594 3017 1830 3058 affirmabant
