<?xml version="1.0" encoding="UTF-8"?>
<!DOCTYPE html PUBLIC "-//W3C//DTD XHTML 1.0 Transitional//EN"
    "http://www.w3.org/TR/xhtml1/DTD/xhtml1-transitional.dtd">
<html xmlns="http://www.w3.org/1999/xhtml" xml:lang="en" lang="en">
 <head>
  <title>
</title>
<meta http-equiv="Content-Type" content="text/html;charset=utf-8" />
  <meta name='ocr-system' content='tesseract 3.04.00' />
  <meta name='ocr-capabilities' content='ocr_page ocr_carea ocr_par ocr_line ocrx_word'/>
</head>
<body>
  <div class='ocr_page' id='page_1' title='image "./praelectionestheo08perruoft/praelectionestheo08perruoft_0244.png"; bbox 0 0 2028 3354; ppageno 0'>
   <div class='ocr_carea' id='block_1_1' title="bbox 207 160 302 208">
    <p class='ocr_par' dir='ltr' id='par_1_1' title="bbox 207 160 302 208">
     <span class='ocr_line' id='line_1_1' title="bbox 207 160 302 208; baseline -0.021 0"><span class='ocrx_word' id='word_1_1' title='bbox 207 160 302 208; x_wconf 79' lang='lat'>232</span> 
     </span>
    </p>
   </div>
   <div class='ocr_carea' id='block_1_2' title="bbox 659 179 1391 216">
    <p class='ocr_par' dir='ltr' id='par_1_2' title="bbox 659 179 1391 216">
     <span class='ocr_line' id='line_1_2' title="bbox 659 179 1391 216; baseline 0.015 -10"><span class='ocrx_word' id='word_1_2' title='bbox 659 179 818 208; x_wconf 81' lang='lat' dir='ltr'>TRACT.</span> <span class='ocrx_word' id='word_1_3' title='bbox 854 182 909 209; x_wconf 84' lang='lat' dir='ltr'>DE</span> <span class='ocrx_word' id='word_1_4' title='bbox 945 181 1061 212; x_wconf 77' lang='lat' dir='ltr'>Locis</span> <span class='ocrx_word' id='word_1_5' title='bbox 1098 184 1391 216; x_wconf 81' lang='lat' dir='ltr'>THEOLOGICIS·</span> 
     </span>
    </p>
   </div>
   <div class='ocr_carea' id='block_1_3' title="bbox 210 289 1890 432">
    <p class='ocr_par' dir='ltr' id='par_1_3' title="bbox 210 289 1890 432">
     <span class='ocr_line' id='line_1_3' title="bbox 210 289 1886 368; baseline 0.006 -27"><span class='ocrx_word' id='word_1_6' title='bbox 210 310 341 341; x_wconf 88' lang='lat' dir='ltr'>suam</span> <span class='ocrx_word' id='word_1_7' title='bbox 370 289 722 355; x_wconf 75' lang='lat' dir='ltr'>comprobaret3</span> <span class='ocrx_word' id='word_1_8' title='bbox 755 291 793 337; x_wconf 92' lang='lat' dir='ltr'>si</span> <span class='ocrx_word' id='word_1_9' title='bbox 821 291 1020 358; x_wconf 89' lang='lat' dir='ltr'>denique</span> <span class='ocrx_word' id='word_1_10' title='bbox 1043 296 1300 360; x_wconf 81' lang='lat' dir='ltr'>ingressum</span> <span class='ocrx_word' id='word_1_11' title='bbox 1323 300 1372 347; x_wconf 90' lang='lat' dir='ltr'>in</span> <span class='ocrx_word' id='word_1_12' title='bbox 1401 299 1648 349; x_wconf 84' lang='lat' dir='ltr'><strong>Ecclesiam</strong></span> <span class='ocrx_word' id='word_1_13' title='bbox 1667 310 1807 368; x_wconf 90' lang='lat' dir='ltr'>atque</span> <span class='ocrx_word' id='word_1_14' title='bbox 1836 305 1886 351; x_wconf 90' lang='lat' dir='ltr'>in</span> 
     </span>
     <span class='ocr_line' id='line_1_4' title="bbox 211 365 1890 432; baseline 0.006 -16"><span class='ocrx_word' id='word_1_15' title='bbox 211 386 265 417; x_wconf 88' lang='lat' dir='ltr'>ea</span> <span class='ocrx_word' id='word_1_16' title='bbox 296 365 693 432; x_wconf 85' lang='lat' dir='ltr'>perseverantiam</span> <span class='ocrx_word' id='word_1_17' title='bbox 729 365 876 415; x_wconf 84' lang='lat' dir='ltr'>voluit</span> <span class='ocrx_word' id='word_1_18' title='bbox 903 370 1027 418; x_wconf 85' lang='lat' dir='ltr'>viam</span> <span class='ocrx_word' id='word_1_19' title='bbox 1045 373 1231 422; x_wconf 87' lang='lat' dir='ltr'>unicam</span> <span class='ocrx_word' id='word_1_20' title='bbox 1257 393 1352 423; x_wconf 82' lang='lat' dir='ltr'>esse</span> <span class='ocrx_word' id='word_1_21' title='bbox 1379 377 1596 425; x_wconf 89' lang='lat' dir='ltr'>omnibus</span> <span class='ocrx_word' id='word_1_22' title='bbox 1623 378 1890 427; x_wconf 85' lang='lat' dir='ltr'>hominibus</span> 
     </span>
    </p>
   </div>
   <div class='ocr_carea' id='block_1_4' title="bbox 209 441 1907 1577">
    <p class='ocr_par' dir='ltr' id='par_1_4' title="bbox 209 441 1907 1577">
     <span class='ocr_line' id='line_1_5' title="bbox 212 441 1894 518; baseline 0.007 -27"><span class='ocrx_word' id='word_1_23' title='bbox 212 443 411 492; x_wconf 87' lang='lat' dir='ltr'>salutem</span> <span class='ocrx_word' id='word_1_24' title='bbox 462 441 768 506; x_wconf 68' lang='lat' dir='ltr'>assequendi,</span> <span class='ocrx_word' id='word_1_25' title='bbox 812 444 1002 492; x_wconf 83' lang='lat' dir='ltr'>evidens</span> <span class='ocrx_word' id='word_1_26' title='bbox 1032 456 1102 494; x_wconf 87' lang='lat' dir='ltr'>est</span> <span class='ocrx_word' id='word_1_27' title='bbox 1132 452 1347 497; x_wconf 85' lang='lat' dir='ltr'>coarctari</span> <span class='ocrx_word' id='word_1_28' title='bbox 1379 470 1475 500; x_wconf 89' lang='lat' dir='ltr'>non</span> <span class='ocrx_word' id='word_1_29' title='bbox 1507 472 1642 518; x_wconf 91' lang='lat' dir='ltr'>posse</span> <span class='ocrx_word' id='word_1_30' title='bbox 1684 455 1894 504; x_wconf 75' lang='lat' dir='ltr'>Ecclesiae</span> 
     </span>
     <span class='ocr_line' id='line_1_6' title="bbox 210 516 1893 586; baseline 0.008 -21"><span class='ocrx_word' id='word_1_31' title='bbox 210 516 587 565; x_wconf 83' lang='lat' dir='ltr'>infallibilitatem</span> <span class='ocrx_word' id='word_1_32' title='bbox 621 518 681 564; x_wconf 83' lang='lat' dir='ltr'>ad</span> <span class='ocrx_word' id='word_1_33' title='bbox 718 519 806 565; x_wconf 87' lang='lat' dir='ltr'>tria</span> <span class='ocrx_word' id='word_1_34' title='bbox 844 528 924 567; x_wconf 83' lang='lat' dir='ltr'>aut</span> <span class='ocrx_word' id='word_1_35' title='bbox 953 531 1152 585; x_wconf 88' lang='lat' dir='ltr'>quatuor</span> <span class='ocrx_word' id='word_1_36' title='bbox 1187 525 1364 586; x_wconf 48' lang='lat' dir='ltr'>secula2</span> <span class='ocrx_word' id='word_1_37' title='bbox 1395 528 1459 575; x_wconf 86' lang='lat' dir='ltr'>ita</span> <span class='ocrx_word' id='word_1_38' title='bbox 1486 539 1540 576; x_wconf 82' lang='lat' dir='ltr'>ut</span> <span class='ocrx_word' id='word_1_39' title='bbox 1568 530 1761 577; x_wconf 87' lang='lat' dir='ltr'>ulterius</span> <span class='ocrx_word' id='word_1_40' title='bbox 1797 548 1893 578; x_wconf 85' lang='lat' dir='ltr'>non</span> 
     </span>
     <span class='ocr_line' id='line_1_7' title="bbox 209 593 1894 672; baseline 0.008 -33"><span class='ocrx_word' id='word_1_41' title='bbox 209 593 530 659; x_wconf 86' lang='lat' dir='ltr'>protrahatur.</span> <span class='ocrx_word' id='word_1_42' title='bbox 563 594 682 640; x_wconf 87' lang='lat' dir='ltr'>Nam</span> <span class='ocrx_word' id='word_1_43' title='bbox 716 611 818 659; x_wconf 79' lang='lat' dir='ltr'>quae</span> <span class='ocrx_word' id='word_1_44' title='bbox 856 597 1031 645; x_wconf 85' lang='lat' dir='ltr'>motiva</span> <span class='ocrx_word' id='word_1_45' title='bbox 1072 598 1201 645; x_wconf 85' lang='lat' dir='ltr'>illam</span> <span class='ocrx_word' id='word_1_46' title='bbox 1231 600 1421 663; x_wconf 81' lang='lat' dir='ltr'>exigunt</span> <span class='ocrx_word' id='word_1_47' title='bbox 1452 613 1498 651; x_wconf 90' lang='lat' dir='ltr'>et</span> <span class='ocrx_word' id='word_1_48' title='bbox 1531 616 1787 670; x_wconf 85' lang='lat' dir='ltr'>exposcunt</span> <span class='ocrx_word' id='word_1_49' title='bbox 1808 625 1894 672; x_wconf 86' lang='lat' dir='ltr'>pro</span> 
     </span>
     <span class='ocr_line' id='line_1_8' title="bbox 211 667 1896 746; baseline 0.007 -29"><span class='ocrx_word' id='word_1_50' title='bbox 211 669 367 734; x_wconf 87' lang='lat' dir='ltr'>aliquo</span> <span class='ocrx_word' id='word_1_51' title='bbox 385 667 562 729; x_wconf 73' lang='lat' dir='ltr'>seculo,</span> <span class='ocrx_word' id='word_1_52' title='bbox 587 669 754 717; x_wconf 84' lang='lat' dir='ltr'>eadem</span> <span class='ocrx_word' id='word_1_53' title='bbox 773 670 976 719; x_wconf 84' lang='lat' dir='ltr'>militant</span> <span class='ocrx_word' id='word_1_54' title='bbox 994 690 1081 737; x_wconf 90' lang='lat' dir='ltr'>pro</span> <span class='ocrx_word' id='word_1_55' title='bbox 1101 675 1230 721; x_wconf 90' lang='lat' dir='ltr'>omni</span> <span class='ocrx_word' id='word_1_56' title='bbox 1257 675 1427 725; x_wconf 88' lang='lat' dir='ltr'>seculo.</span> <span class='ocrx_word' id='word_1_57' title='bbox 1452 679 1664 745; x_wconf 85' lang='lat' dir='ltr'>Alioquin</span> <span class='ocrx_word' id='word_1_58' title='bbox 1687 682 1734 727; x_wconf 89' lang='lat' dir='ltr'>in</span> <span class='ocrx_word' id='word_1_59' title='bbox 1760 683 1896 746; x_wconf 80' lang='lat' dir='ltr'>longe</span> 
     </span>
     <span class='ocr_line' id='line_1_9' title="bbox 211 744 1898 818; baseline 0.008 -26"><span class='ocrx_word' id='word_1_60' title='bbox 211 745 429 793; x_wconf 86' lang='lat' dir='ltr'>deteriori</span> <span class='ocrx_word' id='word_1_61' title='bbox 452 744 718 792; x_wconf 88' lang='lat' dir='ltr'>conditione</span> <span class='ocrx_word' id='word_1_62' title='bbox 749 757 1046 796; x_wconf 84' lang='lat' dir='ltr'>versarentur</span> <span class='ocrx_word' id='word_1_63' title='bbox 1074 749 1287 799; x_wconf 88' lang='lat' dir='ltr'>homines</span> <span class='ocrx_word' id='word_1_64' title='bbox 1316 754 1396 817; x_wconf 89' lang='lat' dir='ltr'>qui</span> <span class='ocrx_word' id='word_1_65' title='bbox 1419 763 1524 818; x_wconf 85' lang='lat' dir='ltr'>post</span> <span class='ocrx_word' id='word_1_66' title='bbox 1546 773 1598 803; x_wconf 88' lang='lat' dir='ltr'>ea</span> <span class='ocrx_word' id='word_1_67' title='bbox 1628 758 1777 805; x_wconf 90' lang='lat' dir='ltr'>secula</span> <span class='ocrx_word' id='word_1_68' title='bbox 1808 759 1898 805; x_wconf 86' lang='lat' dir='ltr'>orti</span> 
     </span>
     <span class='ocr_line' id='line_1_10' title="bbox 210 821 1898 899; baseline 0.007 -30"><span class='ocrx_word' id='word_1_69' title='bbox 210 830 349 881; x_wconf 67' lang='lat' dir='ltr'>sunt,</span> <span class='ocrx_word' id='word_1_70' title='bbox 380 838 523 886; x_wconf 88' lang='lat' dir='ltr'>quam</span> <span class='ocrx_word' id='word_1_71' title='bbox 552 821 647 880; x_wconf 75' lang='lat' dir='ltr'>illi,</span> <span class='ocrx_word' id='word_1_72' title='bbox 680 822 762 885; x_wconf 89' lang='lat' dir='ltr'>qui</span> <span class='ocrx_word' id='word_1_73' title='bbox 800 823 947 871; x_wconf 87' lang='lat' dir='ltr'>vitam</span> <span class='ocrx_word' id='word_1_74' title='bbox 978 824 1206 889; x_wconf 86' lang='lat' dir='ltr'>degerunt</span> <span class='ocrx_word' id='word_1_75' title='bbox 1243 827 1391 876; x_wconf 78' lang='lat' dir='ltr'>tribus</span> <span class='ocrx_word' id='word_1_76' title='bbox 1433 839 1688 895; x_wconf 80' lang='lat' dir='ltr'>quatuorve</span> <span class='ocrx_word' id='word_1_77' title='bbox 1723 835 1898 899; x_wconf 87' lang='lat' dir='ltr'>priori-</span> 
     </span>
     <span class='ocr_line' id='line_1_11' title="bbox 210 896 1901 974; baseline 0.008 -30"><span class='ocrx_word' id='word_1_78' title='bbox 210 897 300 945; x_wconf 86' lang='lat' dir='ltr'>bus</span> <span class='ocrx_word' id='word_1_79' title='bbox 328 897 419 944; x_wconf 82' lang='lat' dir='ltr'>illis</span> <span class='ocrx_word' id='word_1_80' title='bbox 442 896 590 944; x_wconf 86' lang='lat' dir='ltr'>beatis</span> <span class='ocrx_word' id='word_1_81' title='bbox 614 897 805 956; x_wconf 71' lang='lat' dir='ltr'>seculis3</span> <span class='ocrx_word' id='word_1_82' title='bbox 836 899 976 965; x_wconf 86' lang='lat' dir='ltr'>idque</span> <span class='ocrx_word' id='word_1_83' title='bbox 1009 900 1182 967; x_wconf 80' lang='lat' dir='ltr'>absque</span> <span class='ocrx_word' id='word_1_84' title='bbox 1206 903 1299 950; x_wconf 85' lang='lat' dir='ltr'>ullo</span> <span class='ocrx_word' id='word_1_85' title='bbox 1331 922 1491 952; x_wconf 85' lang='lat' dir='ltr'>eorum</span> <span class='ocrx_word' id='word_1_86' title='bbox 1522 908 1715 968; x_wconf 64' lang='lat' dir='ltr'>merito,</span> <span class='ocrx_word' id='word_1_87' title='bbox 1736 909 1901 974; x_wconf 90' lang='lat' dir='ltr'>quibus</span> 
     </span>
     <span class='ocr_line' id='line_1_12' title="bbox 210 973 1901 1050; baseline 0.008 -31"><span class='ocrx_word' id='word_1_88' title='bbox 210 974 353 1039; x_wconf 82' lang='lat' dir='ltr'>priori</span> <span class='ocrx_word' id='word_1_89' title='bbox 376 973 454 1019; x_wconf 87' lang='lat' dir='ltr'>illa</span> <span class='ocrx_word' id='word_1_90' title='bbox 473 981 607 1019; x_wconf 84' lang='lat' dir='ltr'>aetate</span> <span class='ocrx_word' id='word_1_91' title='bbox 626 974 783 1021; x_wconf 87' lang='lat' dir='ltr'>vivere</span> <span class='ocrx_word' id='word_1_92' title='bbox 797 976 1009 1038; x_wconf 83' lang='lat' dir='ltr'>contigit,</span> <span class='ocrx_word' id='word_1_93' title='bbox 1030 986 1077 1023; x_wconf 86' lang='lat' dir='ltr'>et</span> <span class='ocrx_word' id='word_1_94' title='bbox 1094 977 1268 1043; x_wconf 84' lang='lat' dir='ltr'><strong>absque</strong></span> <span class='ocrx_word' id='word_1_95' title='bbox 1288 980 1422 1045; x_wconf 90' lang='lat' dir='ltr'>culpa</span> <span class='ocrx_word' id='word_1_96' title='bbox 1441 999 1603 1030; x_wconf 88' lang='lat' dir='ltr'>eorum</span> <span class='ocrx_word' id='word_1_97' title='bbox 1617 1020 1629 1042; x_wconf 73' lang='grc'><em>,</em></span> <span class='ocrx_word' id='word_1_98' title='bbox 1645 984 1723 1049; x_wconf 89' lang='lat' dir='ltr'>qui</span> <span class='ocrx_word' id='word_1_99' title='bbox 1744 993 1901 1050; x_wconf 88' lang='lat' dir='ltr'>postea</span> 
     </span>
     <span class='ocr_line' id='line_1_13' title="bbox 215 1047 1899 1121; baseline 0.007 -25"><span class='ocrx_word' id='word_1_100' title='bbox 215 1050 316 1096; x_wconf 83' lang='lat' dir='ltr'>nati</span> <span class='ocrx_word' id='word_1_101' title='bbox 348 1056 476 1096; x_wconf 83' lang='lat' dir='ltr'>sunt.</span> <span class='ocrx_word' id='word_1_102' title='bbox 499 1047 634 1106; x_wconf 85' lang='lat' dir='ltr'>Quod</span> <span class='ocrx_word' id='word_1_103' title='bbox 658 1066 800 1114; x_wconf 87' lang='lat' dir='ltr'>quam</span> <span class='ocrx_word' id='word_1_104' title='bbox 823 1049 1052 1099; x_wconf 88' lang='lat' dir='ltr'>absonum</span> <span class='ocrx_word' id='word_1_105' title='bbox 1071 1053 1130 1099; x_wconf 87' lang='lat' dir='ltr'>sit</span> <span class='ocrx_word' id='word_1_106' title='bbox 1151 1063 1198 1101; x_wconf 85' lang='lat' dir='ltr'>et</span> <span class='ocrx_word' id='word_1_107' title='bbox 1217 1072 1242 1101; x_wconf 87' lang='lat' dir='ltr'>a</span> <span class='ocrx_word' id='word_1_108' title='bbox 1272 1055 1432 1104; x_wconf 86' lang='lat' dir='ltr'>divina</span> <span class='ocrx_word' id='word_1_109' title='bbox 1461 1058 1633 1121; x_wconf 87' lang='lat' dir='ltr'>pietate</span> <span class='ocrx_word' id='word_1_110' title='bbox 1665 1059 1870 1107; x_wconf 86' lang='lat' dir='ltr'>alienum</span> <span class='ocrx_word' id='word_1_111' title='bbox 1886 1097 1899 1117; x_wconf 71' lang='lat'><em>‚</em></span> 
     </span>
     <span class='ocr_line' id='line_1_14' title="bbox 212 1125 1902 1196; baseline 0.007 -24"><span class='ocrx_word' id='word_1_112' title='bbox 212 1142 353 1172; x_wconf 89' lang='lat' dir='ltr'>nemo</span> <span class='ocrx_word' id='word_1_113' title='bbox 376 1133 446 1171; x_wconf 86' lang='lat' dir='ltr'>est</span> <span class='ocrx_word' id='word_1_114' title='bbox 474 1125 552 1188; x_wconf 89' lang='lat' dir='ltr'>qui</span> <span class='ocrx_word' id='word_1_115' title='bbox 573 1142 669 1171; x_wconf 91' lang='lat' dir='ltr'>non</span> <span class='ocrx_word' id='word_1_116' title='bbox 702 1125 872 1173; x_wconf 88' lang='lat' dir='ltr'>videat.</span> <span class='ocrx_word' id='word_1_117' title='bbox 907 1127 1050 1175; x_wconf 83' lang='lat' dir='ltr'>Primi</span> <span class='ocrx_word' id='word_1_118' title='bbox 1074 1129 1199 1176; x_wconf 89' lang='lat' dir='ltr'>enim</span> <span class='ocrx_word' id='word_1_119' title='bbox 1228 1131 1339 1178; x_wconf 87' lang='lat' dir='ltr'>certi</span> <span class='ocrx_word' id='word_1_120' title='bbox 1367 1133 1559 1179; x_wconf 89' lang='lat' dir='ltr'>omnino</span> <span class='ocrx_word' id='word_1_121' title='bbox 1594 1135 1788 1183; x_wconf 80' lang='lat' dir='ltr'>fuissent:</span> <span class='ocrx_word' id='word_1_122' title='bbox 1809 1174 1821 1196; x_wconf 65' lang='lat'>7</span> <span class='ocrx_word' id='word_1_123' title='bbox 1854 1154 1902 1183; x_wconf 88' lang='lat' dir='ltr'>se</span> 
     </span>
     <span class='ocr_line' id='line_1_15' title="bbox 212 1201 1901 1268; baseline 0.005 -19"><span class='ocrx_word' id='word_1_124' title='bbox 212 1211 374 1249; x_wconf 86' lang='lat' dir='ltr'>tenere</span> <span class='ocrx_word' id='word_1_125' title='bbox 403 1201 652 1249; x_wconf 84' lang='lat' dir='ltr'>veritatem</span> <span class='ocrx_word' id='word_1_126' title='bbox 687 1201 911 1249; x_wconf 86' lang='lat' dir='ltr'>divinitus</span> <span class='ocrx_word' id='word_1_127' title='bbox 942 1203 1190 1263; x_wconf 74' lang='lat' dir='ltr'>traditam3</span> <span class='ocrx_word' id='word_1_128' title='bbox 1228 1207 1342 1253; x_wconf 87' lang='lat' dir='ltr'>certi</span> <span class='ocrx_word' id='word_1_129' title='bbox 1376 1208 1592 1268; x_wconf 87' lang='lat' dir='ltr'>fuissent,</span> <span class='ocrx_word' id='word_1_130' title='bbox 1625 1227 1672 1255; x_wconf 88' lang='lat' dir='ltr'>se</span> <span class='ocrx_word' id='word_1_131' title='bbox 1708 1211 1756 1257; x_wconf 89' lang='lat' dir='ltr'>in</span> <span class='ocrx_word' id='word_1_132' title='bbox 1793 1229 1901 1261; x_wconf 87' lang='lat' dir='ltr'>vera</span> 
     </span>
     <span class='ocr_line' id='line_1_16' title="bbox 214 1276 1902 1344; baseline 0.005 -19"><span class='ocrx_word' id='word_1_133' title='bbox 214 1294 313 1325; x_wconf 89' lang='lat' dir='ltr'>esse</span> <span class='ocrx_word' id='word_1_134' title='bbox 335 1286 382 1323; x_wconf 89' lang='lat' dir='ltr'>et</span> <span class='ocrx_word' id='word_1_135' title='bbox 413 1277 546 1322; x_wconf 88' lang='lat' dir='ltr'>unica</span> <span class='ocrx_word' id='word_1_136' title='bbox 574 1276 734 1324; x_wconf 87' lang='lat' dir='ltr'>salutis</span> <span class='ocrx_word' id='word_1_137' title='bbox 767 1277 864 1337; x_wconf 70' lang='lat' dir='ltr'>via,</span> <span class='ocrx_word' id='word_1_138' title='bbox 893 1279 1114 1344; x_wconf 85' lang='lat' dir='ltr'>quamdiu</span> <span class='ocrx_word' id='word_1_139' title='bbox 1145 1297 1251 1328; x_wconf 89' lang='lat' dir='ltr'>cum</span> <span class='ocrx_word' id='word_1_140' title='bbox 1274 1282 1466 1330; x_wconf 83' lang='lat' dir='ltr'>Ecclesia</span> <span class='ocrx_word' id='word_1_141' title='bbox 1499 1284 1771 1344; x_wconf 71' lang='lat' dir='ltr'>crederent3</span> <span class='ocrx_word' id='word_1_142' title='bbox 1804 1305 1902 1333; x_wconf 83' lang='lat' dir='ltr'>non</span> 
     </span>
     <span class='ocr_line' id='line_1_17' title="bbox 213 1351 1903 1423; baseline 0.007 -25"><span class='ocrx_word' id='word_1_143' title='bbox 213 1353 473 1419; x_wconf 86' lang='lat' dir='ltr'>potuissent</span> <span class='ocrx_word' id='word_1_144' title='bbox 495 1353 625 1399; x_wconf 86' lang='lat' dir='ltr'>omni</span> <span class='ocrx_word' id='word_1_145' title='bbox 653 1351 876 1401; x_wconf 82' lang='lat' dir='ltr'>doctrinae</span> <span class='ocrx_word' id='word_1_146' title='bbox 911 1364 1051 1404; x_wconf 86' lang='lat' dir='ltr'>vento</span> <span class='ocrx_word' id='word_1_147' title='bbox 1083 1358 1273 1418; x_wconf 67' lang='lat' dir='ltr'>jactari,</span> <span class='ocrx_word' id='word_1_148' title='bbox 1320 1368 1400 1405; x_wconf 82' lang='lat' dir='ltr'>aut</span> <span class='ocrx_word' id='word_1_149' title='bbox 1433 1360 1721 1423; x_wconf 78' lang='lat' dir='ltr'>naufragium</span> <span class='ocrx_word' id='word_1_150' title='bbox 1756 1363 1903 1409; x_wconf 86' lang='lat' dir='ltr'>facere</span> 
     </span>
     <span class='ocr_line' id='line_1_18' title="bbox 215 1428 1904 1494; baseline 0.005 -19"><span class='ocrx_word' id='word_1_151' title='bbox 215 1429 334 1476; x_wconf 85' lang='lat' dir='ltr'>circa</span> <span class='ocrx_word' id='word_1_152' title='bbox 358 1428 528 1487; x_wconf 76' lang='lat' dir='ltr'>fidem3</span> <span class='ocrx_word' id='word_1_153' title='bbox 556 1437 718 1475; x_wconf 88' lang='lat' dir='ltr'>contra</span> <span class='ocrx_word' id='word_1_154' title='bbox 748 1445 856 1477; x_wconf 89' lang='lat' dir='ltr'>vero</span> <span class='ocrx_word' id='word_1_155' title='bbox 890 1429 1056 1494; x_wconf 84' lang='lat' dir='ltr'>reliqui</span> <span class='ocrx_word' id='word_1_156' title='bbox 1091 1432 1257 1479; x_wconf 83' lang='lat' dir='ltr'>incerti</span> <span class='ocrx_word' id='word_1_157' title='bbox 1285 1434 1334 1479; x_wconf 89' lang='lat' dir='ltr'>in</span> <span class='ocrx_word' id='word_1_158' title='bbox 1374 1433 1446 1481; x_wconf 86' lang='lat' dir='ltr'>his</span> <span class='ocrx_word' id='word_1_159' title='bbox 1475 1435 1692 1482; x_wconf 89' lang='lat' dir='ltr'>omnibus</span> <span class='ocrx_word' id='word_1_160' title='bbox 1730 1437 1904 1485; x_wconf 81' lang='lat' dir='ltr'>haerere</span> 
     </span>
     <span class='ocr_line' id='line_1_19' title="bbox 216 1504 1907 1577; baseline 0.007 -27"><span class='ocrx_word' id='word_1_161' title='bbox 216 1504 468 1562; x_wconf 70' lang='lat' dir='ltr'>deberent,</span> <span class='ocrx_word' id='word_1_162' title='bbox 492 1522 601 1551; x_wconf 90' lang='lat' dir='ltr'>cum</span> <span class='ocrx_word' id='word_1_163' title='bbox 629 1505 790 1551; x_wconf 80' lang='lat' dir='ltr'>aeterni</span> <span class='ocrx_word' id='word_1_164' title='bbox 813 1506 938 1552; x_wconf 80' lang='lat' dir='ltr'>exitii</span> <span class='ocrx_word' id='word_1_165' title='bbox 972 1506 1237 1556; x_wconf 86' lang='lat' dir='ltr'>formidine.</span> <span class='ocrx_word' id='word_1_166' title='bbox 1266 1509 1410 1573; x_wconf 79' lang='lat' dir='ltr'>Igitur</span> <span class='ocrx_word' id='word_1_167' title='bbox 1444 1519 1523 1558; x_wconf 89' lang='lat' dir='ltr'>aut</span> <span class='ocrx_word' id='word_1_168' title='bbox 1548 1529 1794 1577; x_wconf 89' lang='lat' dir='ltr'>nunquam</span> <span class='ocrx_word' id='word_1_169' title='bbox 1830 1514 1907 1560; x_wconf 70' lang='lat' dir='ltr'>Ee·</span> 
     </span>
    </p>
   </div>
   <div class='ocr_carea' id='block_1_5' title="bbox 215 1579 1404 1649">
    <p class='ocr_par' dir='ltr' id='par_1_5' title="bbox 215 1579 1404 1649">
     <span class='ocr_line' id='line_1_20' title="bbox 215 1579 1404 1649; baseline 0.003 -21"><span class='ocrx_word' id='word_1_170' title='bbox 215 1580 350 1628; x_wconf 90' lang='lat' dir='ltr'>clesia</span> <span class='ocrx_word' id='word_1_171' title='bbox 372 1579 627 1628; x_wconf 87' lang='lat' dir='ltr'>infallibilis</span> <span class='ocrx_word' id='word_1_172' title='bbox 651 1580 765 1642; x_wconf 80' lang='lat' dir='ltr'>fuit,</span> <span class='ocrx_word' id='word_1_173' title='bbox 798 1590 880 1629; x_wconf 88' lang='lat' dir='ltr'>aut</span> <span class='ocrx_word' id='word_1_174' title='bbox 903 1581 1007 1629; x_wconf 86' lang='lat' dir='ltr'>talis</span> <span class='ocrx_word' id='word_1_175' title='bbox 1026 1600 1209 1649; x_wconf 82' lang='lat' dir='ltr'>semper</span> <span class='ocrx_word' id='word_1_176' title='bbox 1227 1594 1298 1633; x_wconf 90' lang='lat' dir='ltr'>est</span> <span class='ocrx_word' id='word_1_177' title='bbox 1314 1584 1404 1649; x_wconf 82' lang='lat' dir='ltr'><strong>(l).</strong></span> 
     </span>
    </p>
   </div>
   <div class='ocr_carea' id='block_1_6' title="bbox 218 1792 1029 3022">
    <p class='ocr_par' dir='ltr' id='par_1_6' title="bbox 218 1792 1029 3022">
     <span class='ocr_line' id='line_1_21' title="bbox 275 1792 1028 1844; baseline 0.004 -15"><span class='ocrx_word' id='word_1_178' title='bbox 275 1792 329 1843; x_wconf 84' lang='lat' dir='ltr'>(l)</span> <span class='ocrx_word' id='word_1_179' title='bbox 354 1792 408 1831; x_wconf 84' lang='lat' dir='ltr'>Ex</span> <span class='ocrx_word' id='word_1_180' title='bbox 434 1792 492 1830; x_wconf 88' lang='lat' dir='ltr'>his</span> <span class='ocrx_word' id='word_1_181' title='bbox 512 1799 632 1844; x_wconf 82' lang='lat' dir='ltr'>patet,</span> <span class='ocrx_word' id='word_1_182' title='bbox 661 1806 773 1844; x_wconf 87' lang='lat' dir='ltr'>quam</span> <span class='ocrx_word' id='word_1_183' title='bbox 793 1792 951 1831; x_wconf 84' lang='lat' dir='ltr'>absurda</span> <span class='ocrx_word' id='word_1_184' title='bbox 982 1795 1028 1832; x_wconf 90' lang='lat' dir='ltr'>sit</span> 
     </span>
     <span class='ocr_line' id='line_1_22' title="bbox 218 1858 1028 1912; baseline 0.001 -15"><span class='ocrx_word' id='word_1_185' title='bbox 218 1858 369 1897; x_wconf 89' lang='lat' dir='ltr'>illorum</span> <span class='ocrx_word' id='word_1_186' title='bbox 393 1866 613 1896; x_wconf 85' lang='lat' dir='ltr'>novatorum</span> <span class='ocrx_word' id='word_1_187' title='bbox 639 1860 841 1906; x_wconf 85' lang='lat' dir='ltr'>sententia,</span> <span class='ocrx_word' id='word_1_188' title='bbox 869 1874 942 1912; x_wconf 84' lang='lat' dir='ltr'>qua</span> <span class='ocrx_word' id='word_1_189' title='bbox 958 1868 1028 1899; x_wconf 88' lang='lat' dir='ltr'>sta—</span> 
     </span>
     <span class='ocr_line' id='line_1_23' title="bbox 218 1924 1027 1976; baseline 0.002 -15"><span class='ocrx_word' id='word_1_190' title='bbox 218 1932 342 1968; x_wconf 80' lang='lat' dir='ltr'>tuunt,</span> <span class='ocrx_word' id='word_1_191' title='bbox 353 1924 540 1962; x_wconf 90' lang='lat' dir='ltr'>ecclesiam</span> <span class='ocrx_word' id='word_1_192' title='bbox 549 1924 842 1971; x_wconf 84' lang='lat' dir='ltr'>immaculatam,</span> <span class='ocrx_word' id='word_1_193' title='bbox 852 1938 895 1963; x_wconf 86' lang='lat' dir='ltr'>ac</span> <span class='ocrx_word' id='word_1_194' title='bbox 903 1926 1027 1976; x_wconf 90' lang='lat' dir='ltr'>proin—</span> 
     </span>
     <span class='ocr_line' id='line_1_24' title="bbox 219 1987 1028 2042; baseline 0.002 -16"><span class='ocrx_word' id='word_1_195' title='bbox 219 1989 265 2026; x_wconf 88' lang='lat' dir='ltr'>de</span> <span class='ocrx_word' id='word_1_196' title='bbox 306 1987 542 2027; x_wconf 85' lang='lat' dir='ltr'>infallibilem</span> <span class='ocrx_word' id='word_1_197' title='bbox 587 1991 784 2040; x_wconf 85' lang='lat' dir='ltr'>perstitisse</span> <span class='ocrx_word' id='word_1_198' title='bbox 823 2004 940 2042; x_wconf 89' lang='lat' dir='ltr'>usque</span> <span class='ocrx_word' id='word_1_199' title='bbox 980 1990 1028 2028; x_wconf 86' lang='lat' dir='ltr'>ad</span> 
     </span>
     <span class='ocr_line' id='line_1_25' title="bbox 218 2054 1028 2107; baseline 0.001 -15"><span class='ocrx_word' id='word_1_200' title='bbox 218 2054 369 2093; x_wconf 79' lang='lat' dir='ltr'>tertium</span> <span class='ocrx_word' id='word_1_201' title='bbox 403 2057 468 2093; x_wconf 81' lang='lat' dir='ltr'>aut</span> <span class='ocrx_word' id='word_1_202' title='bbox 494 2063 669 2107; x_wconf 90' lang='lat' dir='ltr'>quartum</span> <span class='ocrx_word' id='word_1_203' title='bbox 699 2055 882 2102; x_wconf 88' lang='lat' dir='ltr'>seculum,</span> <span class='ocrx_word' id='word_1_204' title='bbox 911 2057 962 2093; x_wconf 84' lang='lat' dir='ltr'>ita</span> <span class='ocrx_word' id='word_1_205' title='bbox 987 2063 1028 2093; x_wconf 89' lang='lat' dir='ltr'>ut</span> 
     </span>
     <span class='ocr_line' id='line_1_26' title="bbox 220 2120 1028 2158; baseline 0.001 -1"><span class='ocrx_word' id='word_1_206' title='bbox 220 2132 347 2157; x_wconf 88' lang='lat' dir='ltr'>omnes</span> <span class='ocrx_word' id='word_1_207' title='bbox 358 2122 611 2157; x_wconf 81' lang='lat' dir='ltr'>controversiae</span> <span class='ocrx_word' id='word_1_208' title='bbox 623 2121 696 2157; x_wconf 85' lang='lat' dir='ltr'>sint</span> <span class='ocrx_word' id='word_1_209' title='bbox 706 2120 752 2157; x_wconf 85' lang='lat' dir='ltr'>ad</span> <span class='ocrx_word' id='word_1_210' title='bbox 765 2120 866 2157; x_wconf 80' lang='lat' dir='ltr'>illam</span> <span class='ocrx_word' id='word_1_211' title='bbox 881 2120 1028 2158; x_wconf 80' lang='lat' dir='ltr'>beatam</span> 
     </span>
     <span class='ocr_line' id='line_1_27' title="bbox 219 2185 1029 2237; baseline -0.001 -13"><span class='ocrx_word' id='word_1_212' title='bbox 219 2185 395 2237; x_wconf 87' lang='lat' dir='ltr'>epocham</span> <span class='ocrx_word' id='word_1_213' title='bbox 406 2186 635 2224; x_wconf 77' lang='lat' dir='ltr'>revocandae.</span> <span class='ocrx_word' id='word_1_214' title='bbox 647 2185 746 2223; x_wconf 87' lang='lat' dir='ltr'>Dum</span> <span class='ocrx_word' id='word_1_215' title='bbox 759 2186 837 2222; x_wconf 82' lang='lat' dir='ltr'>haeo</span> <span class='ocrx_word' id='word_1_216' title='bbox 850 2193 1029 2237; x_wconf 75' lang='lat' dir='ltr'>oggerum:</span> 
     </span>
     <span class='ocr_line' id='line_1_28' title="bbox 218 2249 1027 2302; baseline 0 -13"><span class='ocrx_word' id='word_1_217' title='bbox 218 2258 436 2299; x_wconf 81' lang='lat' dir='ltr'>novatores,</span> <span class='ocrx_word' id='word_1_218' title='bbox 457 2251 619 2302; x_wconf 89' lang='lat' dir='ltr'>profecto</span> <span class='ocrx_word' id='word_1_219' title='bbox 650 2265 726 2288; x_wconf 90' lang='lat' dir='ltr'>non</span> <span class='ocrx_word' id='word_1_220' title='bbox 762 2249 959 2288; x_wconf 86' lang='lat' dir='ltr'>attendunt</span> <span class='ocrx_word' id='word_1_221' title='bbox 982 2251 1027 2289; x_wconf 91' lang='lat' dir='ltr'>ad</span> 
     </span>
     <span class='ocr_line' id='line_1_29' title="bbox 220 2314 1028 2365; baseline -0.001 -12"><span class='ocrx_word' id='word_1_222' title='bbox 220 2315 424 2355; x_wconf 88' lang='lat' dir='ltr'>solemnem</span> <span class='ocrx_word' id='word_1_223' title='bbox 444 2329 487 2354; x_wconf 87' lang='lat' dir='ltr'>ac</span> <span class='ocrx_word' id='word_1_224' title='bbox 508 2315 739 2354; x_wconf 87' lang='lat' dir='ltr'>indefinitam</span> <span class='ocrx_word' id='word_1_225' title='bbox 754 2314 852 2353; x_wconf 83' lang='lat' dir='ltr'>illam</span> <span class='ocrx_word' id='word_1_226' title='bbox 870 2316 1028 2365; x_wconf 87' lang='lat' dir='ltr'>promis—</span> 
     </span>
     <span class='ocr_line' id='line_1_30' title="bbox 221 2379 1029 2432; baseline -0.001 -14"><span class='ocrx_word' id='word_1_227' title='bbox 221 2383 361 2420; x_wconf 82' lang='lat' dir='ltr'>sionem</span> <span class='ocrx_word' id='word_1_228' title='bbox 377 2412 388 2430; x_wconf 82' lang='lat'>,</span> <span class='ocrx_word' id='word_1_229' title='bbox 425 2396 538 2432; x_wconf 84' lang='lat' dir='ltr'>quam</span> <span class='ocrx_word' id='word_1_230' title='bbox 560 2381 728 2420; x_wconf 88' lang='lat' dir='ltr'>Christus</span> <span class='ocrx_word' id='word_1_231' title='bbox 749 2382 835 2419; x_wconf 84' lang='lat' dir='ltr'>fecit</span> <span class='ocrx_word' id='word_1_232' title='bbox 859 2379 1029 2418; x_wconf 84' lang='lat' dir='ltr'>Ecclesiae</span> 
     </span>
     <span class='ocr_line' id='line_1_31' title="bbox 219 2445 1028 2497; baseline 0 -14"><span class='ocrx_word' id='word_1_233' title='bbox 219 2448 260 2484; x_wconf 88' lang='lat' dir='ltr'>in</span> <span class='ocrx_word' id='word_1_234' title='bbox 278 2446 458 2497; x_wconf 83' lang='lat' dir='ltr'>Apostolis</span> <span class='ocrx_word' id='word_1_235' title='bbox 470 2450 559 2495; x_wconf 85' lang='lat' dir='ltr'>suis,</span> <span class='ocrx_word' id='word_1_236' title='bbox 581 2447 708 2485; x_wconf 88' lang='lat' dir='ltr'>dicens</span> <span class='ocrx_word' id='word_1_237' title='bbox 728 2461 738 2484; x_wconf 72' lang='grc' dir='ltr'><strong><em>ε</em></strong></span> <span class='ocrx_word' id='word_1_238' title='bbox 755 2445 869 2493; x_wconf 84' lang='lat' dir='ltr'>Ecce,</span> <span class='ocrx_word' id='word_1_239' title='bbox 889 2460 953 2497; x_wconf 79' lang='lat' dir='ltr'>eqo</span> <span class='ocrx_word' id='word_1_240' title='bbox 966 2460 1028 2484; x_wconf 85' lang='lat' dir='ltr'>vo-</span> 
     </span>
     <span class='ocr_line' id='line_1_32' title="bbox 219 2509 1029 2563; baseline 0.001 -14"><span class='ocrx_word' id='word_1_241' title='bbox 219 2509 365 2549; x_wconf 77' lang='lat' dir='ltr'>hiscum</span> <span class='ocrx_word' id='word_1_242' title='bbox 390 2524 476 2549; x_wconf 82' lang='lat' dir='ltr'>sum</span> <span class='ocrx_word' id='word_1_243' title='bbox 499 2511 743 2563; x_wconf 82' lang='lat' dir='ltr'>(docentibus</span> <span class='ocrx_word' id='word_1_244' title='bbox 774 2518 810 2549; x_wconf 90' lang='lat' dir='ltr'>et</span> <span class='ocrx_word' id='word_1_245' title='bbox 840 2510 1029 2562; x_wconf 87' lang='lat' dir='ltr'>baptizan-</span> 
     </span>
     <span class='ocr_line' id='line_1_33' title="bbox 219 2574 1026 2627; baseline 0.001 -14"><span class='ocrx_word' id='word_1_246' title='bbox 219 2574 340 2624; x_wconf 81' lang='lat' dir='ltr'>tibus)</span> <span class='ocrx_word' id='word_1_247' title='bbox 368 2589 484 2627; x_wconf 78' lang='lat' dir='ltr'>usque</span> <span class='ocrx_word' id='word_1_248' title='bbox 514 2576 567 2614; x_wconf 81' lang='lat' dir='ltr'>ad</span> <span class='ocrx_word' id='word_1_249' title='bbox 581 2576 945 2614; x_wconf 76' lang='lat' dir='ltr'>consummationem</span> <span class='ocrx_word' id='word_1_250' title='bbox 962 2590 1026 2614; x_wconf 76' lang='grc' dir='ltr'>εω-</span> 
     </span>
     <span class='ocr_line' id='line_1_34' title="bbox 219 2639 1025 2693; baseline 0.004 -15"><span class='ocrx_word' id='word_1_251' title='bbox 219 2639 299 2678; x_wconf 78' lang='lat' dir='ltr'>culi</span> <span class='ocrx_word' id='word_1_252' title='bbox 313 2655 331 2689; x_wconf 93' lang='lat'><em>;</em></span> <span class='ocrx_word' id='word_1_253' title='bbox 358 2654 481 2693; x_wconf 89' lang='lat' dir='ltr'>neque</span> <span class='ocrx_word' id='word_1_254' title='bbox 504 2641 698 2679; x_wconf 87' lang='lat' dir='ltr'>attendunt</span> <span class='ocrx_word' id='word_1_255' title='bbox 728 2641 773 2679; x_wconf 86' lang='lat' dir='ltr'>ad</span> <span class='ocrx_word' id='word_1_256' title='bbox 801 2655 925 2692; x_wconf 85' lang='lat' dir='ltr'>parem</span> <span class='ocrx_word' id='word_1_257' title='bbox 962 2656 1025 2681; x_wconf 83' lang='lat' dir='ltr'>ex-</span> 
     </span>
     <span class='ocr_line' id='line_1_35' title="bbox 221 2706 1025 2761; baseline 0.001 -16"><span class='ocrx_word' id='word_1_258' title='bbox 221 2708 452 2757; x_wconf 76' lang='lat' dir='ltr'>ceptionem,</span> <span class='ocrx_word' id='word_1_259' title='bbox 489 2720 603 2758; x_wconf 89' lang='lat' dir='ltr'>quam</span> <span class='ocrx_word' id='word_1_260' title='bbox 634 2706 754 2744; x_wconf 86' lang='lat' dir='ltr'>facere</span> <span class='ocrx_word' id='word_1_261' title='bbox 787 2706 916 2745; x_wconf 87' lang='lat' dir='ltr'>eodem</span> <span class='ocrx_word' id='word_1_262' title='bbox 942 2708 1025 2761; x_wconf 87' lang='lat' dir='ltr'>jure</span> 
     </span>
     <span class='ocr_line' id='line_1_36' title="bbox 218 2771 1024 2823; baseline 0.004 -15"><span class='ocrx_word' id='word_1_263' title='bbox 218 2773 420 2823; x_wconf 86' lang='lat' dir='ltr'>potuissent</span> <span class='ocrx_word' id='word_1_264' title='bbox 440 2771 590 2822; x_wconf 74' lang='lat' dir='ltr'>singulae</span> <span class='ocrx_word' id='word_1_265' title='bbox 618 2780 724 2810; x_wconf 81' lang='lat' dir='ltr'>sectae</span> <span class='ocrx_word' id='word_1_266' title='bbox 741 2801 752 2819; x_wconf 88' lang='lat'><strong>‚</strong></span> <span class='ocrx_word' id='word_1_267' title='bbox 773 2785 859 2809; x_wconf 90' lang='lat' dir='ltr'>cum</span> <span class='ocrx_word' id='word_1_268' title='bbox 886 2772 931 2810; x_wconf 89' lang='lat' dir='ltr'>ab</span> <span class='ocrx_word' id='word_1_269' title='bbox 952 2772 1024 2811; x_wconf 90' lang='lat' dir='ltr'>Ec-</span> 
     </span>
     <span class='ocr_line' id='line_1_37' title="bbox 219 2836 1021 2876; baseline 0 0"><span class='ocrx_word' id='word_1_270' title='bbox 219 2837 328 2876; x_wconf 88' lang='lat' dir='ltr'>clesia</span> <span class='ocrx_word' id='word_1_271' title='bbox 353 2837 531 2875; x_wconf 72' lang='lat' dir='ltr'>damnatae</span> <span class='ocrx_word' id='word_1_272' title='bbox 550 2840 653 2875; x_wconf 83' lang='lat' dir='ltr'>sunt.</span> <span class='ocrx_word' id='word_1_273' title='bbox 689 2836 815 2876; x_wconf 84' lang='lat' dir='ltr'>Ariani</span> <span class='ocrx_word' id='word_1_274' title='bbox 838 2839 936 2876; x_wconf 89' lang='lat' dir='ltr'>enim</span> <span class='ocrx_word' id='word_1_275' title='bbox 956 2851 1021 2876; x_wconf 88' lang='lat' dir='ltr'>ex-</span> 
     </span>
     <span class='ocr_line' id='line_1_38' title="bbox 222 2901 1024 2954; baseline 0.001 -13"><span class='ocrx_word' id='word_1_276' title='bbox 222 2904 342 2954; x_wconf 88' lang='lat' dir='ltr'>cipere</span> <span class='ocrx_word' id='word_1_277' title='bbox 365 2904 588 2954; x_wconf 80' lang='lat' dir='ltr'>potuissent,</span> <span class='ocrx_word' id='word_1_278' title='bbox 625 2901 825 2949; x_wconf 77' lang='lat' dir='ltr'>Ecclesiam</span> <span class='ocrx_word' id='word_1_279' title='bbox 848 2903 1024 2942; x_wconf 86' lang='lat' dir='ltr'>infallibi-</span> 
     </span>
     <span class='ocr_line' id='line_1_39' title="bbox 219 2967 1024 3022; baseline 0.001 -16"><span class='ocrx_word' id='word_1_280' title='bbox 219 2967 295 3007; x_wconf 87' lang='lat' dir='ltr'>lem</span> <span class='ocrx_word' id='word_1_281' title='bbox 310 2969 504 3020; x_wconf 79' lang='lat' dir='ltr'>perstitisse</span> <span class='ocrx_word' id='word_1_282' title='bbox 515 2982 631 3022; x_wconf 86' lang='lat' dir='ltr'>usque</span> <span class='ocrx_word' id='word_1_283' title='bbox 649 2968 695 3008; x_wconf 89' lang='lat' dir='ltr'>ad</span> <span class='ocrx_word' id='word_1_284' title='bbox 714 2982 788 3008; x_wconf 84' lang='lat' dir='ltr'>sec.</span> <span class='ocrx_word' id='word_1_285' title='bbox 811 2976 880 3020; x_wconf 77' lang='lat'>¹¹¹5</span> <span class='ocrx_word' id='word_1_286' title='bbox 904 2968 1024 3008; x_wconf 87' lang='lat' dir='ltr'>Mani-</span> 
     </span>
    </p>
   </div>
   <div class='ocr_carea' id='block_1_7' title="bbox 1088 1794 1924 3019">
    <p class='ocr_par' dir='ltr' id='par_1_7' title="bbox 1088 1794 1924 3019">
     <span class='ocr_line' id='line_1_40' title="bbox 1094 1794 1906 1851; baseline 0.006 -18"><span class='ocrx_word' id='word_1_287' title='bbox 1094 1794 1183 1833; x_wconf 84' lang='lat' dir='ltr'>chaei</span> <span class='ocrx_word' id='word_1_288' title='bbox 1208 1810 1326 1849; x_wconf 85' lang='lat' dir='ltr'>usque</span> <span class='ocrx_word' id='word_1_289' title='bbox 1351 1797 1398 1835; x_wconf 86' lang='lat' dir='ltr'>ad</span> <span class='ocrx_word' id='word_1_290' title='bbox 1421 1810 1492 1836; x_wconf 86' lang='lat' dir='ltr'>see.</span> <span class='ocrx_word' id='word_1_291' title='bbox 1523 1796 1575 1849; x_wconf 79' lang='lat' dir='ltr'>i13</span> <span class='ocrx_word' id='word_1_292' title='bbox 1601 1796 1766 1836; x_wconf 79' lang='lat' dir='ltr'>Gnostici</span> <span class='ocrx_word' id='word_1_293' title='bbox 1788 1811 1906 1851; x_wconf 88' lang='lat' dir='ltr'>usque</span> 
     </span>
     <span class='ocr_line' id='line_1_41' title="bbox 1092 1860 1904 1915; baseline 0.005 -17"><span class='ocrx_word' id='word_1_294' title='bbox 1092 1861 1140 1899; x_wconf 91' lang='lat' dir='ltr'>ad</span> <span class='ocrx_word' id='word_1_295' title='bbox 1163 1875 1237 1900; x_wconf 89' lang='lat' dir='ltr'>sec.</span> <span class='ocrx_word' id='word_1_296' title='bbox 1256 1875 1296 1912; x_wconf 82' lang='lat'>13</span> <span class='ocrx_word' id='word_1_297' title='bbox 1321 1861 1467 1902; x_wconf 82' lang='lat' dir='ltr'>Docetae</span> <span class='ocrx_word' id='word_1_298' title='bbox 1490 1860 1670 1915; x_wconf 85' lang='lat' dir='ltr'>ejusmodi</span> <span class='ocrx_word' id='word_1_299' title='bbox 1696 1864 1904 1902; x_wconf 84' lang='lat' dir='ltr'>infallibili·</span> 
     </span>
     <span class='ocr_line' id='line_1_42' title="bbox 1092 1928 1909 1980; baseline 0.007 -18"><span class='ocrx_word' id='word_1_300' title='bbox 1092 1933 1205 1964; x_wconf 83' lang='lat' dir='ltr'>tatem</span> <span class='ocrx_word' id='word_1_301' title='bbox 1229 1929 1374 1979; x_wconf 86' lang='lat' dir='ltr'>periisse</span> <span class='ocrx_word' id='word_1_302' title='bbox 1389 1942 1477 1967; x_wconf 90' lang='lat' dir='ltr'>cum</span> <span class='ocrx_word' id='word_1_303' title='bbox 1500 1928 1679 1980; x_wconf 86' lang='lat' dir='ltr'>Apostolis</span> <span class='ocrx_word' id='word_1_304' title='bbox 1695 1959 1706 1977; x_wconf 83' lang='lat'>,</span> <span class='ocrx_word' id='word_1_305' title='bbox 1729 1931 1803 1968; x_wconf 89' lang='lat' dir='ltr'>imo</span> <span class='ocrx_word' id='word_1_306' title='bbox 1823 1943 1909 1968; x_wconf 89' lang='lat' dir='ltr'>cum</span> 
     </span>
     <span class='ocr_line' id='line_1_43' title="bbox 1094 1991 1907 2045; baseline 0.005 -16"><span class='ocrx_word' id='word_1_307' title='bbox 1094 1991 1256 2040; x_wconf 81' lang='lat' dir='ltr'>Christo,</span> <span class='ocrx_word' id='word_1_308' title='bbox 1269 2001 1378 2044; x_wconf 87' lang='lat' dir='ltr'>prout</span> <span class='ocrx_word' id='word_1_309' title='bbox 1393 1996 1508 2045; x_wconf 84' lang='lat' dir='ltr'>reipsa</span> <span class='ocrx_word' id='word_1_310' title='bbox 1523 1994 1682 2032; x_wconf 88' lang='lat' dir='ltr'>vidimus</span> <span class='ocrx_word' id='word_1_311' title='bbox 1699 1992 1907 2042; x_wconf 84' lang='lat' dir='ltr'>Gnosticos,</span> 
     </span>
     <span class='ocr_line' id='line_1_44' title="bbox 1094 2054 1907 2107; baseline 0.004 -13"><span class='ocrx_word' id='word_1_312' title='bbox 1094 2054 1248 2095; x_wconf 78' lang='lat' dir='ltr'>testibus</span> <span class='ocrx_word' id='word_1_313' title='bbox 1266 2057 1407 2096; x_wconf 84' lang='lat' dir='ltr'>Irenaeo</span> <span class='ocrx_word' id='word_1_314' title='bbox 1431 2073 1474 2096; x_wconf 88' lang='lat' dir='ltr'>ac</span> <span class='ocrx_word' id='word_1_315' title='bbox 1487 2058 1713 2097; x_wconf 83' lang='lat' dir='ltr'>Tertulliano</span> <span class='ocrx_word' id='word_1_316' title='bbox 1728 2089 1737 2107; x_wconf 89' lang='lat'><strong>‚</strong></span> <span class='ocrx_word' id='word_1_317' title='bbox 1760 2062 1810 2097; x_wconf 86' lang='lat' dir='ltr'>ita</span> <span class='ocrx_word' id='word_1_318' title='bbox 1822 2073 1907 2097; x_wconf 78' lang='lat' dir='ltr'>sen-</span> 
     </span>
     <span class='ocr_line' id='line_1_45' title="bbox 1095 2123 1909 2175; baseline 0.005 -16"><span class='ocrx_word' id='word_1_319' title='bbox 1095 2124 1208 2170; x_wconf 83' lang='lat' dir='ltr'>sisse,</span> <span class='ocrx_word' id='word_1_320' title='bbox 1246 2123 1338 2161; x_wconf 90' lang='lat' dir='ltr'>dum</span> <span class='ocrx_word' id='word_1_321' title='bbox 1376 2137 1414 2162; x_wconf 89' lang='lat' dir='ltr'>se</span> <span class='ocrx_word' id='word_1_322' title='bbox 1439 2123 1622 2174; x_wconf 82' lang='lat' dir='ltr'>Apostolis</span> <span class='ocrx_word' id='word_1_323' title='bbox 1654 2124 1909 2175; x_wconf 84' lang='lat' dir='ltr'>praeferebant.</span> 
     </span>
     <span class='ocr_line' id='line_1_46' title="bbox 1096 2186 1908 2240; baseline 0.005 -16"><span class='ocrx_word' id='word_1_324' title='bbox 1096 2186 1202 2239; x_wconf 81' lang='lat' dir='ltr'>Quod</span> <span class='ocrx_word' id='word_1_325' title='bbox 1240 2190 1270 2226; x_wconf 93' lang='lat' dir='ltr'>si</span> <span class='ocrx_word' id='word_1_326' title='bbox 1299 2188 1410 2226; x_wconf 82' lang='lat' dir='ltr'>semel</span> <span class='ocrx_word' id='word_1_327' title='bbox 1436 2188 1672 2238; x_wconf 80' lang='lat' dir='ltr'>admittatur,</span> <span class='ocrx_word' id='word_1_328' title='bbox 1696 2190 1743 2227; x_wconf 90' lang='lat' dir='ltr'>ad</span> <span class='ocrx_word' id='word_1_329' title='bbox 1764 2198 1908 2240; x_wconf 86' lang='lat' dir='ltr'>tempus</span> 
     </span>
     <span class='ocr_line' id='line_1_47' title="bbox 1095 2252 1907 2302; baseline 0.001 -12"><span class='ocrx_word' id='word_1_330' title='bbox 1095 2252 1298 2293; x_wconf 84' lang='lat' dir='ltr'>Ecclesiam</span> <span class='ocrx_word' id='word_1_331' title='bbox 1309 2253 1568 2292; x_wconf 80' lang='lat' dir='ltr'>infallibilitate</span> <span class='ocrx_word' id='word_1_332' title='bbox 1581 2256 1795 2293; x_wconf 83' lang='lat' dir='ltr'>instructam</span> <span class='ocrx_word' id='word_1_333' title='bbox 1810 2266 1885 2293; x_wconf 83' lang='lat' dir='ltr'>esse</span> <span class='ocrx_word' id='word_1_334' title='bbox 1896 2284 1907 2302; x_wconf 84' lang='lat'>,</span> 
     </span>
     <span class='ocr_line' id='line_1_48' title="bbox 1095 2316 1908 2372; baseline 0.002 -17"><span class='ocrx_word' id='word_1_335' title='bbox 1095 2316 1198 2355; x_wconf 87' lang='lat' dir='ltr'>nulla</span> <span class='ocrx_word' id='word_1_336' title='bbox 1221 2320 1311 2356; x_wconf 82' lang='lat' dir='ltr'>ratio</span> <span class='ocrx_word' id='word_1_337' title='bbox 1334 2320 1507 2369; x_wconf 81' lang='lat' dir='ltr'>assignari</span> <span class='ocrx_word' id='word_1_338' title='bbox 1527 2324 1670 2369; x_wconf 83' lang='lat' dir='ltr'>potest,</span> <span class='ocrx_word' id='word_1_339' title='bbox 1693 2334 1807 2372; x_wconf 86' lang='lat' dir='ltr'>quare</span> <span class='ocrx_word' id='word_1_340' title='bbox 1832 2333 1908 2357; x_wconf 86' lang='lat' dir='ltr'>non</span> 
     </span>
     <span class='ocr_line' id='line_1_49' title="bbox 1096 2382 1909 2435; baseline 0.002 -15"><span class='ocrx_word' id='word_1_341' title='bbox 1096 2382 1142 2420; x_wconf 91' lang='lat' dir='ltr'>sit</span> <span class='ocrx_word' id='word_1_342' title='bbox 1166 2392 1337 2435; x_wconf 87' lang='lat' dir='ltr'>perpetua</span> <span class='ocrx_word' id='word_1_343' title='bbox 1355 2412 1366 2431; x_wconf 91' lang='lat'><em>‚</em></span> <span class='ocrx_word' id='word_1_344' title='bbox 1385 2390 1420 2422; x_wconf 88' lang='lat' dir='ltr'>et</span> <span class='ocrx_word' id='word_1_345' title='bbox 1446 2385 1555 2435; x_wconf 86' lang='lat' dir='ltr'>possit</span> <span class='ocrx_word' id='word_1_346' title='bbox 1571 2393 1634 2422; x_wconf 87' lang='lat' dir='ltr'>aut</span> <span class='ocrx_word' id='word_1_347' title='bbox 1652 2384 1782 2423; x_wconf 89' lang='lat' dir='ltr'>debeat</span> <span class='ocrx_word' id='word_1_348' title='bbox 1807 2397 1909 2422; x_wconf 88' lang='lat' dir='ltr'>coar-</span> 
     </span>
     <span class='ocr_line' id='line_1_50' title="bbox 1095 2449 1903 2502; baseline 0.001 -16"><span class='ocrx_word' id='word_1_349' title='bbox 1095 2449 1182 2486; x_wconf 82' lang='lat' dir='ltr'>ctari</span> <span class='ocrx_word' id='word_1_350' title='bbox 1213 2450 1259 2487; x_wconf 86' lang='lat' dir='ltr'>ad</span> <span class='ocrx_word' id='word_1_351' title='bbox 1280 2463 1398 2488; x_wconf 91' lang='lat' dir='ltr'>unum</span> <span class='ocrx_word' id='word_1_352' title='bbox 1427 2451 1548 2501; x_wconf 91' lang='lat' dir='ltr'>potius</span> <span class='ocrx_word' id='word_1_353' title='bbox 1575 2464 1688 2502; x_wconf 87' lang='lat' dir='ltr'>quam</span> <span class='ocrx_word' id='word_1_354' title='bbox 1725 2450 1773 2488; x_wconf 90' lang='lat' dir='ltr'>ad</span> <span class='ocrx_word' id='word_1_355' title='bbox 1804 2449 1903 2489; x_wconf 86' lang='lat' dir='ltr'>aliud</span> 
     </span>
     <span class='ocr_line' id='line_1_51' title="bbox 1095 2513 1898 2567; baseline 0 -16"><span class='ocrx_word' id='word_1_356' title='bbox 1095 2513 1277 2554; x_wconf 88' lang='lat' dir='ltr'>seculum.</span> <span class='ocrx_word' id='word_1_357' title='bbox 1311 2513 1407 2552; x_wconf 91' lang='lat' dir='ltr'>Cum</span> <span class='ocrx_word' id='word_1_358' title='bbox 1435 2514 1613 2554; x_wconf 87' lang='lat' dir='ltr'>Newman</span> <span class='ocrx_word' id='word_1_359' title='bbox 1630 2545 1641 2563; x_wconf 93' lang='lat'>‚</span> <span class='ocrx_word' id='word_1_360' title='bbox 1670 2530 1731 2567; x_wconf 90' lang='lat' dir='ltr'>op.</span> <span class='ocrx_word' id='word_1_361' title='bbox 1759 2523 1793 2554; x_wconf 92' lang='lat' dir='ltr'>et</span> <span class='ocrx_word' id='word_1_362' title='bbox 1826 2513 1898 2552; x_wconf 83' lang='lat' dir='ltr'>loc.</span> 
     </span>
     <span class='ocr_line' id='line_1_52' title="bbox 1093 2578 1900 2632; baseline -0.004 -14"><span class='ocrx_word' id='word_1_363' title='bbox 1093 2580 1156 2618; x_wconf 86' lang='lat' dir='ltr'>cit.</span> <span class='ocrx_word' id='word_1_364' title='bbox 1177 2592 1261 2630; x_wconf 82' lang='lat' dir='ltr'>pag.</span> <span class='ocrx_word' id='word_1_365' title='bbox 1297 2578 1371 2630; x_wconf 64' lang='lat'>241</span> <span class='ocrx_word' id='word_1_366' title='bbox 1392 2607 1406 2629; x_wconf 91' lang='lat'>‚</span> <span class='ocrx_word' id='word_1_367' title='bbox 1437 2580 1506 2619; x_wconf 88' lang='lat' dir='ltr'>sibi</span> <span class='ocrx_word' id='word_1_368' title='bbox 1539 2581 1636 2619; x_wconf 85' lang='lat' dir='ltr'>hanc</span> <span class='ocrx_word' id='word_1_369' title='bbox 1658 2578 1900 2632; x_wconf 83' lang='lat' dir='ltr'>proposuisset</span> 
     </span>
     <span class='ocr_line' id='line_1_53' title="bbox 1092 2642 1894 2698; baseline -0.005 -15"><span class='ocrx_word' id='word_1_370' title='bbox 1092 2642 1350 2683; x_wconf 85' lang='lat' dir='ltr'>difficultatem</span> <span class='ocrx_word' id='word_1_371' title='bbox 1365 2674 1376 2693; x_wconf 92' lang='lat'>‚</span> <span class='ocrx_word' id='word_1_372' title='bbox 1396 2645 1496 2698; x_wconf 88' lang='lat' dir='ltr'>qnod</span> <span class='ocrx_word' id='word_1_373' title='bbox 1509 2652 1668 2697; x_wconf 85' lang='lat' dir='ltr'>nequeat</span> <span class='ocrx_word' id='word_1_374' title='bbox 1689 2643 1823 2681; x_wconf 85' lang='lat' dir='ltr'>scilicet</span> <span class='ocrx_word' id='word_1_375' title='bbox 1836 2656 1894 2680; x_wconf 89' lang='lat' dir='ltr'>as-</span> 
     </span>
     <span class='ocr_line' id='line_1_54' title="bbox 1090 2706 1924 2763; baseline -0.001 -17"><span class='ocrx_word' id='word_1_376' title='bbox 1090 2710 1224 2759; x_wconf 86' lang='lat' dir='ltr'>signari</span> <span class='ocrx_word' id='word_1_377' title='bbox 1240 2717 1383 2761; x_wconf 89' lang='lat' dir='ltr'>tempus</span> <span class='ocrx_word' id='word_1_378' title='bbox 1397 2739 1408 2759; x_wconf 91' lang='lat'>,</span> <span class='ocrx_word' id='word_1_379' title='bbox 1428 2723 1502 2763; x_wconf 90' lang='lat' dir='ltr'>quo</span> <span class='ocrx_word' id='word_1_380' title='bbox 1524 2710 1670 2761; x_wconf 85' lang='lat' dir='ltr'>coeperit·</span> <span class='ocrx_word' id='word_1_381' title='bbox 1694 2706 1855 2745; x_wconf 84' lang='lat' dir='ltr'>Ecclesia</span> <span class='ocrx_word' id='word_1_382' title='bbox 1876 2721 1897 2745; x_wconf 88' lang='lat' dir='ltr'>a</span> <span class='ocrx_word' id='word_1_383' title='bbox 1919 2726 1924 2736; x_wconf 65' lang='grc'><strong>»</strong></span> 
     </span>
     <span class='ocr_line' id='line_1_55' title="bbox 1089 2772 1894 2826; baseline -0.004 -13"><span class='ocrx_word' id='word_1_384' title='bbox 1089 2776 1239 2814; x_wconf 86' lang='lat' dir='ltr'>veritate</span> <span class='ocrx_word' id='word_1_385' title='bbox 1254 2775 1422 2814; x_wconf 84' lang='lat' dir='ltr'>aberrare</span> <span class='ocrx_word' id='word_1_386' title='bbox 1436 2804 1446 2823; x_wconf 92' lang='lat'><em>,</em></span> <span class='ocrx_word' id='word_1_387' title='bbox 1459 2774 1675 2826; x_wconf 87' lang='lat' dir='ltr'>respondet,</span> <span class='ocrx_word' id='word_1_388' title='bbox 1699 2772 1771 2810; x_wconf 88' lang='lat' dir='ltr'>hoc</span> <span class='ocrx_word' id='word_1_389' title='bbox 1786 2786 1894 2823; x_wconf 82' lang='lat' dir='ltr'>argu-</span> 
     </span>
     <span class='ocr_line' id='line_1_56' title="bbox 1088 2838 1892 2890; baseline -0.002 -13"><span class='ocrx_word' id='word_1_390' title='bbox 1088 2847 1258 2878; x_wconf 88' lang='lat' dir='ltr'>mentum</span> <span class='ocrx_word' id='word_1_391' title='bbox 1285 2839 1391 2878; x_wconf 76' lang='lat' dir='ltr'>nihil</span> <span class='ocrx_word' id='word_1_392' title='bbox 1409 2838 1556 2889; x_wconf 79' lang='lat' dir='ltr'>valere,</span> <span class='ocrx_word' id='word_1_393' title='bbox 1581 2839 1666 2890; x_wconf 82' lang='lat' dir='ltr'>quia</span> <span class='ocrx_word' id='word_1_394' title='bbox 1691 2839 1892 2876; x_wconf 88' lang='lat' dir='ltr'>etiamnum</span> 
     </span>
     <span class='ocr_line' id='line_1_57' title="bbox 1089 2900 1895 2951; baseline -0.005 -10"><span class='ocrx_word' id='word_1_395' title='bbox 1089 2910 1174 2941; x_wconf 86' lang='lat' dir='ltr'>sunt</span> <span class='ocrx_word' id='word_1_396' title='bbox 1214 2905 1254 2941; x_wconf 89' lang='lat' dir='ltr'>in</span> <span class='ocrx_word' id='word_1_397' title='bbox 1295 2902 1456 2940; x_wconf 86' lang='lat' dir='ltr'>Ecclesia</span> <span class='ocrx_word' id='word_1_398' title='bbox 1501 2901 1513 2951; x_wconf 89' lang='lat'><strong>(</strong></span> <span class='ocrx_word' id='word_1_399' title='bbox 1546 2912 1613 2938; x_wconf 88' lang='lat' dir='ltr'>suo</span> <span class='ocrx_word' id='word_1_400' title='bbox 1651 2900 1761 2939; x_wconf 87' lang='lat' dir='ltr'>modo</span> <span class='ocrx_word' id='word_1_401' title='bbox 1804 2914 1895 2939; x_wconf 90' lang='lat' dir='ltr'>con-</span> 
     </span>
     <span class='ocr_line' id='line_1_58' title="bbox 1089 2966 1894 3019; baseline -0.004 -13"><span class='ocrx_word' id='word_1_402' title='bbox 1089 2968 1217 3019; x_wconf 82' lang='lat' dir='ltr'>cepta)</span> <span class='ocrx_word' id='word_1_403' title='bbox 1235 2976 1287 3006; x_wconf 87' lang='lat' dir='ltr'>tot</span> <span class='ocrx_word' id='word_1_404' title='bbox 1309 2968 1500 3006; x_wconf 86' lang='lat' dir='ltr'>scissiones</span> <span class='ocrx_word' id='word_1_405' title='bbox 1512 2994 1523 3011; x_wconf 87' lang='lat'>‚</span> <span class='ocrx_word' id='word_1_406' title='bbox 1539 2966 1632 3018; x_wconf 90' lang='lat' dir='ltr'>quin</span> <span class='ocrx_word' id='word_1_407' title='bbox 1647 2979 1776 3005; x_wconf 85' lang='lat' dir='ltr'>earum</span> <span class='ocrx_word' id='word_1_408' title='bbox 1787 2978 1894 3006; x_wconf 82' lang='lat' dir='ltr'>exor-</span> 
     </span>
    </p>
   </div>
  </div>
 </body>
</html>
