2028 3354
458 221 587 250 Mirr.
626 220 659 248 1.
699 220 801 250 car.
836 219 898 251 xv.
935 220 989 248 nn
1025 216 1244 250 Euctusiffi
1280 218 1481 248 nonnus.
1725 199 1823 246 285

188 333 298 381 429.
336 334 405 380 Ad
442 333 507 380 4ω
536 370 548 393 ,
583 334 710 380 Dz'st.
757 332 1001 398 Apostolus
1033 332 1289 398 appellavit
1326 332 1385 380 ad
1425 332 1679 390 Caesarem,
1717 331 1825 397 quia

123 409 236 458 falso
262 418 498 457 accusatus
530 418 629 459 erat
660 409 719 458 de
746 408 915 457 delicto
938 410 1062 458 civili
1092 419 1141 457 et
1170 409 1359 476 politico
1376 446 1388 469 ,
1418 426 1589 475 nempe
1616 408 1674 457 de
1695 407 1826 457 sedi»-

123 486 275 545 tione,
303 503 452 542 conc.,·
480 486 540 534 ob
566 488 804 551 negotium
834 487 1193 535 ecclesiasticum
1210 523 1224 545 ,
1257 504 1361 551 neq.

187 561 299 610 430.
340 562 445 625 Obj.
465 563 685 611 secunda.
712 565 763 610 10
786 562 1036 627 Disciplina
1063 563 1265 609 exterior
1280 562 1487 626 pertinet
1509 562 1569 609 ad
1587 562 1828 628 politicum

120 637 383 705 reipublicae
411 639 629 687 ordinem
646 676 658 699 ,
689 639 746 687 ad
775 639 1021 686 hominum
1051 637 1223 684 scilicet
1250 638 1482 696 actiones,
1509 648 1739 703 quatenus
1760 640 1828 686 ci-

121 732 201 764 ves
222 725 363 776 sunt,
391 725 531 782 atque
549 716 608 764 ad
630 734 703 764 res
723 712 1005 780 temporales
1031 722 1079 761 et
1103 711 1346 760 sensibiles
1366 749 1379 773 ,
1409 722 1658 779 propterea
1685 734 1710 763 a
1733 716 1830 763 rei-

119 790 315 856 publicae
342 791 689 855 magistratibus
727 800 775 837 et
811 787 1177 855 Imperatoribus
1222 788 1549 837 moderandas.
1582 791 1637 836 20
1676 792 1830 849 Quare

119 868 333 916 videmus
361 868 564 916 Concilia
588 866 867 933 quamplura
892 867 941 913 in
969 866 1275 931 antiquitate,
1309 867 1450 914 etiam
1478 866 1709 930 generalia
1727 903 1739 925 ,
1769 866 1829 915 ad

122 944 431 1010 Imperatores
451 944 637 1010 propria
662 953 761 991 acta
785 942 1097 990 transmisisse
1122 979 1134 1003 ,
1164 952 1217 990 ut
1244 941 1303 989 ab
1331 943 1386 990 iis
1417 945 1825 992 confirmarentur.

122 1019 175 1067 3⁰
207 1020 365 1082 Quid?
395 1021 520 1085 quod
557 1019 745 1068 Codices
782 1019 1129 1068 Theodosianus
1156 1029 1205 1068 et
1232 1019 1580 1081 Justinianeus‚
1611 1037 1699 1069 nec
1729 1037 1830 1068 non

122 1105 295 1144 statuta
322 1099 604 1145 Francorum
643 1114 807 1161 regum
838 1096 974 1161 plura
1005 1096 1292 1143 constituant
1317 1096 1376 1143 ad
1407 1113 1480 1143 res
1507 1096 1826 1162 disciplinares

120 1173 418 1238 pertinentia,
435 1183 482 1221 et
504 1192 556 1222 ea
576 1174 876 1233 confirment,
898 1190 1000 1238 quae
1020 1174 1069 1220 in
1088 1172 1302 1220 Conciliis
1322 1173 1446 1221 edita
1464 1175 1592 1239 prius
1613 1174 1823 1233 fuerant,

121 1250 306 1298 decreta
322 1287 334 1310 ,
365 1250 599 1316 Episcopis
622 1269 720 1297 non
746 1251 898 1298 solum
923 1248 1232 1315 probantibus
1249 1286 1261 1309 ,
1299 1267 1463 1299 verum
1487 1251 1629 1298 etiam
1655 1268 1829 1316 expos-

120 1326 416 1374 tulantibus?
443 1327 496 1374 40
527 1329 700 1375 Notum
726 1326 927 1392 denique
954 1335 1024 1374 est
1048 1334 1095 1374 et
1122 1326 1453 1391 pervulgatum
1488 1329 1827 1393 Imperatorem

124 1403 487 1451 Constantinum
515 1422 564 1453 se
594 1404 748 1469 ipsum
779 1403 951 1451 dixisse
980 1407 1254 1467 episcopum
1295 1413 1575 1466 externum,
1621 1422 1674 1452 ac
1703 1422 1828 1452 non-

121 1479 274 1527 nullos
305 1483 613 1544 Imperatores
634 1490 716 1527 aut
746 1497 874 1543 reges
906 1480 981 1527 vel
1009 1497 1035 1526 a
1066 1481 1202 1528 Rom.
1230 1480 1533 1528 Pontificibus
1554 1481 1631 1531 vel
1654 1500 1680 1529 a
1704 1484 1828 1530 Con-

124 1555 238 1602 ciliis
257 1565 442 1603 vocatos
457 1556 596 1603 fuisse
609 1557 867 1603 sacerdotes
880 1593 893 1612 ,
914 1557 1143 1604 Ecclesioe
1160 1564 1360 1605 rectores
1373 1594 1386 1616 ,
1401 1558 1646 1620 pontifices
1663 1560 1825 1618 etiam;

125 1632 204 1695 qui
226 1642 497 1697 propterea,
530 1633 582 1678 50
610 1642 728 1681 teste
759 1632 1080 1680 Thomassinio
1108 1632 1301 1698 aliisque
1333 1633 1636 1698 scriptoribus
1662 1634 1825 1683 catho-

123 1706 250 1766 licis,
283 1709 455 1771 regiam
484 1696 764 1774 potestatem
796 1717 1103 1756 exercuerunt
1121 1711 1578 1772 superintendentiae
1601 1711 1651 1758 in
1684 1729 1829 1775 nego-

123 1783 198 1830 tiis
223 1791 269 1831 et
287 1784 483 1831 decretis
498 1784 814 1832 ecclesiasticis
834 1821 846 1845 ,
871 1786 919 1832 in
941 1784 1197 1832 condendis
1218 1784 1399 1848 legibus
1422 1785 1798 1853 disciplinaribus
1812 1825 1825 1847 ,

123 1860 406 1923 corrigendis
433 1859 651 1909 abusibus
671 1898 683 1921 ,
718 1860 1025 1909 decernendis
1062 1860 1230 1908 ritibus
1261 1862 1429 1920 sacriS,
1468 1872 1556 1910 etc.
1592 1862 1680 1927 (1).
1718 1866 1829 1923 Quae

125 1936 281 1984 omnia
308 1946 468 2002 aperte
500 1937 787 1997 ostendunt,
813 1937 997 2001 negotia
1019 1937 1333 2002 disciplinaria
1358 1937 1523 2001 subjici
1546 1949 1715 1988 natura
1745 1958 1827 1988 sua

125 2014 398 2079 Principum
421 2016 716 2075 auctoritati,
745 2024 826 2062 aut
848 2013 1016 2062 saltem
1037 2014 1246 2063 Ecclesiae
1270 2024 1552 2080 potestatem
1579 2016 1630 2063 in
1650 2017 1723 2064 his
1743 2017 1829 2064 ab-

125 2089 324 2136 solutam
347 2108 444 2137 non
471 2108 570 2140 esse
598 2100 739 2157 atque
761 2108 1029 2157 supremam
1045 2127 1059 2151 ‚
1093 2091 1176 2138 sed
1199 2093 1392 2140 omnino
1416 2093 1770 2159 dependentem
1799 2113 1824 2142 a

127 2166 248 2214 civili
271 2168 510 2231 regimine.
543 2170 676 2233 Ergo.
1580 2232 1582 2234 Ι

195 2241 306 2289 431.
345 2245 483 2309 Resp.
518 2244 587 2292 Ad
621 2246 712 2305 1¹1¹,
752 2245 874 2309 Ney.
908 2246 970 2291 Ut
1008 2245 1133 2293 enim
1160 2245 1455 2295 imbecillitas
1489 2247 1714 2312 propositi
1750 2264 1827 2295 ar·

130 2320 339 2381 gumenti
363 2322 580 2385 patefiat,
603 2323 713 2369 satis
737 2330 808 2368 est
833 2321 1236 2384 animadvertere,
1256 2323 1407 2388 quod,
1434 2324 1473 2370 si
1492 2324 1599 2372 ideo
1623 2325 1825 2372 exterior

132 2393 373 2459 disciplina
396 2397 456 2444 ad
478 2398 716 2464 Principes
736 2400 971 2462 pertinet,
992 2400 1097 2463 quia
1115 2400 1164 2446 in
1193 2399 1435 2465 politicum
1455 2402 1665 2465 regimen
1686 2402 1825 2449 nimis

131 2470 314 2529 influit,
334 2480 380 2518 et
398 2472 452 2518 ‘in
475 2483 621 2521 status
649 2475 926 2535 utilitatem,
954 2474 1111 2522 nullus
1139 2493 1246 2541 ergo
1277 2477 1367 2525 erit
1385 2477 1435 2524 in
1468 2477 1689 2542 religione
1706 2515 1718 2539 ,
1750 2478 1826 2525 in-

125 2636 235 2689 pbtre
268 2648 278 2673 ε
310 2633 354 2672 Il
388 2635 479 2688 faut
500 2634 634 2688 plut&
669 2637 773 2677 cheir
799 2639 824 2677 ὰ
847 2637 949 2677 Dieu
1014 2652 1052 2677 se
1094 2650 1281 2692 gesserunt
1326 2641 1496 2694 Episcopi
1532 2645 1826 2695 praevaricatores

131 2700 273 2752 qu’aux
289 2699 470 2740 hommes.
491 2701 545 2740 Ge
559 2708 643 2740 sont
659 2702 704 2741 dc
726 2702 852 2742 laches
874 2716 951 2741 ser·
1015 2704 1157 2757 Angliae
1172 2737 1182 2756 ,
1204 2721 1290 2746 cum
1322 2707 1505 2747 Henricus
1532 2722 1598 2748 vm
1618 2709 1678 2747 his
1706 2708 1827 2748 verbis

133 2767 278 2804 viteam
314 2768 384 2818 qui
417 2780 455 2804 se
492 2774 641 2806 servem
682 2780 823 2806 comme
856 2768 949 2806 d'un
1015 2771 1248 2822 abuteretur,
1275 2781 1389 2826 atque
1411 2788 1555 2826 semper
1573 2774 1685 2813 aulici
1706 2788 1743 2813 se
1764 2786 1826 2824 ge-

135 2831 304 2870 houclier
315 2832 505 2871 commode
520 2863 532 2882 ‚
546 2833 591 2871 de
603 2832 824 2872 l'extemion
836 2833 948 2887 qu’ile
1013 2844 1101 2875 runt
1114 2866 1127 2885 ‚
1143 2841 1287 2891 quoties
1305 2853 1342 2878 se
1361 2840 1540 2879 obtulerit
1560 2842 1715 2878 occasio.

136 2905 270 2936 savem
291 2898 437 2937 donner
453 2899 552 2938 dam
575 2906 694 2939 tontes
721 2900 773 2939 les
796 2903 946 2941 circon—
1065 2902 1122 2955 (l)
1150 2903 1203 2943 Ita
1246 2904 1389 2945 Palmer
1403 2934 1413 2953 ‚
1449 2918 1511 2957 op.
1549 2907 1612 2944 cit.
1636 2918 1721 2956 pag.
1745 2901 1820 2952 461

136 2970 287 3002 stannes
304 2964 329 3002 ὰ
352 2977 411 3003 ces
431 2965 719 3019 autresparoles
736 2982 751 3004 .·
769 2965 854 3020 Quo
867 2970 947 3007 tout
1012 2975 1048 3007 et
1072 2981 1175 3022 seqq.

136 3028 170 3067 le
180 3028 316 3068 monde
328 3031 398 3070 soit
413 3032 557 3071 mamis
566 3031 592 3071 ὰ
603 3030 792 3072 ῑάιιίονίτό
803 3046 820 3083 ,-
834 3040 952 3086 prout,
