2028 3354
218 179 317 228 272

691 198 847 231 TRACT.
885 201 940 230 DE
974 202 1094 234 Locis
1126 203 1428 235 THEOLOGICIS.

218 320 483 384 intelligant
506 335 613 378 eos,
641 320 722 384 qui
751 337 914 370 veram
936 324 1142 374 Ecclesiae
1174 326 1437 376 doctrinam
1470 338 1727 394 sequuntur
1744 365 1757 389 ,
1788 330 1907 379 nihil

220 397 363 460 magis
396 412 421 441 a
453 395 649 443 veritate
674 395 897 446 abhorret
924 416 1066 465 quam
1090 402 1176 448 ista
1206 404 1564 468 Anglicanorum
1590 407 1780 455 assertio
1796 443 1809 467 7
1839 407 1908 454 uti

220 490 330 519 mox
354 471 683 532 ostendemu53
719 474 791 521 sin
815 492 925 524 vero
953 475 1223 542 intelligunt
1246 480 1414 529 aulicos
1440 483 1676 547 regalistas
1693 519 1706 543 7
1739 484 1819 549 qui
1841 483 1911 531 uti

218 656 294 696 set,
323 648 386 687 sed
409 648 455 687 ad
475 648 768 701 jurisdictionem
799 651 917 701 ipsam
943 650 1031 702 Epi-

220 715 338 765 scopis
356 716 396 752 in
416 726 504 751 cura
518 716 728 751 animarum
747 715 1030 763 conferendam,

218 780 269 818 ita
294 788 335 817 ut
371 780 408 817 hi
441 778 561 817 effecti
599 779 736 818 fuerint
762 782 838 833 ejus
870 783 1035 832 vicesge-

218 854 336 885 rentes
354 875 365 893 ‚
397 852 434 883 et
457 845 503 883 ad
527 845 640 884 {idem
667 848 784 898 ipsam
805 876 815 894 ‚
847 862 928 900 quae
957 861 1034 885 non

219 911 415 963 obligabat,
431 912 521 962 quin
539 913 639 963 prius
652 912 787 963 singuli
800 913 941 951 articuli
954 927 1038 964 pro-

221 977 296 1016 bati
324 991 367 1016 ac
393 977 612 1027 confirmati
643 986 762 1015 essent
786 990 806 1014 a
837 977 962 1030 Rege3
992 977 1035 1017 5⁰

223 1052 367 1082 tantum
406 1043 542 1081 distare
569 1042 772 1082 Ecclesiam
804 1044 1035 1096 anglicanam

223 1109 271 1148 ab
310 1109 473 1148 Ecclesia
511 1109 720 1156 catholica,
757 1117 841 1161 q'uae
865 1113 966 1161 prius
999 1112 1037 1147 in

221 1175 355 1226 Anglia
383 1174 577 1222 obtinuit,
619 1182 804 1226 quantum
835 1178 1039 1213 etiamnum

220 1240 382 1279 Ecclesia
404 1247 607 1291 protestans
628 1240 822 1291 anglicana
848 1241 973 1279 differt
993 1240 1040 1279 ab

222 1306 369 1345 ecclesia
400 1306 774 1344 catholico-romana.
809 1305 895 1344 Dixi
916 1306 1042 1345 Eccle-

224 1373 316 1410 siam
344 1377 643 1424 protestantem3
676 1384 762 1409 cum
799 1379 932 1409 statuto
956 1370 1041 1423 legis

227 1437 415 1476 decretum
439 1438 499 1483 sit,
526 1451 599 1474 non
622 1436 736 1474 alium
754 1449 858 1487 posse
872 1450 950 1474 esse
968 1435 1042 1474 tte-

226 1515 310 1554 gem
345 1500 509 1553 Anglias)
534 1502 699 1553 adeoque
732 1501 902 1539 Ecclesia}
929 1501 1045 1553 angli-

226 1583 324 1607 canae
364 1576 503 1619 caput,
540 1581 653 1621 quam
683 1574 971 1619 protestantem.
1006 1565 1044 1605 Si

227 1642 337 1686 caput
362 1647 469 1686 porro
490 1642 542 1672 est
565 1641 767 1685 protestans
785 1662 795 1680 ‚
826 1647 957 1685 corpus
978 1647 1044 1684 po-

230 1702 361 1739 teritne
385 1714 462 1738 esse
488 1699 750 1737 catholicum?
777 1698 858 1738 Cfr.
888 1713 1045 1750 opuscu-

228 1766 307 1804 lum
325 1796 333 1813 ,
348 1768 406 1804 cui
427 1767 486 1806 tit.
506 1763 685 1802 Ecclesia
709 1763 915 1815 anqlicana
928 1764 1046 1814 refor-

232 1833 402 1869 mavitne
424 1844 462 1868 se
489 1831 612 1882 ipsam
632 1830 656 1868 Ρ
683 1831 791 1881 Quod
824 1839 875 1868 est
897 1831 1048 1870 celebris

230 1897 278 1935 D.
299 1896 517 1948 Lingardiet
541 1898 718 1933 insertum
746 1898 784 1933 in
798 1893 1046 1935 Dablin'lte-

231 1962 341 2009 view,
363 1976 426 2000 seu
442 1960 644 1999 Revisione
659 1960 914 2008 dubliniensi,
931 1976 1048 2000 mens.

234 2027 326 2080 Maij
357 2025 481 2077 1840,
509 2027 573 2065 ubi
594 2029 718 2065 omnia
744 2027 967 2066 documenta
992 2027 1051 2065 in-

234 2096 380 2140 venies,
418 2106 502 2145 quae
534 2093 609 2130 huc
642 2100 821 2144 spectant.
850 2091 924 2132 Adi
962 2108 1053 2145 quo-

235 2173 310 2211 quc
332 2160 490 2198 auctoris
516 2161 630 2210 ipsius
654 2158 874 2196 Historiam
894 2159 1052 2210 Anqlioe

239 2225 340 2277 (vol.
363 2237 401 2264 v1
418 2232 453 2263 et
475 2224 548 2275 vn)
567 2254 578 2273 ‚
592 2224 682 2281 adeo
700 2225 996 2264 commendatam
1020 2233 1055 2264 et

237 2290 365 2343 gallice
389 2298 501 2343 atque
524 2291 647 2329 italice
675 2291 874 2329 redditam.
905 2291 960 2329 Ad
990 2305 1056 2329 au-

239 2365 355 2396 ctores
378 2371 462 2395 vero
477 2356 690 2405 catholicos,
710 2357 757 2395 ad
773 2370 874 2409 quos.
886 2365 1058 2407 provocat

240 2421 384 2460 Palmer
403 2451 413 2470 ,
442 2423 543 2475 quod
564 2425 719 2469 attinet,
738 2422 943 2461 notandum
972 2430 1026 2461 est
1044 2452 1056 2469 ,

240 2489 327 2526 istos
349 2491 438 2526 alios
458 2503 534 2526 non
558 2502 632 2526 esse
652 2490 721 2526 nisi
746 2502 827 2535 eos,
856 2490 920 2540 qui
943 2492 1060 2529 conti-

243 2562 378 2593 nentur
402 2556 441 2591 in
470 2554 609 2607 Report
630 2554 732 2605 from
755 2553 864 2592 select
890 2556 1060 2595 commit-

243 2621 332 2658 tatis
347 2648 357 2665 ‚
382 2626 451 2656 etc.
477 2632 540 2657 seu
557 2618 759 2657 Relatione
781 2621 982 2660 comitatus
1002 2634 1060 2659 se-

244 2681 352 2732 lecti,
378 2688 452 2722 etc.
480 2698 560 2735 quae
592 2687 696 2736 jussu
728 2698 909 2734 camerae,
943 2700 1060 2738 quam

244 2755 380 2787 vocant
400 2751 673 2796 communium,
693 2751 790 2789 edita
821 2759 874 2788 est
899 2750 948 2791 25
962 2752 1054 2791 Jun.

251 2813 367 2860 1815,
381 2814 499 2852 Lond.
522 2815 596 2854 vol.
612 2829 624 2852 1
638 2815 702 2855 fol.
723 2820 891 2854 constans
903 2832 942 2869 p.
960 2816 1055 2868 544.

246 2878 340 2919 Haec
359 2893 466 2931 porro
486 2880 610 2918 relatio
638 2884 799 2920 continet
811 2894 982 2933 responsa
1001 2883 1057 2921 of-

247 2945 379 2984 ficialia
403 2944 483 2984 data
505 2959 525 2984 a
546 2947 721 2986 ministris
739 2947 962 2988 diversorum
978 2948 1055 2987 Eu-

1097 662 1193 704 ropae
1214 660 1396 701 statuum,
1417 656 1514 694 circa
1538 658 1694 696 modum
1712 671 1786 709 quo
1803 658 1856 696 illi
1875 671 1914 697 se

1099 719 1238 758 habent
1261 723 1301 759 in
1331 721 1460 760 ordine
1489 723 1540 761 *ad
1573 723 1779 763 Catholicos
1809 733 1844 763 et
1868 724 1916 762 ad

1100 784 1140 823 S.
1157 783 1291 824 Sedem
1307 799 1318 835 ;
1351 800 1432 838 quae
1449 786 1600 839 quidem
1618 797 1811 840 provocata
1832 791 1915 828 fue-

1100 858 1215 898 runt,
1250 865 1348 889 anno
1377 850 1476 890 1812
1496 881 1507 901 ‚
1531 867 1551 890 a
1578 853 1625 893 D.
1655 854 1794 905 (Lerd)
1825 855 1916 893 Cas-

1103 913 1286 965 telreagh‚
1325 914 1460 954 deinde
1494 929 1578 953 vero
1608 931 1629 954 a
1664 916 1712 955 D.
1749 916 1921 956 Bathurst
1987 900 1990 903 .

1102 992 1200 1018 anno
1225 977 1324 1018 1815
1340 1009 1350 1026 ,
1371 981 1415 1017 ad
1440 984 1628 1033 negotium
1654 984 1919 1034 emancipatio-

1103 1045 1160 1081 nis
1173 1045 1436 1083 catholicorum
1450 1048 1489 1083 iu
1504 1045 1633 1098 Anglia
1644 1048 1923 1087 maturandum.

1104 1109 1187 1148 Jam
1218 1125 1300 1149 vero
1339 1111 1522 1162 ejusmodi
1555 1127 1728 1164 responsa
1765 1114 1847 1152 data
1881 1122 1923 1152 ut

1104 1174 1307 1226 plurimum
1338 1175 1383 1213 ab
1410 1178 1479 1223 iis,
1504 1179 1570 1228 qui
1592 1187 1696 1216 erant
1723 1193 1743 1216 a
1770 1180 1917 1218 secretis

1107 1241 1413 1287 ministeriorum,
1428 1255 1497 1291 nec
1512 1244 1590 1280 sine
1611 1245 1821 1295 suspicione
1838 1258 1921 1282 cor-

1106 1307 1285 1356 ruptionis
1306 1320 1374 1357 ope
1396 1306 1568 1358 pellucidi
1593 1311 1672 1346 auri
1691 1308 1919 1357 britannici,

1106 1371 1211 1424 nullo
1227 1372 1338 1410 modo
1352 1375 1504 1423 spectari
1523 1382 1675 1424 possunt
1696 1382 1734 1412 ut
1749 1389 1921 1426 germana

1109 1437 1372 1488 guberniorum
1396 1452 1567 1490 responsa
1584 1468 1595 1484 ,
1613 1439 1729 1477 multo
1745 1454 1830 1478 vero
1852 1441 1923 1478 mi-

1109 1516 1179 1539 nus
1200 1510 1241 1539 111
1264 1502 1352 1540 talia
1367 1530 1379 1549 ‚
1407 1516 1489 1554 quae
1513 1517 1641 1541 verum
1664 1512 1797 1542 statum
1826 1504 1921 1544 rela-

1110 1569 1220 1606 tionis
1258 1570 1444 1620 potestatis
1483 1570 1600 1607 civilis
1637 1583 1723 1608 cum
1759 1569 1923 1609 Ecclesia

1112 1633 1290 1672 catholica
1317 1634 1388 1671 illis
1409 1636 1448 1671 in
1468 1635 1684 1685 regionibns
1709 1649 1782 1686 prae
1807 1650 1845 1674 se
1866 1635 1923 1674 fe-

1112 1707 1210 1737 rant.
1256 1698 1443 1738 Exhibent
1491 1700 1675 1752 siquidem
1717 1701 1924 1739 doctrinam

1113 1764 1348 1818 Rechberger
1370 1773 1406 1803 et
1434 1764 1631 1804 Caraccioli
1660 1780 1703 1804 ex
1723 1774 1823 1817 parte
1846 1766 1924 1804 Au-

1115 1832 1210 1869 striae
1228 1844 1238 1879 3
1260 1831 1475 1883 quisquilias
1497 1830 1680 1870 Giannoni
1708 1840 1835 1870 contra
1860 1831 1926 1870 Ec·

1116 1897 1263 1936 clesiam
1290 1905 1324 1936 et
1347 1896 1385 1934 S.
1400 1896 1534 1937 Sedem
1554 1912 1596 1937 ex
1620 1906 1722 1950 parte
1744 1898 1924 1952 Neapoli3

1116 1971 1284 2015 excerpta
1313 1963 1445 2002 Pitlioei
1471 1973 1506 2003 et
1527 1964 1676 2016 Dupin‚
1699 1974 1778 2003 acta
1804 1965 1927 2004 decla-

1117 2030 1266 2066 rationis
1302 2025 1400 2067 1682
1417 2057 1428 2074 ‚
1449 2031 1732 2080 praqmatieam
1762 2031 1929 2068 sanctio-

1118 2106 1206 2131 nem
1254 2094 1475 2132 schismatici
1524 2095 1672 2132 concilii
1711 2093 1928 2134 Basileensis

1120 2173 1181 2198 an.
1205 2157 1306 2209 1438
1329 2172 1341 2210 3
1373 2172 1441 2198 nec
1465 2173 1542 2198 non
1564 2162 1664 2199 varia
1684 2160 1827 2200 decreta
1843 2175 1931 2199 con-

1121 2227 1304 2264 ventionis
1323 2226 1513 2264 nationalis
1533 2240 1595 2264 an.
1625 2239 1721 2280 1791
1742 2256 1753 2275 ‚
1778 2240 1820 2265 ac
1839 2227 1931 2266 duas

1121 2293 1382 2330 conventiones
1415 2291 1632 2344 Napoleonis
1656 2306 1698 2331 ex
1726 2301 1827 2344 parte
1845 2292 1931 2330 Gat-

1120 2357 1191 2394 liae.
1213 2356 1390 2396 Referunt
1421 2357 1545 2409 quoad
1583 2355 1783 2409 Hispanias
1810 2358 1929 2397 docu-

1122 2431 1245 2461 menta
1273 2419 1562 2462 ministeriorum
1598 2423 1745 2462 Aranda
1771 2453 1782 2471 ‚
1822 2423 1926 2461 Mon-

1122 2490 1218 2527 tiana
1242 2504 1265 2541 y
1295 2489 1473 2541 Luyando
1503 2497 1538 2528 et
1582 2492 1766 2528 sociorum
1783 2520 1794 2538 ‚
1820 2482 1929 2541 accius

1124 2554 1410 2595 declamationes
1445 2557 1762 2596 constitutionales
1801 2567 1932 2608 regen-

1125 2622 1183 2660 tiae
1226 2620 1326 2674 1814
1370 2631 1496 2662 contra
1531 2622 1572 2664 S.
1612 2622 1742 2662 Sedem
1778 2623 1932 2674 ejusque

1126 2696 1422 2739 repraesentantes
1434 2689 1587 2727 Matriti.
1602 2687 1786 2726 Exhibent
1805 2685 1930 2739 quoad

1122 2752 1351 2792 Lusitaniam
1385 2754 1504 2792 theses
1538 2752 1762 2792 academicas
1795 2765 1932 2803 propu-

1123 2826 1227 2856 natas
1258 2818 1501 2857 Conimbricae
1529 2830 1591 2855 an.
1635 2812 1761 2868 1783,
1804 2814 1928 2869 1785,

1130 2882 1262 2935 1786,
1299 2882 1399 2937 1796
1423 2912 1438 2933 ‚
1479 2880 1601 2935 1798,
1642 2893 1745 2935 1799
1770 2912 1779 2930 ‚
1822 2896 1931 2935 opera

1124 2948 1231 2988 Joan.
1251 2950 1430 2990 Joachimi
1455 2948 1606 3000 Pereyra
1622 2978 1633 2997 ‚
1657 2947 1734 2987 Jos.
1758 2948 1928 2996 Mem-ao,

2007 2924 2026 2940 ῳ
