2028 3354
444 233 571 262 nm.
610 233 643 261 1.
682 230 782 262 car.
821 232 873 261 11.
913 231 967 261 nn
1002 230 1177 262 cnmsrx
1209 231 1331 263 acci.
1370 232 1572 264 consur.
1788 215 1853 264 59

173 344 338 411 quibus
372 345 545 411 passim
577 344 905 404 constituitur,
942 353 1019 406 ut,
1047 345 1272 411 Episcopo
1291 344 1510 393 defuncto
1529 381 1543 406 ,
1573 344 1651 394 ille
1673 346 1724 394 in
1753 349 1849 409 ejus

174 423 327 470 locum
352 421 603 469 sufficiatur
623 458 635 480 ,
667 439 808 487 quem
824 424 1038 486 populus
1061 424 1271 487 eleqerit,
1301 422 1369 469 uti
1395 422 1518 470 inter
1541 430 1689 471 cetera
1707 424 1845 471 Cone.

174 500 411 546 Nicaenum
437 498 598 545 statuit
615 498 665 544 in
692 498 884 563 epistola
905 496 1122 562 synodica
1140 499 1197 547 ad
1217 497 1465 545 Ecclesiam
1487 497 1732 548 Alexandr.
1746 500 1849 565 (l);

173 574 399 623 exhibent
413 574 622 622 Ecclesiae
639 577 820 635 Patres,
844 574 967 621 inter
986 591 1100 638 quos
1120 575 1166 620 S.
1185 574 1441 638 Cyprianus
1462 582 1673 635 testatur,
1689 575 1850 642 populi

169 649 437 713 suffragium
468 659 514 698 et
551 667 827 697 consensum
861 649 911 695 in
953 648 1176 697 electione
1202 649 1522 697 ministrorum
1557 651 1760 700 Ecclesiae
1794 669 1852 701 ex

168 725 417 774 trad-itione
472 726 626 775 divina
674 734 721 773 et
760 723 1010 789 apostolica
1059 722 1385 773 observatione
1434 724 1715 775 descendere
1764 727 1849 794 (2).

168 801 222 847 20
244 803 414 849 Verum
440 819 537 848 non
556 800 694 848 modo
712 807 871 846 carent
884 798 1093 847 Ecclesiae
1117 800 1334 866 praesides
1352 800 1511 851 divina
1529 802 1821 852 institutione
1835 841 1849 866 ,

167 876 251 924 sed
284 886 443 925 carent
468 885 686 943 praeterea
722 874 944 924 divinitus
970 885 1158 941 accepta
1177 885 1435 942 potestate,
1459 877 1670 926 Christus
1692 879 1849 941 enim,

169 953 336 1000 Matth.
371 955 479 1012 XX,
511 951 683 1011 25-27,
714 968 1006 1017 quocumque
1038 952 1303 1019 principatu
1330 953 1574 1001 interdixit
1607 954 1851 1020 Apostolos

168 1029 319 1093 ipsos,
350 1028 504 1075 dicens
537 1045 549 1081 ι,
576 1028 835 1092 Principes
866 1032 1088 1093 qentium
1117 1031 1438 1078 dominantur
1469 1046 1665 1086 eorum;
1705 1040 1749 1078 et
1766 1036 1856 1095 qui

165 1108 366 1165 may'ores
399 1112 544 1160 sunt,
563 1112 837 1168 potestatem
871 1113 1089 1152 exercent
1118 1109 1175 1153 in
1215 1124 1302 1154 eos.
1347 1106 1463 1155 Non
1494 1110 1566 1154 ita
1599 1109 1695 1154 erit
1721 1113 1852 1155 inter

164 1196 239 1225 vos
252 1199 273 1237 ,-
296 1180 379 1225 sed
401 1183 691 1244 quicumque
711 1183 912 1228 voluerit
930 1184 1060 1228 inter
1081 1199 1158 1230 vos
1172 1186 1332 1246 major
1348 1184 1485 1246 fieri,
1512 1186 1576 1231 sit
1594 1192 1742 1231 vester
1761 1186 1850 1231 mi-

160 1258 338 1307 nis-tem
363 1265 407 1302 et
433 1260 525 1319 qui
547 1258 753 1305 voluerit
775 1260 904 1304 inter
925 1274 1003 1305 vos
1017 1261 1218 1320 primus
1239 1276 1330 1306 esse
1340 1294 1360 1317 ,
1388 1262 1483 1306 eric
1498 1268 1645 1306 vester
1664 1277 1845 1307 servus.

162 1330 454 1395 Quapropter
482 1334 673 1391 Petrus,
710 1334 729 1380 I
754 1333 889 1398 epist.
925 1334 991 1391 V,
1019 1333 1048 1380 3
1063 1368 1080 1392 ,
1109 1334 1342 1382 scribebat
1367 1352 1379 1382 :
1407 1336 1575 1399 Neque
1606 1344 1665 1383 ut
1689 1337 1847 1383 domi-

160 1414 326 1453 nantes
341 1409 396 1454 in
415 1409 552 1455 cleris
561 1443 581 1466 ,
606 1409 689 1456 sed
702 1412 866 1472 forma
884 1412 1012 1472 facti
1021 1415 1179 1475 qreqis
1202 1428 1259 1458 esc
1280 1414 1461 1460 animo.
1493 1412 1546 1459 30
1569 1412 1690 1459 Hinc
1708 1413 1850 1461 etiam

160 1481 368 1546 Apostoli
393 1483 588 1549 reliqui,
617 1503 714 1532 non
733 1503 781 1533 se
812 1485 1021 1534 Ecclesiae
1046 1486 1337 1549 hierarchas,
1363 1488 1446 1535 sed
1473 1488 1643 1535 Christi
1661 1506 1842 1551 servos,

160 1558 425 1622 ministros,
462 1570 602 1626 atque
632 1561 973 1627 dispensatores
999 1564 1085 1612 Dei
1110 1581 1158 1612 se
1180 1582 1277 1612 esse
1304 1564 1674 1630 profitebantur,
1703 1575 1756 1612 ut
1793 1567 1845 1614 in

160 1634 323 1699 primis
347 1635 534 1684 Paulus.
554 1637 627 1684 ,40
646 1638 789 1701 Igitur
809 1638 1068 1686 Tridentini
1096 1642 1254 1688 Patres
1278 1650 1403 1689 recte
1429 1641 1621 1706 quidem
1649 1641 1844 1692 definire

157 1710 449 1775 potuissent,
486 1730 584 1761 esse
621 1714 671 1761 in
708 1714 905 1763 Ecclesia
938 1716 1344 1765 hierodiaconiam
1385 1727 1465 1765 aut
1498 1719 1845 1780 hieroduliam,

157 1803 338 1834 sacrum
360 1788 575 1837 videlicet
600 1791 910 1838 ministerium
931 1801 1011 1838 aut
1030 1809 1207 1841 sacram
1230 1795 1504 1843 servitutem
1520 1832 1533 1852 .,
1566 1814 1663 1843 non
1683 1806 1841 1845 autem

156 1862 486 1932 hierarchiam,
529 1866 652 1931 quod
691 1885 865 1914 nomen
899 1868 1086 1933 imperii
1117 1869 1175 1917 ab
1203 1870 1416 1918 instituto
1454 1871 1623 1919 Christi
1653 1875 1842 1938 ejusque

157 1939 486 2003 Apostolorum
519 1943 710 1990 omnino
743 1942 979 1991 abhorret.
1009 1944 1061 1991 5⁰
1092 1946 1245 2004 Quare
1267 1947 1515 1994 Germania
1545 1948 1713 1994 mirata
1741 1957 1841 2008 est,

156 2015 310 2080 inquit
330 2017 519 2082 Sarpius
550 2018 649 2083 (3),
680 2019 802 2066 illius
824 2019 986 2085 synodi
1011 2022 1168 2070 Patres
1197 2040 1487 2070 consecrasse
1517 2040 1708 2084 vocem,
1740 2042 1842 2097 quae

154 2108 181 2138 a
207 2093 346 2139 sacris
376 2094 560 2142 Litteris
589 2095 738 2143 aliena
770 2105 868 2155 est,
906 2097 1235 2164 veteribusque
1275 2099 1483 2147 moribus
1519 2100 1841 2166 institutisque

155 2169 401 2216 contraria.
431 2171 482 2217 60
505 2173 663 2237 Neque
685 2172 867 2219 silentio
888 2182 1057 2238 praete1
1059 2174 1267 2223 eundum
1293 2184 1390 2237 est,
1412 2176 1718 2224 hierarchiam
1747 2177 1840 2224 hu-

154 2245 355 2304 jusmodi
373 2247 727 2298 ecclesiasticam
748 2266 856 2296 cum
873 2248 1017 2298 civilis
1039 2249 1307 2316 reipublicae
1328 2252 1588 2300 hierarchia
1606 2252 1839 2300 conciliari

157 2318 284 2366 nullo
304 2322 443 2370 modo
463 2341 613 2389 posse.
637 2325 768 2388 Ergo,

225 2394 332 2442 105.
366 2399 504 2464 Resp.
533 2399 654 2464 Neq.
691 2400 807 2448 min.
836 2399 907 2448 Ad
940 2401 1004 2447 1ιᾙ
1039 2417 1150 2450 vero
1183 2401 1316 2469 prob.
1351 2402 1474 2467 Neq.
1513 2404 1684 2452 iterum
1717 2404 1832 2452 min.

158 2469 313 2534 quoad
343 2489 503 2522 omnes
532 2484 706 2541 partes,
750 2476 900 2541 Atque
929 2476 980 2522 in
1006 2477 1169 2542 primis
1200 2497 1299 2525 non
1330 2479 1642 2544 suffragantur
1670 2480 1836 2530 adver-

156 2546 285 2592 sariis
315 2547 426 2595 Acta
455 2552 732 2615 apostolica,
763 2553 942 2600 etenim
975 2569 1032 2599 ex
1058 2555 1286 2621 principio
1312 2556 1520 2622 ipsorum
1547 2556 1837 2605 adversario-

157 2639 261 2669 rum
277 2659 290 2682 ,
310 2626 436 2689 quod
457 2627 630 2692 pendet
646 2646 672 2675 a
691 2629 850 2677 divino
866 2647 917 2677 ac
937 2631 1136 2680 naturali
1150 2637 1254 2696 jure
1270 2668 1286 2693 ,
1312 2643 1529 2681 constans
1542 2651 1642 2682 esse
1664 2634 1803 2682 debet
1819 2671 1832 2693 ,

156 2716 242 2747 nec
268 2698 353 2747 ulli
375 2704 622 2751 mutationi
650 2703 934 2765 obnoxium3
963 2706 1168 2774 alioquin
1195 2709 1383 2757 irritum
1412 2710 1534 2758 illico
1564 2728 1617 2759 ac
1648 2710 1833 2758 nullum

207 2885 260 2937 (1)
287 2886 397 2939 Apud
423 2888 647 2931 Theodoret.
682 2891 797 2932 Hist.
830 2891 956 2933 eccles.
1078 2893 1129 2945 (3)
1152 2896 1282 2936 Storia
1313 2896 1374 2936 del
1405 2897 1555 2937 Camil.
1581 2897 1623 2936 di
1654 2897 1797 2936 Tremo
1814 2922 1830 2944 ,

154 2949 223 2989 lib.
242 2964 253 2989 ι
271 2981 282 2999 ,
307 2966 390 3004 cap.
414 2967 458 3007 9.
1024 2956 1095 2998 lib.
1129 2973 1207 3000 vlu.

208 3015 258 3066 (2)
287 3016 402 3068 Epist.
422 3032 552 3061 vani.
