2028 3354
420 187 549 215 PART.
589 184 621 213 l.
660 184 781 214 SECT.
822 183 874 212 11.
914 183 1012 213 GAP.
1053 184 1086 211 1.
1127 183 1181 211 DE
1215 180 1346 212 PETRI
1379 180 1594 209 PfflMA'rU.

1765 160 1858 209 333

219 301 328 348 492.
366 302 526 364 Neque
544 307 766 363 praeterea
795 296 1023 359 ejusmodi
1049 295 1365 361 principatum
1385 292 1547 341 Jacobi
1561 292 1734 342 evincit
1750 295 1853 354 ejus

149 377 443 442 episcopatus
489 374 939 438 hierosolymitanus.
984 374 1103 420 Nam
1164 372 1271 419 licet
1308 370 1602 434 Solymorum
1649 368 1847 417 Ecclesia

151 454 302 518 prima
326 453 464 500 fuerit
487 454 801 514 antiquitate,
826 467 925 497 non
944 459 1104 497 tamen
1130 450 1282 514 prima
1306 448 1393 494 fuit
1413 449 1648 510 diym'tate
1675 455 1722 495 et
1739 464 1850 494 ma·

149 529 361 594 gisterio3
382 528 598 577 universa
611 528 739 574 enim
766 526 963 574 Ecclesia
979 525 1302 590 praestantiam
1317 523 1555 586 dignitatis
1577 524 1628 570 in
1655 522 1851 571 Ecclesia

148 622 342 651 romana
360 622 544 668 semper
569 603 757 667 agnovit
775 603 863 669 (l).
888 600 1109 649 Praeclare
1128 601 1265 646 Joan.
1294 600 1650 663 Chrysostomus
1679 619 1690 647 :
1716 601 1856 665 Quod

148 685 194 727 si
212 685 323 744 quis
358 683 541 728 dixerit
566 701 579 728 :
612 681 716 727 Cur
744 696 849 744 erqo
889 678 1102 726 Jacohus
1139 677 1581 738 Hierosolymorum
1625 677 1852 725 thronum
1891 680 1893 682 ’

147 757 371 821 aceepit?
405 758 710 821 Respondebo
744 776 758 801 .-

804 756 1009 801 Petrum
1051 770 1150 800 non
1187 752 1355 799 throni
1382 752 1531 814 hujus
1549 790 1563 807 ‚
1593 753 1678 799 sed
1710 756 1854 802 totius

147 835 277 881 orbis
318 835 551 882 doctorem
580 851 612 879 a
647 833 833 881 Christo
862 838 1096 877 statutum
1138 832 1293 892 fuisse
1336 829 1426 893 (2).
1477 830 1534 876 Et
1578 828 1718 894 paulo
1746 840 1852 895 post

150 1002 279 1027 norem
313 988 493 1036 Domini,
527 984 632 1039 cujus
666 994 741 1024 erat
765 985 900 1033 frater,
929 994 964 1025 et

148 1063 182 1093 et
194 1058 280 1106 quia
293 1053 627 1105 Hierosolymorum
646 1052 849 1104 Episcopus
868 1058 961 1098 erat,

149 1119 214 1157 ubi
235 1119 313 1156 haec
336 1118 556 1170 gerebantur
571 1148 580 1166 ‚
606 1118 782 1169 idemque
810 1118 963 1155 maximi

148 1187 310 1223 nominis
351 1184 449 1237 apud
485 1182 635 1221 Judaeos
670 1183 717 1221 ob
760 1185 963 1221 sanctitatis

149 1252 386 1302 opinionem,
404 1258 445 1288 ut
459 1249 577 1302 liquet
600 1263 643 1287 ex
661 1248 821 1299 Josepho
846 1257 881 1286 et
896 1248 965 1287 He·

148 1318 311 1369 gesippo.
340 1314 416 1353 Cfr.
441 1317 481 1352 in
512 1314 659 1353 Comm.
694 1317 734 1352 in
762 1314 864 1352 hunc
889 1315 961 1352 loc.

148 1381 321 1420 Ceterum
331 1395 417 1420 vere
424 1382 617 1429 haereticis,
634 1381 672 1418 id
683 1389 750 1427 est,
763 1388 965 1432 protestan-

148 1448 247 1486 tibus
283 1450 397 1486 aetatis
426 1455 554 1485 nostrae
585 1454 709 1497 aptare
738 1460 933 1498 possumus
950 1476 961 1494 ‚

150 1514 253 1566 quod
277 1514 322 1552 de
348 1514 525 1551 haereticis
550 1512 663 1550 aetatis
681 1525 755 1550 suae
783 1512 967 1552 scribebat

150 1577 370 1617 Anastasius
410 1578 551 1616 Sinaita
569 1608 580 1628 ,
623 1580 662 1615 in
701 1592 763 1628 op.
808 1580 867 1616 cui
905 1581 963 1621 tit.

151 1641 326 1691 '03270'52
347 1658 410 1684 seu
430 1642 519 1681 Dua:
531 1644 626 1689 viae,
654 1643 854 1682 Adversus
881 1657 965 1682 ace-

143 1708 401 1762 phalos‚cap.
429 1709 489 1757 13,
514 1708 813 1761 edit.Ingolstad.
837 1707 962 1757 1606,

149 1789 235 1827 pag.
266 1773 342 1825 240

153 1838 304 1880 {olnae-tu
326 1838 608 1892 μονοφθάλμοις
624 1839 715 1880 rto-i»
740 1837 962 1894 ἀνθρώποις,

378 1789 389 1813 :
418 1775 524 1813 Ἀλλ’
553 1776 581 1813 οἱ
617 1777 794 1827 αἱρετικὸῐν
831 1773 964 1817 παῖδες

149 1905 201 1947 ro?
233 1905 297 1957 μέι
325 1914 389 1946 τῶν
428 1905 584 1960 πατέρων
615 1910 876 1960 καθαιροῦντες,
917 1905 964 1946 τοὶ

151 1972 197 2013 δὲ
223 1978 452 2027 παρορῶντες
471 2005 481 2021 ,
514 1988 649 2025 nempe
676 1987 686 2013 ε
715 1973 772 2011 Et
792 1974 965 2014 hoeretiei

149 2041 300 2093 quidem
329 2041 474 2079 similes
491 2047 581 2078 smzt
605 2040 843 2089 monoculi-s,-
861 2054 966 2091 quae-

148 2107 237 2146 dam
252 2108 356 2146 enim
376 2106 539 2145 Petrum
566 2107 689 2157 (idem
709 2106 769 2143 dic
793 2106 839 2144 de
862 2104 963 2144 Scri-

151 2175 266 2224 pturis
290 2174 302 2223 )
341 2172 443 2211 dicta
482 2171 737 2221 intelligunt;
768 2170 849 2209 alia
879 2183 964 2209 vero

145 2243 391 2290 proetereunt.
419 2239 569 2277 Etenim
585 2267 594 2284 ‚
621 2240 650 2275 si
679 2238 783 2276 hunc
809 2238 963 2276 unicum

150 2303 274 2342 locum
290 2306 449 2356 excipias
469 2303 592 2342 Galat.
618 2316 646 2341 11
661 2333 670 2351 ‚
691 2316 731 2355 9,
757 2310 794 2341 et
812 2302 965 2355 quidem

151 2369 403 2421 probabilibus
425 2371 470 2409 de
485 2372 628 2418 causis,
654 2370 810 2421 ubique,
834 2371 910 2408 sive
924 2371 964 2406 in

152 2435 386 2486 EvangeliiS,
414 2439 489 2474 sive
523 2439 559 2474 in
596 2435 675 2474 aliis
706 2434 800 2472 Novi
836 2434 962 2474 Testa—

152 2503 269 2538 menti
291 2500 414 2547 libris,
433 2501 498 2539 ubi
520 2502 658 2539 mentio
686 2501 729 2537 fit
753 2499 847 2539 Petri
872 2501 962 2539 alio·

153 2581 312 2619 rumque
342 2564 597 2619 Apostolorum
618 2594 629 2615 ,
662 2574 870 2605 constanter
895 2566 965 2604 Pe-

151 2641 226 2670 trus
252 2634 372 2684 primo
403 2632 482 2670 loeo
521 2640 759 2681 recensetum
797 2638 964 2671 attamen

151 2701 239 2752 quia
263 2700 325 2737 hic
344 2700 462 2748 primo
492 2697 573 2736 loco
605 2696 932 2748 ponitur-jacobus
949 2726 959 2744 ‚

150 2764 287 2803 deinde
313 2763 455 2816 Cephas
481 2765 717 2810 nominatur,
737 2772 856 2802 cetera
883 2776 963 2802 om-

150 2832 213 2869 nia
236 2832 446 2870 testimonia
476 2837 733 2880 praetereuntes
747 2857 759 2874 ,
781 2828 959 2877 inferunt,

149 2896 331 2934 Jacobum
350 2898 574 2948 superiorem
593 2895 706 2933 fuisse
720 2894 847 2933 Petro!

203 2960 258 3013 (l)
287 2960 553 3001 Cfr.Emman.
579 2959 817 3000 Schelstraete
840 2973 850 2998 :
875 2960 962 2998 An-

148 3028 307 3079 tiquitao
317 3025 515 3078 Eoo-lecim,
529 3026 653 3068 Romae
675 3025 794 3080 1697,
806 3034 901 3067 tom.
915 3039 960 3075 11,

1031 985 1174 1023 dissert.
1192 1000 1227 1030 v,
1253 998 1331 1037 cap.
1347 984 1392 1024 51
1413 1013 1423 1033 ,
1437 984 1501 1023 ubi
1520 984 1699 1032 ostendit,
1728 985 1852 1024 sedern

1030 1050 1395 1103 hierosolymitanam
1431 1051 1551 1089 solum
1588 1052 1741 1090 honoris
1775 1053 1851 1103 pri-

1031 1117 1205 1168 vilegium
1234 1129 1308 1168 prae
1337 1119 1473 1155 caeteris
1499 1116 1701 1155 Palaestinae
1720 1119 1851 1156 civita-

1029 1183 1129 1220 tibus
1151 1197 1170 1221 a
1192 1191 1353 1233 tempore
1371 1182 1455 1221 AElii
1470 1180 1651 1221 Hadriani
1665 1197 1784 1236 usque
1807 1183 1854 1222 ad

1031 1250 1152 1301 quarti
1173 1248 1285 1287 seculi
1299 1249 1414 1286 finem
1433 1250 1626 1297 meruisse,
1647 1257 1729 1300 post
1742 1250 1844 1302 quod

1030 1322 1175 1365 tempus
1197 1313 1356 1365 Cyrillus
1387 1312 1604 1365 dignitatem
1631 1315 1847 1366 metropoli-

1032 1388 1160 1418 tanam
1181 1409 1193 1426 ,
1230 1378 1394 1417 Joannes
1431 1393 1518 1418 vero
1554 1380 1849 1432 autocephaliam

1030 1445 1317 1497 praetenderent.
1353 1444 1450 1484 Sane
1482 1444 1674 1484 Nicaenum
1710 1446 1847 1485 Conci-

1030 1511 1140 1557 lium,
1165 1524 1250 1548 can.
1268 1524 1320 1548 vn
1334 1540 1345 1558 ‚
1368 1510 1447 1549 haec
1468 1511 1582 1550 habet
1600 1523 1610 1550 z
1630 1510 1739 1565 Quia
1760 1525 1849 1551 con-

1030 1575 1188 1614 suetudo
1226 1575 1394 1614 obtinuit
1429 1582 1465 1614 et
1489 1578 1650 1631 antiqua
1673 1577 1847 1627 traditio,

1031 1650 1075 1680 ut
1086 1642 1213 1681 AEliae
1227 1640 1445 1694 Episcopus
1462 1642 1668 1682 honoretur
1682 1674 1692 1691 ‚
1710 1643 1848 1684 habeat

1030 1708 1186 1747 honoris
1209 1710 1520 1759 consequentiam
1539 1739 1549 1755 ‚
1576 1708 1683 1748 salva
1708 1716 1846 1749 metro-

1025 1772 1109 1825 poli
1123 1774 1287 1825 propria
1307 1773 1509 1825 di9nitate.
1540 1774 1685 1826 Quibus
1707 1783 1848 1828 postre-

1030 1841 1101 1878 mis
1124 1840 1246 1877 verbis
1266 1839 1388 1878 Patres
1407 1839 1547 1879 Nicaeni
1562 1842 1699 1880 salvam
1719 1843 1849 1882 volunt

1032 1907 1243 1958 metropolis
1258 1905 1500 1946 Caesareensis
1513 1908 1735 1961 dignitatem
1752 1939 1762 1956 ‚
1782 1923 1848 1949 cu-

1026 1975 1088 2026 jus
1114 1972 1371 2026 Hierosolyma
1399 1982 1487 2012 tunc
1508 1984 1583 2013 erat
1601 1975 1845 2028 suffraganea.

1030 2038 1197 2078 Primum
1213 2053 1356 2091 semper
1379 2040 1502 2078 locum
1527 2040 1660 2078 habuit
1682 2041 1847 2081 Ecclesia

1029 2104 1197 2143 Romana
1233 2107 1273 2142 in
1302 2110 1377 2143 tota
1409 2107 1653 2158 antiquitate,
1690 2108 1848 2146 Alexan-

1030 2170 1138 2208 drina
1161 2171 1366 2209 secundum
1383 2201 1393 2217 ‚
1424 2173 1573 2210 tertium
1598 2182 1682 2210 vero
1711 2172 1841 2212 Antio-

1030 2235 1173 2285 chena,
1208 2237 1321 2288 idque
1359 2239 1399 2274 in
1433 2238 1613 2276 honorem
1647 2236 1687 2277 S.
1720 2237 1843 2287 Petri,

1030 2303 1095 2363 quri
1106 2309 1170 2340 aut
1185 2303 1225 2340 in
1245 2302 1317 2339 illis
1333 2302 1504 2342 Ecclesiis
1525 2304 1645 2350 sedit,
1667 2312 1731 2342 aut
1747 2306 1847 2344 misit

1029 2367 1254 2420 discipulum
1284 2382 1395 2407 suum
1421 2368 1569 2421 speciali
1599 2371 1775 2410 missione
1797 2372 1844 2410 ad

1030 2447 1112 2472 eam
1153 2435 1419 2473 instituendam
1448 2463 1461 2485 ‚
1507 2434 1673 2474 Marcum
1710 2451 1844 2489 nempe

1030 2499 1305 2540 Alexandriam.

1086 2565 1136 2617 (2)
1166 2569 1208 2604 Εἰ
1227 2563 1269 2604 δὲ
1286 2564 1388 2615 λέγω
1403 2583 1475 2615 τις,
1494 2570 1569 2610 πὸς
1584 2565 1635 2607 οἷν
1650 2568 1667 2606 ὅ
1681 2568 1841 2615 Ιαίκωβος

1030 2627 1086 2669 τὸ
1104 2629 1210 2683 Opo'vor
1229 2628 1342 2681 ἔλαβε
1358 2637 1423 2671 ’νῦν
1443 2632 1715 2686 Ἰεροσ-ολιῖμανς
1736 2634 1840 2673 ἐκεῖνο

1031 2692 1071 2736 ἶὺ
1099 2696 1257 2749 εἴποιμι,
1288 2696 1341 2738 ἔτι
1380 2703 1499 2739 τοῦτον
1534 2701 1572 2739 οὗ
1599 2704 1662 2739 τοῦ
1691 2699 1839 2753 θ’ρᾶνου,

1029 2760 1131 2804 imai
1164 2768 1227 2809 τῆς
1268 2763 1470 2815 οἰκουμένης
1506 2763 1744 2819 ἔχειροτὸνησε
1779 2763 1838 2803 δι-

1031 2826 1233 2870 δάσκαλον.
1251 2830 1338 2870 Loc.
1364 2833 1428 2871 cit.
1456 2846 1497 2870 ex
1524 2833 1650 2870 Hom.
1666 2844 1838 2878 Lxxxvm,

1029 2896 1075 2933 in
1097 2894 1216 2958 Joan.
1248 2905 1337 2936 tom.
1378 2911 1467 2946 vui,
1498 2911 1581 2950 pag.
1622 2895 1715 2949 5⁴²7·
1751 2896 1837 2935 edit.

1029 2960 1164 3002 Momf.
