2028 3354
216 181 277 230 37
283 184 312 230 6

715 202 871 231 TRACT.
907 204 962 232 ΒΕ
997 204 1113 235 Locls
1146 206 1444 237 THEOLOGICIS.

285 313 400 361 551.
437 313 491 359 40
515 313 797 377 Conspirant
827 315 1074 362 innumera
1110 318 1431 381 antiquissima
1470 319 1747 367 documenta
1766 356 1779 381 ‚
1810 338 1910 386 quae

219 391 376 436 Romae
398 389 637 453 potissime
659 387 928 436 invisuntur
949 391 998 436 in
1029 392 1220 455 picturis
1246 429 1260 452 a
1285 397 1491 442 nummis
1512 432 1525 454 ἦ
1550 396 1804 460 parietibus
1824 433 1838 455 ·>
1858 415 1910 444 ac

219 464 459 529 sepulcroa
496 480 589 528 quo
622 467 724 526 jam
753 483 778 511 a
821 466 974 513 seculo
1020 468 1081 513 111
1122 469 1256 530 Cajus
1298 470 1383 517 sub
1421 472 1687 537 Zephyrino
1726 472 1913 521 haereti÷

220 557 379 587 corum
420 538 808 605 cataphrygarum
844 542 1086 606 frangebat
1116 543 1384 605 audaciam,
1414 564 1491 594 eos
1525 548 1825 613 provocando
1853 549 1913 596 ad

216 616 464 665 invisenda
494 618 701 680 trophaea
726 654 738 676 7
782 628 835 664 ut
873 620 971 683 ipse
1009 620 1247 685 loquitur7
1295 622 1619 686 Apostolorum
1643 662 1656 684 a
1699 625 1914 674 videlicet

218 695 345 740 Petri
370 700 417 741 et
446 694 575 753 Pauli
607 695 816 759 sepulcra
836 696 923 759 (l).

285 769 396 816 552.
438 770 491 815 50
519 771 765 835 Conspirat
805 773 1050 820 universus
1091 774 1252 820 christi
1285 793 1372 821 nus
1411 775 1563 834 orbisq
1610 779 1733 843 apud
1772 797 1911 844 quem

218 845 518 894 celeberrima
562 846 649 892 fuit
691 846 764 895 vel
804 865 826 894 a
860 850 1167 897 remotissima
1198 851 1472 915 antiquitate
1510 855 1817 917 peregrinatio
1854 856 1914 903 ad

219 922 429 987 sepulcra
466 932 734 969 sanctorum
779 924 1103 988 Apostolorum
1143 926 1242 988 (2)3
1295 944 1379 974 nec
1419 928 1573 975 minus
1622 929 1813 978 celebris
1845 941 1915 978 est

219 998 527 1045 Ecclesiarum
548 1007 651 1043 tum
670 999 966 1046 orientalium
985 1010 1087 1047 tum
1115 1001 1471 1049 occidentalium
1495 1005 1683 1052 traditio
1712 1007 1770 1054 de
1801 1008 1921 1054 Petri

221 1082 373 1121 morte
403 1084 451 1120 et
480 1073 700 1121 cathedra
734 1075 942 1135 ejusdem
980 1094 1171 1124 romana
1190 1112 1203 1137 7
1241 1081 1368 1139 cujus
1400 1079 1497 1126 dies
1529 1081 1674 1128 festus
1704 1083 1921 1131 anniver-

218 1150 364 1196 sarius
392 1149 451 1197 ab
478 1150 838 1197 immemorabili
861 1161 1073 1218 tempore
1110 1152 1306 1200 solemni
1330 1154 1596 1203 celebritate
1616 1158 1784 1206 colitur
1814 1159 1885 1223 (3)
1904 1177 1921 1215 ;

218 1226 494 1274 universalis
515 1226 705 1273 demum
734 1230 970 1274 veneratio
994 1246 1045 1275 ac
1072 1229 1295 1292 subJ'ectio
1312 1248 1415 1294 erga
1437 1248 1679 1280 romanam
1709 1234 1875 1282 Sedem
1905 1273 1918 1295 ,

219 1300 279 1349 ob
314 1319 563 1349 romanum
603 1319 773 1366 nempe
804 1304 928 1350 Petri
957 1306 1294 1370 episcopatum.

285 1378 396 1424 553.
437 1379 551 1436 Quae
570 1394 676 1425 cum
698 1380 764 1426 ita
783 1396 831 1426 se
852 1379 1084 1441 habeant,
1116 1399 1222 1428 cum
1246 1381 1430 1430 nullum
1445 1384 1622 1432 factum
1645 1386 1918 1448 historicum

218 1460 349 1500 tanta
379 1454 657 1519 scriptorum
696 1466 1206 1522 monumentorumque
1245 1460 1587 1523 conspiratione
1630 1462 1916 1523 universali,

219 1532 451 1578 constanti
476 1567 489 1590 ‚
519 1532 716 1596 perenni
749 1533 988 1580 firmatum
1019 1551 1070 1580 ac
1101 1535 1411 1581 constitutum
1440 1537 1499 1583 sit
1518 1573 1530 1596 7
1565 1538 1823 1600 cujusmodi
1847 1548 1917 1586 est

219 1606 344 1654 istud
366 1607 424 1654 de
460 1608 586 1655 Petri
618 1609 668 1654 in
697 1608 873 1656 Urbem
909 1610 1136 1671 adventu,
1168 1612 1437 1676 episcopatu
1480 1622 1621 1678 atque
1657 1615 1879 1678 martyrio
1900 1652 1915 1677 ‚

214 1686 321 1745 jure
351 1684 519 1731 merito
549 1684 900 1747 concludimus,
928 1696 1007 1733 aut
1029 1704 1219 1735 omnem
1247 1687 1451 1735 historiae
1474 1690 1616 1752 fidem
1644 1707 1742 1739 esse
1768 1691 1918 1738 dene-

218 1759 447 1823 gandam,
474 1770 554 1807 aut
586 1770 710 1807 certe
753 1762 927 1809 factum
964 1764 1092 1811 istud
1116 1764 1373 1810 necessario
1413 1764 1773 1814 admittendum.
1810 1768 1917 1815 Haec

208 1837 377 1901 *omnia
399 1838 737 1884 confirmantur
755 1855 809 1884 ex
833 1856 912 1898 eo,
937 1841 1062 1903 quod
1076 1858 1216 1888 nemo
1238 1840 1311 1887 vel
1338 1840 1680 1890 infensissimus
1709 1843 1916 1892 Ecclesiae

219 2025 299 2051 cem
330 2013 439 2053 habet
465 2028 475 2052 ε
499 2014 682 2052 Finitmn
702 2022 755 2052 est
779 2015 1031 2068 Evanqelium

211 2068 513 2130 proeklicaea'onie
555 2080 716 2128 Marci,
753 2082 853 2132 quod
886 2082 1032 2121 locutus

217 2152 276 2181 est
293 2150 328 2182 et
338 2144 570 2197 praedicavit
585 2145 595 2195 (
611 2146 711 2197 quod
723 2147 785 2185 hic
801 2148 1030 2187 tantumdem

218 2209 315 2249 valet
338 2224 380 2249 ac
397 2210 555 2263 scripsit
571 2241 580 2256 ‚
618 2224 702 2248 cum
731 2212 811 2249 talis
845 2215 953 2251 etiam
978 2216 1030 2252 vis

219 2276 264 2313 sit
295 2284 332 2314 et
360 2285 517 2328 potestas
541 2275 711 2316 vocabuli
745 2276 897 2326 Sabor,
925 2279 1029 2331 juxta

218 2353 328 2379 usum
363 2343 529 2394 ejusdem
570 2344 777 2394 interpretis
804 2346 921 2396 quoad
958 2346 1027 2384 alia

219 2407 450 2458 evangelia)
480 2408 599 2446 latine
639 2408 778 2447 Romoe.
815 2409 885 2447 Alii
932 2414 1025 2449 anti-

220 2472 391 2522 quissimi
421 2479 529 2512 testes
553 2474 622 2511 cfr.
661 2474 760 2525 apud
780 2474 997 2526 Fogginium
1013 2508 1022 2525 ‚

218 2548 283 2587 op.
313 2538 376 2574 cit.
398 2540 546 2576 exercit.
579 2551 639 2576 ιι.

270 2602 319 2652 (Ι)
350 2602 430 2642 Cfr.
466 2604 602 2643 Euseb.
633 2605 702 2643 lib.
743 2619 793 2650 11,
828 2620 908 2658 cap.
944 2607 1019 2656 25,

214 2669 278 2719 qui
293 2677 462 2718 praeterea
476 2669 570 2707 ibid.
584 2680 848 2709 commemorat
869 2674 1022 2726 inscrip-

211 2734 355 2780 tiones,
381 2748 445 2773 seu
478 2743 518 2772 ut
548 2737 652 2773 vertit
683 2735 880 2774 Valesius:
909 2739 1022 2777 Petri

210 2798 406 2849 Paulique
454 2801 609 2838 nomine
652 2802 843 2852 insiqnita
880 2817 1017 2843 monu-

210 2870 335 2901 menta
356 2894 365 2910 ‚
393 2877 478 2915 quw
512 2867 555 2902 in
588 2865 697 2904 urbis
721 2867 850 2906 Romae
883 2883 1016 2908 caeme-

207 2929 316 2965 teriia
339 2930 550 2968 etiamnum
586 2933 783 2977 visuntur,
810 2934 858 2972 ad
885 2937 1020 2974 confir-

206 2997 407 3035 mationem
425 2998 601 3048 passionis
619 2997 683 3038 SS.
708 2998 967 3051 Apostolorum
980 3004 1020 3041 in

1100 2018 1192 2056 urbe
1219 2018 1359 2057 Romae.
1393 2018 1447 2058 De
1478 2022 1745 2073 antiquissimis
1778 2024 1917 2073 pariter

1100 2083 1359 2135 Apostolorum
1382 2084 1477 2123 Petri
1510 2094 1545 2124 et
1569 2086 1670 2125 Pauli
1695 2087 1915 2138 imaginibus

1101 2150 1266 2202 loquitur
1286 2150 1383 2188 idem
1399 2150 1578 2189 Eusebius
1592 2179 1605 2200 ,
1622 2151 1689 2190 lib.
1705 2164 1772 2200 vn,
1787 2166 1820 2190 c.
1850 2142 1926 2192 18.ΧῚ

1157 2214 1210 2264 (ἒ)
1250 2214 1304 2252 De
1354 2217 1621 2267 antiquissimis
1669 2217 1770 2255 hisce
1807 2231 1913 2268 pere-

1098 2280 1367 2331 grinationibus
1398 2282 1443 2320 ad
1470 2280 1600 2319 limina
1624 2281 1910 2334 Apostolorum,

1097 2359 1139 2384 ex
1161 2347 1330 2383 universo
1354 2346 1446 2384 orbe
1472 2347 1674 2386 christiano
1698 2351 1874 2400 susceptis
1896 2377 1909 2397 ,

1095 2410 1162 2448 cfr.
1204 2409 1397 2449 Gretzerus
1428 2440 1439 2459 ‚
1496 2410 1553 2450 De
1584 2415 1707 2451 sacris
1735 2415 1908 2467 peregri-

1094 2477 1242 2516 nation.
1264 2476 1333 2516 lib.
1352 2491 1399 2525 11,
1423 2492 1504 2529 cap.
1540 2492 1551 2516 1
1575 2508 1586 2528 ,
1603 2488 1638 2518 et
1664 2494 1746 2532 cap,
1769 2493 1796 2533 9
1811 2510 1822 2527 ‚
1850 2493 1908 2528 ιο,

1099 2555 1140 2580 ιι
1167 2571 1177 2589 ‚
1210 2556 1280 2590 12,
1313 2542 1387 2592 13,
1430 2544 1501 2594 14,
1530 2558 1594 2596 op.
1635 2546 1725 2585 edit.
1756 2544 1900 2584 Rausb.

1093 2616 1186 2646 tom.
1215 2621 1264 2645 lv.

1147 2672 1199 2726 (3)
1230 2673 1307 2712 Cfr.
1340 2675 1385 2713 de
1411 2675 1482 2714 hoc
1514 2675 1606 2714 festo
1641 2676 1817 2714 Baronius
1858 2674 1900 2713 in

1088 2740 1255 2777 adnotat.
1272 2752 1275 2755 ’
1295 2740 1341 2777 ad
1375 2740 1673 2792 Martyrologium
1707 2739 1815 2778 Rom.
1840 2740 1899 2779 die

1092 2805 1139 2844 18
1172 2806 1261 2845 Jan.
1286 2816 1320 2845 et
1335 2807 1535 2846 Bollandus
1554 2810 1593 2845 in
1618 2807 1731 2845 Act-is
1762 2806 1895 2847 Sanct.

1086 2882 1177 2911 tom.
1204 2880 1229 2911 n
1248 2904 1257 2921 ‚
1281 2887 1397 2912 mens.
1425 2873 1575 2911 Janaur.
1593 2872 1639 2910 ad
1660 2871 1761 2911 hunc
1776 2873 1897 2925 ipsum

1085 2937 1196 2977 diem.

2003 471 2017 493 ἲ,
