2028 3354
264 207 358 254 390
752 222 909 251 rnAo'r.
950 222 1003 250 DE
1040 222 1160 252 Locis
1195 224 1498 255 THEOLOGIGIS.

266 339 304 387 si
342 338 508 402 reliqui
544 336 752 401 Apostoli
797 345 970 384 certam
1015 336 1101 383 sibi
1137 338 1293 386 sedem
1328 359 1423 387 non
1466 340 1726 405 elegerunt,
1765 342 1833 388 uti
1872 341 1958 389 sibi

267 417 428 462 Petrus
455 430 696 459 romanam
716 411 887 476 delegit
905 450 916 472 .,
941 413 1047 461 ideo
1074 423 1144 460 est
1166 415 1273 480 quia
1296 416 1345 462 in
1372 417 1461 464 illis
1484 436 1578 465 non
1604 418 1792 466 extabat
1818 434 1958 483 pecu-

266 490 390 536 liaris
407 507 466 541 ‚ea
490 489 629 548 ratio.
653 508 742 554 qua
782 492 946 536 Petrus
974 490 1032 536 ad
1060 508 1192 537 suam
1215 491 1473 554 eligendam
1503 494 1663 542 debuit
1684 494 1960 560 permoveri.

267 544 434 612 Petruis
465 565 618 625 enim‚
652 575 821 631 praeter
845 566 1156 632 apostolatum
1189 567 1404 615 omnibus
1435 570 1616 634 collegis
1639 573 1729 619 suis
1760 589 1964 620 commu—

266 658 374 689 nem
392 679 405 699 ..
443 642 609 689 habuit
630 644 883 707 primatum
910 644 958 689 in
979 643 1245 690 universam
1267 644 1512 692 Ecclesiam
1532 682 1544 705 ἢ
1575 665 1715 712 quem
1733 666 1837 695 cum
1864 648 1962 707 alii,

268 717 382 764 dum
403 718 501 783 ipse
529 718 576 764 in
604 719 720 766 vivis
744 729 930 781 ageret,
969 719 1149 766 tradere
1180 737 1275 766 non
1306 730 1462 784 posset
1479 757 1491 779 a
1525 721 1687 770 debuit
1714 724 1967 772 necessario
2001 743 2004 746 ⁴

268 802 442 841 certam
471 793 636 857 eligere
660 794 837 841 Sedem
855 831 867 853 Ἰ
902 795 952 841 in
984 812 1073 858 qua
1096 796 1322 859 primatus
1351 796 1424 843 hic
1451 796 1538 843 sibi
1567 797 1788 855 divinitus
1813 799 1970 847 collati

270 869 556 934 relinqueret
587 869 819 916 haeredem
838 907 850 925 .,
876 887 980 916 cum
1006 887 1061 917 ex
1100 871 1267 917 Christi
1304 872 1596 920 institutione
1620 873 1811 921 deberet
1835 880 1969 938 juxta

271 944 388 992 dicta
425 963 522 992 esse
556 954 822 1010 perpetuus.

337 1021 446 1067 570.
489 1020 555 1067 Ad
590 1020 682 1080 31¹¹7
717 1020 835 1083 Neq.
865 1022 941 1067 Uti
965 1029 1146 1067 constat
1172 1038 1229 1067 ex
1258 1022 1524 1089 episcopatu
1550 1024 1727 1073 Jacobi.
1756 1025 1971 1086 Accedit,

274 1097 452 1161 optime
492 1096 696 1161 potuisse
728 1098 918 1143 Petrum
948 1106 1201 1162 utrumque
1229 1113 1400 1143 munus
1425 1103 1705 1165 conjungere
1723 1136 1737 1161 ἢ,
1771 1101 1974 1168 Apostoli

273 1190 447 1237 nempe
479 1181 619 1237 atque
649 1174 875 1238 Episcopi.
915 1173 1179 1220 Constituta
1213 1173 1339 1219 enim
1369 1175 1512 1221 semel
1535 1177 1727 1223 Ecclesia
1755 1194 1972 1237 romana,

275 1250 429 1315 potuit
451 1250 773 1315 episcopatum
798 1267 883 1314 per
909 1250 1133 1297 vicarium
1157 1248 1485 1297 administrare
1503 1288 1515 1310 7
1547 1269 1599 1298 ac
1617 1253 1766 1300 varias
1798 1254 1975 1301 interea

276 1327 567 1374 excursiones
602 1327 700 1391 ipse
730 1326 905 1387 facere,
937 1335 1074 1391 prout
1114 1327 1264 1391 reipsa
1302 1328 1494 1374 Petrum
1528 1345 1576 1375 se
1601 1329 1788 1391 gessisse
1820 1329 1974 1377 certis-

275 1404 390 1451 sima
426 1403 642 1450 historica
664 1403 943 1450 documenta
976 1411 1209 1450 testantur
1236 1402 1322 1465 (l).
1849 1402 1852 1404 ’

899 1576 1227 1619 PROPOSITIO
1258 1577 1334 1618 III.

281 1724 502 1771 Romani
537 1723 818 1785 Pontifices,
866 1723 1005 1769 Petri
1052 1727 1105 1769 in
1152 1727 1424 1787 episcopatu
1458 1742 1657 1773 romano
1690 1742 1979 1783 succesores,

347 1801 481 1846 illius
494 1801 766 1863 primatum
771 1801 895 1860 jure
913 1800 1080 1845 divino
1102 1801 1417 1847 obtinuerunt
1430 1836 1441 1858 .,
1468 1818 1564 1848 non
1585 1809 1744 1848 autem
1762 1802 1982 1849 humana

347 1878 441 1921 sive
475 1876 787 1922 ecclesiastica
821 1877 914 1920 sive
938 1876 1140 1938 politica
1171 1877 1491 1938 dispositione.

351 2048 459 2095 571.
498 2049 574 2095 Uti
615 2066 669 2095 ex
699 2050 796 2114 ipsa
834 2049 1162 2114 propositionis
1191 2050 1518 2097 enunciatione
1559 2050 1734 2115 liquet.
1773 2050 1984 2116 apprime

289 2125 470 2172 secerni
497 2123 638 2171 debet
675 2125 723 2170 in
749 2126 883 2170 Rom.
910 2124 1206 2172 Pontificibus
1230 2143 1391 2172 eorum
1422 2127 1644 2172 successio
1666 2126 1715 2171 in
1737 2143 1985 2173 romanum

289 2200 416 2247 Petri
445 2201 787 2266 episcopatum7
824 2218 903 2248 seu
938 2219 1183 2248 romanam
1218 2201 1341 2248 Petri
1378 2200 1534 2249 sedem
1568 2210 1615 2248 et
1644 2200 1939 2262 cathedram,
1960 2219 1986 2248 a

291 2277 578 2324 successione
610 2279 657 2322 in
697 2280 809 2345 ejus!
823 2278 1091 2340 primatum.
1126 2278 1355 2324 Successio
1392 2276 1519 2324 enim
1555 2277 1603 2323 in
1644 2278 1769 2324 Petri
1808 2279 1985 2343 episco-

293 2361 457 2416 patum
489 2352 603 2414 juris
647 2351 938 2399 ecclesiastici
973 2362 1043 2399 est
1061 2389 1073 2412 7
1107 2353 1330 2400 successio
1364 2350 1473 2401 vero
1501 2353 1550 2398 in
1587 2352 1710 2400 illius
1734 2355 1987 2418 primatum

291 2437 361 2473 est
382 2429 500 2489 juris
532 2428 669 2492 plane
695 2429 857 2475 divini.
883 2429 1111 2475 Successio
1128 2429 1176 2475 in
1201 2429 1323 2475 Petri
1347 2428 1504 2476 sedem
1532 2430 1598 2475 uti
1617 2428 1819 2477 conditio
1839 2428 1986 2477 solum

353 2616 406 2666 (1)
436 2615 512 2654 cfr.
549 2615 819 2667 Papebrochius
845 2646 855 2663 ‚
886 2619 925 2654 in
954 2632 1027 2668 op:
1042 2620 1104 2656 cit.
1183 2618 1403 2669 episcopalia
1431 2632 1582 2657 munera
1607 2619 1764 2657 obirent.
1792 2618 1897 2656 Idem
1922 2631 1983 2655 os-
2024 2640 2027 2641 ν

290 2680 495 2733 Responsio
521 2680 572 2719 ad
599 2681 758 2719 exhibit.
782 2694 949 2719 errorum
967 2712 978 2732 ,
1015 2691 1105 2733 part.
1179 2683 1299 2722 tendit.
1323 2684 1466 2722 Isaacus
1481 2684 1631 2723 Vossius
1649 2714 1660 2726 .
1681 2685 1720 2722 in
1738 2683 1923 2735 Respom.
1939 2682 2000 2726 ad,
2023 2674 2026 2678 ⁴

292 2759 304 2782 1
322 2776 331 2789 ,
368 2753 440 2785 art.
470 2759 491 2797 7
511 2776 520 2793 ‚
544 2744 564 2797 ἓ
587 2744 612 2795 4
630 2776 640 2793 ‚
669 2747 733 2783 ubi
759 2746 965 2785 luculenter
982 2755 1108 2785 osten·
1181 2749 1519 2795 Blondellum,'“ad
1545 2751 1636 2789 calc.
1663 2757 1754 2788 tom.
1782 2762 1810 2786 ιι
1831 2779 1841 2797 ,
1871 2748 1989 2787 Patr.
2026 2778 2028 2781 -

292 2810 347 2848 dit
365 2841 373 2856 ,
400 2826 418 2849 a
447 2812 490 2851 B.
520 2810 624 2849 Petro
645 2812 798 2849 adscitos
824 2812 933 2851 fuisse
957 2813 1002 2851 ad
1036 2813 1105 2850 Ec·
1173 2814 1312 2866 Apose.
1335 2816 1528 2862 Comici-ii,
1563 2830 1640 2866 pag.
1665 2813 1770 2864 4433
1799 2829 1867 2853 nec
1898 2827 1991 2852 non
2024 2822 2025 2825 ’

298 2875 416 2913 clesiae
437 2892 530 2915 rom.
545 2877 897 2916 administrationem
919 2879 1103 2931 adjutores
1171 2879 1399 2919 Godofredus
1418 2880 1642 2918 Vendelinus
1661 2880 1699 2916 in
1712 2879 1801 2918 diss.
1819 2878 1875 2918 De
1894 2871 2014 2935 Cle-'⁸

299 2941 432 2980 Linum
459 2951 493 2980 et
514 2942 742 2982 Clementem
761 2972 771 2987 ,
798 2957 888 2995 quos
914 2945 1104 2983 ordinave-
1169 2947 1308 2983 mentis
1333 2954 1366 2982 et
1404 2946 1486 2997 ‹ffus
1508 2943 1698 2995 epistolar.
1733 2951 1896 2997 tempore
1915 2944 1978 2982 di-

294 3016 353 3045 rat
391 3008 609 3060 Episcopos,
648 3017 687 3047 ut
726 3022 764 3046 se
797 3009 948 3047 absente
981 3009 1104 3048 Romae
1170 3010 1334 3049 vinacio.
1367 3009 1463 3048 lbid'.
1489 3017 1578 3047 tom.
1603 3023 1637 3057 ι,
1666 3023 1751 3061 pag.
1786 3009 1873 3050 138.
