2028 3354
224 208 287 257 80

710 226 865 256 TRAGT.
903 227 957 257 DE
991 228 1108 260 LOCIS
1141 232 1438 263 THEOLOGICIS.

223 356 470 389 commune
499 339 674 385 donum
718 354 814 383 non
843 348 941 386 erat
971 343 1168 406 amplius
1200 343 1505 394 necessarium
1534 357 1640 413 post
1662 350 1890 399 sufficien-

224 427 320 465 tem
337 412 565 476 Evangelii
586 411 1023 476 promulgationem.
1050 418 1301 483 Nunquam
1321 438 1433 470 vero
1454 423 1746 472 affirmarunt
1761 463 1773 486 ,
1797 444 1890 475 ces.

220 508 342 540 sasse
365 489 557 537 omnino
575 488 624 535 in
646 487 841 537 Ecclesia
870 489 1145 538 charismata
1166 493 1244 541 illa
1264 530 1277 554 ,
1311 514 1414 561 quae
1438 500 1625 564 ipsimet
1646 501 1696 547 in
1716 503 1890 550 Sanctis

219 565 539 624 celebrarunt⁷
582 573 721 629 atque
760 575 1029 630 spectarunt
1057 575 1111 613 ut
1140 568 1373 632 peculium
1400 574 1538 622 solius
1570 593 1688 624 verae
1724 578 1892 626 Christi

219 640 427 690 Ecclesiae
457 640 697 706 proprium
721 640 790 704 (l)
820 644 1008 707 ejusque
1040 643 1324 707 praecipuum
1351 659 1693 698 ornamentum.

285 718 391 766 138.
430 718 501 765 Ad
522 717 614 778 3¹¹²,
643 719 768 764 Dist.
807 717 854 766 ld
880 726 949 765 est
966 754 979 777 7
1006 720 1128 783 apud
1155 720 1414 769 incredulos
1440 724 1524 771 sub
1553 725 1730 774 larvato
1764 729 1891 776 Chri-

216 797 471 844 stianorum
488 793 697 850 nomine,
721 811 849 841 conc.
864 813 879 847 ;
898 794 1022 862 apud
1037 812 1144 843 vere
1157 796 1459 859 Christianos,
1471 818 1571 864 neq.
1588 803 1780 851 Diffiteri
1794 823 1889 852 non

215 887 457 935 possumus
474 906 487 929 a
518 869 745 932 ejusmodi
775 878 978 933 systema
1005 870 1199 934 perinde
1229 889 1279 919 ae
1306 875 1699 936 rationalismum,
1724 880 1889 945 quibus

214 945 423 993 funditus
469 945 716 992 christiana
751 945 925 1009 Religio
967 947 1224 1006 evertitur,
1272 966 1369 995 esse
1398 950 1600 998 fructum
1633 955 1892 1002 naturalem

212 1021 577 1088 protestantismi
598 1020 687 1085 (2).
729 1021 921 1084 Exurgit
953 1021 1079 1068 enim
1106 1030 1203 1069 tam
1235 1032 1434 1087 systema
1456 1026 1719 1089 mythicum
1753 1046 1894 1093 quam

213 1098 553 1146 rationalismus
590 1114 648 1144 ex
683 1097 834 1161 posito
872 1097 1177 1145 fundamento
1213 1102 1584 1163 protestantismi
1611 1138 1623 1160 ,
1662 1103 1787 1167 quod
1825 1114 1894 1152 est

213 1172 404 1222 libertas
427 1173 652 1221 examinis
684 1181 731 1219 et
756 1173 1158 1237 interpretationis
1187 1174 1481 1223 individualis
1512 1177 1779 1224 Bibliorum.
1809 1180 1894 1227 Hic

213 1260 313 1299 erat
339 1267 497 1298 rerum
529 1249 676 1297 exitus
710 1248 1051 1313 expectandUS‚
1086 1266 1192 1297 eum
1230 1259 1277 1297 et
1315 1267 1448 1297 causa
1479 1269 1584 1299 suos
1624 1253 1811 1301 effeetus
1845 1264 1892 1302 et

212 1326 349 1374 arbor
376 1327 551 1373 fructus
583 1341 688 1372 suos
716 1325 928 1372 emittere
966 1324 1149 1372 debeat.
1186 1326 1402 1373 Ceterum
1432 1327 1658 1388 ejusmodi
1691 1337 1890 1392 systema

212 1402 428 1466 mythieae
451 1400 846 1466 interpretationis
865 1400 978 1447 etin
994 1417 1042 1448 se
1060 1400 1313 1448 absurdum
1333 1411 1403 1449 est
1416 1438 1430 1463 ,
1455 1412 1502 1450 et
1520 1402 1890 1452 incredulitatem

211 1477 370 1543 prodit
394 1493 555 1525 eorum
577 1513 590 1536 ‚
623 1475 702 1540 qui
725 1474 841 1522 illud
863 1475 1144 1524 invexerunt
1160 1512 1173 1535 ,
1201 1486 1254 1523 ut
1279 1493 1335 1524 ex
1365 1495 1473 1530 mox
1497 1478 1704 1527 dicendis
1726 1480 1889 1528 clarius

210 1552 404 1619 patebit.

209 1704 343 1744 raoula
354 1718 433 1744 non
440 1703 661 1757 fiunWffinc
674 1703 857 1752 videmus,
870 1711 1011 1742 utrum-

211 1783 285 1822 que
306 1771 413 1823 plura
441 1770 617 1809 miracula
655 1782 720 1807 sua
745 1776 845 1807 aetate
873 1776 1009 1820 patrata

211 1836 362 1875 referre.

262 1900 321 1951 (l)
350 1900 474 1938 Patres
501 1902 617 1951 reipsa
642 1900 776 1950 passim
800 1898 1008 1948 affirmant,

210 1966 257 2005 ab
279 1966 456 2005 haereticis
474 1994 485 2012 ‚
507 1978 569 2002 seu
593 1964 691 2016 apud
705 1965 890 2002 haereticos
906 1964 1008 2002 nulla

209 2032 289 2070 fieri
308 2030 497 2070 miracula.
515 2029 634 2068 Unius
658 2030 714 2068 vel
734 2029 883 2068 alterius
900 2029 1009 2068 verba

208 2097 339 2137 afferre
365 2103 417 2137 sat
442 2098 525 2135 erit.
560 2094 599 2134 S.
622 2095 781 2134 Irenaeus
801 2122 814 2144 ,
848 2096 915 2133 lib.
951 2109 976 2133 n
995 2125 1006 2143 ‚

207 2176 292 2216 cap.
323 2163 390 2209 31,
414 2174 454 2200 n.
481 2162 524 2210 3,
541 2161 628 2199 edit.
653 2159 764 2199 Mass.
790 2161 942 2212 loquens
963 2161 1009 2200 de

208 2230 405 2278 haereticis,
420 2231 470 2268 ait
484 2242 496 2267 :
510 2227 593 2267 Neo
604 2229 708 2265 enim
723 2228 833 2266 caecis
848 2234 1011 2279 possunt

207 2297 349 2335 donare
360 2297 499 2344 visum,
509 2308 627 2346 neque
639 2293 767 2332 surdis
776 2292 969 2332 auditum.
977 2321 1003 2333 ..

206 2375 325 2413 neque
353 2360 491 2400 debiles
515 2366 583 2399 aut
618 2359 772 2398 claudos
800 2366 868 2396 aut
886 2372 1007 2410 para-

204 2425 337 2477 lyticos
363 2438 522 2474 curare,
546 2424 604 2463 vel
624 2424 704 2462 alia
725 2423 889 2475 quadam
895 2430 1006 2475 parte

205 2490 373 2542 corporis
391 2496 589 2529 vexatos...
613 2488 787 2527 Tantum
800 2495 924 2526 autem
938 2488 1004 2526 ab·

205 2562 296 2594 aunt
308 2585 318 2603 ‚
333 2561 378 2593 ut
393 2544 583 2593 mortuum
608 2554 783 2591 excitent.
796 2550 856 2591 Sic
868 2552 908 2592 S.
924 2553 1001 2591 Au-

204 2622 389 2674 gustinus»,
417 2618 529 2662 Cont.
546 2618 591 2657 F
587 2624 739 2656 austum
751 2617 921 2656 manich.
937 2618 1002 2658 lib.

204 2699 293 2735 xm,
325 2698 406 2736 cap.
447 2683 494 2723 15
521 2697 532 2722 ε
568 2682 769 2722 Miraoula
792 2712 805 2729 ,
839 2685 998 2736 inquit,

201 2764 281 2790 non
300 2750 446 2803 facitis.
469 2749 549 2787 Alia
575 2747 681 2801 plura
701 2746 881 2802 ejusmodi
900 2751 1002 2789 testi-

204 2817 330 2855 monia
353 2815 421 2853 tibi
445 2813 630 2852 exhibebit
642 2813 806 2853 Judoous
831 2813 999 2863 Coeeius,

202 2884 244 2921 in
280 2880 476 2920 Thesauro
499 2878 706 2926 catholico,
734 2878 799 2920 lib.
824 2893 887 2918 vm
901 2911 911 2929 ,
935 2879 1000 2939 Dp

199 2947 323 2999 siquis
343 2943 526 2984 Ecclesiae
540 2974 551 2992 ,
574 2952 640 2984 art.
673 2942 734 2995 14.

255 3013 310 3064 (2)
339 3012 396 3051 En
408 3011 517 3052 verba
534 3010 720 3061 Straussii,
746 3024 807 3063 op.
838 3013 901 3050 cit.
933 3011 1005 3050 In-

1084 1703 1320 1751 troduction,
1356 1703 1377 1756 ξ
1406 1702 1430 1742 5
1454 1734 1465 1752 ,
1502 1719 1584 1758 pag.
1627 1719 1672 1746 21
1711 1717 1747 1748 et
1781 1724 1887 1763 seqq.

1082 1768 1275 1820 Lorsque‚
1304 1769 1472 1823 l’empire
1500 1773 1649 1810 romain
1683 1783 1803 1826 ayant
1835 1779 1890 1814 ἑίό

1081 1833 1350 1883 christianise,
1383 1842 1418 1873 et
1445 1835 1495 1873 les
1522 1837 1688 1887 qrandes
1726 1839 1888 1879 keresies

1081 1907 1199 1950 ayant
1215 1902 1270 1937 ete
1288 1913 1452 1938 connues
1470 1932 1483 1949 ‚
1516 1900 1549 1939 Ie
1572 1905 1752 1956 principe
1780 1905 1887 1944 ehre-

1080 1967 1161 2003 tien
1191 1967 1320 2016 aequit
1350 1980 1427 2004 une
1458 1967 1697 2007 deminution
1722 1970 1767 2008 de
1788 1971 1882 2024 plus

1081 2045 1128 2069 en
1151 2030 1243 2083 plus
1268 2032 1482 2080 exclusive;
1515 2033 1661 2086 lorsque
1696 2036 1747 2075 les
1771 2038 1885 2077 evoles

1082 2095 1127 2135 de
1152 2095 1189 2135 la
1216 2110 1361 2149 caqesse
1378 2102 1551 2150 paienne
1583 2113 1622 2139 ee
1649 2102 1857 2152 fer-merent
1871 2133 1883 2151 ‚

1082 2168 1119 2200 et
1142 2175 1214 2213 que
1244 2161 1308 2200 des
1322 2162 1532 2214 peuplades
1566 2165 1728 2203 incultes
1767 2166 1813 2205 de
1844 2166 1883 2205 la

1086 2226 1295 2265 Germanie
1306 2241 1344 2265 se
1355 2229 1565 2267 soumirenl
1579 2230 1603 2268 ὰ
1624 2229 1884 2270 l'instruction

1082 2291 1127 2329 de
1152 2291 1314 2343 I’quise
1331 2321 1341 2340 ‚
1371 2292 1471 2331 alors
1495 2292 1529 2331 le
1557 2294 1712 2344 monde,
1738 2296 1885 2335 durant

1080 2356 1132 2395 les
1150 2356 1254 2407 lonqs
1277 2357 1407 2396 sieclee
1427 2358 1481 2397 du
1503 2372 1635 2411 moyen
1649 2361 1718 2411 ἀρε
1736 2390 1746 2409 ,
1775 2365 1882 2401 veo-ut

1079 2422 1249 2472 eatz'sfait
1283 2422 1335 2460 du
1360 2423 1641 2463 christiania-me
1672 2432 1759 2466 tant
1774 2440 1880 2478 pour

1077 2485 1115 2524 la
1140 2487 1262 2538 forme
1287 2501 1359 2539 que
1386 2502 1488 2541 pour
1520 2488 1553 2527 le
1569 2490 1692 2541 fond,
1718 2498 1753 2530 et
1782 2499 1880 2530 toute

1077 2559 1177 2590 trave
1201 2552 1379 2605 disparat
1403 2554 1447 2592 de
1469 2568 1528 2593 ees
1561 2558 1799 2609 conceptione
1818 2558 1879 2593 in-

1076 2620 1333 2670 terpretatives
1356 2621 1427 2670 qui
1455 2628 1658 2672 supposent
1679 2634 1753 2658 une
1787 2634 1879 2674 rup-

1075 2690 1158 2722 ture
1179 2691 1283 2722 entre
1306 2684 1343 2722 la
1372 2684 1614 2724 civilisation
1629 2685 1680 2723 du
1689 2685 1827 2738 peuple
1843 2695 1881 2726 et

1076 2748 1129 2787 dn
1153 2750 1289 2788 monde
1304 2781 1314 2799 ‚
1343 2757 1378 2789 et
1401 2751 1447 2790 de
1470 2751 1506 2789 la
1529 2749 1704 2802 religion.
1728 2750 1788 2788 La
1814 2755 1874 2790 re-

1071 2815 1194 2866 forme
1207 2824 1323 2868 porta
1336 2816 1369 2855 le
1380 2817 1552 2869 premier
1571 2829 1666 2868 ooup
1684 2816 1709 2854 ὰ
1723 2816 1875 2869 ΙαΡνοε-

1071 2886 1197 2934 perite
1209 2883 1253 2921 de
1270 2882 1307 2920 la
1327 2891 1509 2933 croyanoe
1527 2881 1571 2919 de
1590 2881 1752 2932 I’quise
1765 2899 1780 2928 ;
1805 2882 1874 2920 elle

1070 2947 1133 2997 fut
1158 2948 1190 2986 le
1203 2948 1372 3000 premier
1389 2947 1497 2998 siqne
1518 2946 1745 2985 d’exietenoe
1759 2946 1874 2986 d'une

1068 3011 1216 3051 culture
1242 3014 1337 3064 qui,
1373 3024 1514 3051 comme
1551 3011 1630 3051 cela
1664 3013 1789 3052 o'elait
1822 3024 1874 3051 vu
