2028 3354
283 272 407 302 PART.
446 272 476 301 1.
513 269 631 300 SECT.
673 269 722 298 11.
762 268 859 298 CAP.
900 268 968 298 111.
1005 267 1058 296 DE
1094 268 1200 297 ΝΔΤ.
1241 268 1292 297 ΕΤ
1328 266 1427 298 JUR.
1464 269 1587 300 Pam.
1691 252 1791 300 421⁹

87 388 349 432 Ecclesiam
369 385 488 438 Dei,
512 391 559 430 et
581 381 799 447 Apostolo
818 383 955 429 Petro
983 382 1031 440 I,
1064 399 1163 447 cap.
1201 383 1256 441 V,
1287 383 1348 429 2:
1374 384 1587 443 Pascite,
1617 388 1703 447 qui
1729 386 1785 430 in

87 463 217 508 vobis
235 469 327 518 est,
347 476 533 524 yreyem
565 459 668 506 Dei.
695 458 835 523 Atqui
854 459 990 505 Petro
1023 475 1074 504 ac
1102 458 1300 522 proinde
1329 462 1427 521 ejus
1451 457 1785 507 successoribus

87 555 204 584 rom.
232 534 529 582 Pontificibus
554 535 760 581 Christus
779 534 994 582 eamdem
1015 534 1213 581 contulit
1231 543 1539 599 potestatem,
1563 536 1798 602 pascendi·

85 613 255 659 scilicet
281 611 577 671 immediate,
612 610 801 674 regendi
822 620 871 658 et
891 609 1184 675 gubernandi
1216 610 1461 658 Ecclesiam
1488 613 1782 671 universam,

85 705 187 753 quae
208 705 263 735 ex
297 688 424 750 agnis
460 696 507 734 et
533 687 696 733 ovibus
714 724 725 746 ,
758 686 803 732 id
831 696 925 743 est,
953 684 1127 750 populo
1164 701 1216 731 ac
1250 685 1513 749 pastoribus
1542 688 1785 747 coalescit,

85 764 197 810 dum
231 765 367 811 Joan.
400 765 526 822 XXI,
552 763 591 810 ei
628 763 742 809 dixit
768 780 778 808 z
808 763 958 808 Pasce
975 778 1121 824 aanos
1142 777 1317 807 meos..
1328 779 1473 825 pasce
1501 780 1603 810 oves
1631 782 1786 825 meas,

84 850 130 888 et
160 842 269 888 Luc.
305 840 457 898 XXII,
495 840 552 886 31
581 857 591 885 ε
629 840 820 893 Simon,
856 838 1045 892 Simon,
1074 853 1172 884 ecoe
1212 839 1423 885 Satanas
1453 843 1678 902 expetivit
1712 859 1789 889 vos

84 926 140 963 ‘ut
167 918 411 963 cribraret
445 920 570 963 siout
597 917 840 968 triticum;
869 914 972 977 Ego
1007 923 1169 961 autem
1196 917 1368 977 royavi
1382 933 1478 979 pro
1504 925 1545 962 te
1565 953 1577 974 ,
1604 925 1659 963 ut
1689 934 1787 964 non

84 994 271 1055 deficiat
290 993 407 1054 fides
440 992 552 1045 teum
585 999 628 1036 et
657 999 708 1037 tu
748 990 1010 1058 aliquando
1053 1006 1306 1037 conversus
1335 993 1568 1055 confirma
1605 996 1788 1055 fratres

84 1078 210 1126 tuos,
240 1068 410 1115 scilicet
436 1066 701 1131 Apostolos;
735 1084 786 1113 ac
820 1065 1009 1113 demum
1036 1083 1141 1112 cum
1176 1066 1345 1114 Matth.
1390 1069 1492 1114 XVI
1535 1085 1644 1116 eum
1679 1086 1787 1116 con-

84 1146 235 1193 stituit
268 1154 450 1211 petram
480 1161 561 1191 seu
584 1142 946 1190 fundamentum
976 1142 1187 1190 Ecclesiae
1207 1158 1325 1202 suae,
1355 1151 1402 1190 et
1421 1144 1574 1192 claves
1606 1145 1647 1191 ei
1675 1162 1789 1210 pro-

84 1223 210 1269 misit
237 1238 338 1267 cum
373 1227 604 1285 potestate
637 1219 904 1284 plenissima
932 1220 1261 1284 quodcumque
1301 1218 1476 1282 ligandi
1514 1229 1655 1285 atque
1689 1220 1786 1267 sol-

83 1297 238 1346 vendi.
265 1296 521 1344 Auctoritas
545 1296 686 1359 igitur
706 1295 934 1360 primatus
959 1331 969 1348 ,
996 1312 1136 1361 quem
1161 1294 1326 1342 habuit
1356 1297 1519 1343 Petrus
1535 1332 1548 1356 ,
1579 1296 1787 1362 adeoque

82 1390 199 1421 rom.
237 1372 478 1431 Pontifex,
515 1380 583 1418 est
618 1379 821 1437 potestas
858 1371 1129 1437 episcopalis
1167 1388 1308 1436 super
1334 1372 1601 1421 universam
1628 1372 1786 1421 Eccle-

78 1450 208 1497 siam.

148 1526 260 1572 604.
301 1526 451 1590 Atque
486 1525 594 1571 hinc
628 1525 800 1571 {actum
831 1533 923 1584 est,
955 1524 1081 1571 utin
1110 1525 1435 1572 vetustissimis
1472 1525 1784 1574 ecclesiasticis

82 1601 373 1650 documentis
407 1601 579 1665 passim
599 1618 716 1646 rom.
758 1600 973 1647 Pontifex
1000 1599 1263 1665 appelletur
1282 1601 1553 1665 Episcopus
1580 1602 1785 1665 Episco-

77 1695 250 1741 porum
269 1713 297 1725 ..
312 1715 321 1725 .
338 1678 565 1740 Pontifex
590 1678 891 1723 um'versalis.
904 1714 912 1723 .
926 1677 1218 1740 ‚Episcopus
1244 1679 1591 1725 universalis„
1610 1679 1797 1726 Pastor·

73 1763 348 1819 pastorum,
392 1755 549 1818 Caput
582 1754 799 1817 capitum
839 1753 936 1817 (l),
972 1769 1076 1818 quae
1111 1753 1300 1819 quidem
1335 1753 1528 1820 aliaeque
1557 1755 1785 1817 ejusmodi

83 1831 486 1880 denominationes
521 1839 681 1896 aperte
720 1830 1004 1890 ostendunt,
1043 1831 1334 1896 pontificium
1368 1833 1625 1897 primatum
1656 1832 1784 1881 idem

85 1924 182 1955 esse
214 1924 265 1954 ac
303 1907 613 1972 episcopalem
644 1916 925 1972 potestatem
962 1923 1042 1955 seu
1081 1906 1428 1967 auctoritatem,
1463 1924 1565 1973 quae
1602 1924 1701 1955 sese
1723 1907 1796 1955 adv

85 2001 274 2031 omnem
296 1985 521 2032 extendat
552 1984 813 2032 Ecclesiam.
846 1984 981 2042 Quod
1016 1983 1238 2032 Eusebius
1260 1985 1501 2032 Emisenus
1520 2022 1532 2045 ,
1562 2003 1643 2033 seu
1662 1986 1784 2051 quis-

85 2061 186 2125 quis
219 2069 291 2108 est
326 2069 462 2109 vetus
493 2068 652 2108 auctor
671 2062 898 2108 sermonis
926 2062 999 2107 De
1021 2063 1179 2108 natali
1202 2062 1560 2124 Apostolorum,
1595 2071 1649 2109 ut
1668 2061 1784 2110 vidi-

85 2153 215 2195 muS,
248 2137 477 2202 expressis
505 2135 595 2182 illis
626 2136 780 2185 verbis
803 2136 1053 2184 declaravit
1078 2154 1089 2183 ε
1120 2137 1276 2184 Prius
1300 2155 1464 2201 aqnos,
1491 2139 1660 2185 deinde
1684 2154 1785 2184 oves

85 2215 320 2260 commisit
335 2215 382 2260 ei
392 2232 406 2266 ;
434 2216 553 2276 quia
575 2230 673 2259 ozon
694 2214 848 2260 solum
871 2221 1106 2275 pastorem
1122 2251 1135 2268 ‚
1157 2214 1240 2260 sed
1258 2223 1504 2277 pastorem
1528 2222 1784 2277 pastorum

86 2305 196 2334 eum
221 2290 475 2353 (Petrum)
507 2292 767 2336 constituit.
800 2290 856 2335 Et
886 2298 996 2337 ante
1025 2290 1183 2354 ipsum
1211 2291 1257 2336 S.
1286 2289 1573 2349 AmbrosiuS,
1608 2306 1783 2355 expen-

87 2365 205 2411 dens
217 2364 379 2414 eadem
394 2366 564 2413 Christi
577 2365 739 2426 verba,
762 2367 928 2424 Pasce,
945 2374 1030 2412 etc.
1046 2365 1240 2413 adnotat
1252 2365 1622 2427 distinctionem,
1639 2382 1782 2430 quam

89 2439 299 2487 Christus
331 2458 470 2505 agnos
507 2444 630 2490 inter
665 2459 716 2490 ac
754 2459 864 2490 oves
898 2443 1201 2507 interposuit,
1242 2452 1289 2489 et
1317 2459 1557 2506 aynorum
1593 2443 1785 2489 nomine

88 2515 285 2581 populos
303 2552 315 2576 ,
345 2520 505 2565 ovium
533 2527 690 2565 autem
711 2519 957 2583 Episcopos
982 2517 1343 2583 interpretatur,
1373 2516 1531 2566 dicens
1553 2536 1563 2563 :
1588 2518 1657 2566 Et
1667 2521 1784 2581 jam

146 2669 197 2722 (1)
220 2670 299 2709 Cfr.
318 2669 483 2722 Theopb.
502 2669 753 2722 Raynaudus,
780 2673 820 2709 in
841 2685 898 2722 op.
968 2671 1054 2708 tifex
1086 2675 1156 2710 Τῶν
1192 2666 1274 2711 ἕλω
1304 2675 1469 2719 κεφαλῶν
1513 2668 1682 2720 nevam),
1710 2673 1785 2709 imo

91 2801 217 2839 titulos
231 2801 413 2853 ejusmodi
428 2803 614 2848 invenies;
628 2801 726 2851 apud
737 2799 902 2838 Sirmon-
967 2801 1155 2841 universae
1166 2832 1176 2849 ‚
1200 2815 1285 2853 quoe
1302 2802 1373 2840 sab
1391 2802 1479 2841 coelo
1496 2809 1551 2840 est
1563 2832 1575 2850 ,
1601 2800 1786 2841 Ecclesiae

92 2865 184 2904 dum
209 2880 293 2906 vero
314 2880 375 2919 op.
407 2868 539 2919 pariter
559 2867 623 2904 cit.
647 2864 711 2903 De
734 2864 902 2903 ecclesiis
959 2867 1142 2920 princeps
1151 2875 1307 2919 pastor:
1326 2870 1412 2920 quia
1428 2867 1583 2916 scilicet,
1597 2876 1636 2906 ut
1647 2867 1785 2906 ibidem

88 2930 392 2982 suburbicariis,
422 2946 504 2984 cap.
531 2931 577 2979 3,
612 2945 696 2983 opp.
722 2938 810 2969 tom.
831 2944 869 2970 iv
885 2961 896 2979 ,
965 2933 1219 2971 animadvertit
1244 2932 1485 2980 sirmondus,
1521 2932 1690 2985 Episcopi
1726 2945 1786 2970 ro—

90 2995 163 3035 col.
181 2995 232 3034 32
247 3025 258 3044 ‚
273 3011 293 3035 a
303 2995 497 3036 Theodoro
520 2996 664 3035 Studita
674 3024 686 3044 ‚
704 2997 743 3033 in
762 2994 894 3048 Epist.
964 2998 1080 3044 mani,
1095 3004 1135 3036 ut
1146 2997 1242 3049 Papa
1256 2997 1500 3045 est,dioeeesis
1511 3010 1586 3036 non
1599 2996 1783 3041 occidens,

91 3060 143 3099 ad
158 3061 319 3100 zeonem
336 3059 422 3100 III
430 3091 440 3109 ,
455 3069 604 3101 vocatur
615 3075 788 3101 romanus
798 3060 895 3101 Pon·
962 3062 1025 3101 sed
1041 3062 1138 3102 orbis
1161 3071 1212 3102 est
1234 3064 1436 3102 universus,
