2028 3354
208 163 298 211 188

688 180 859 215 'rnAc'n
885 187 939 215 DE
975 187 1090 217 mois
1125 188 1419 220 THEOLOGlcls.

204 297 382 363 possint
410 314 515 344 cum
538 298 862 344 controversiis
889 299 939 345 in
957 300 1121 347 scholis
1142 303 1376 351 catholicis
1408 305 1505 351 sine
1531 305 1626 352 ullo
1652 305 1756 353 fidei
1786 307 1882 354 dis-

205 372 376 437 pendio
405 372 564 434 agitari
588 371 748 419 solitis.
771 373 817 420 Si
839 373 910 420 his
938 374 1153 424 omnibns
1183 378 1377 428 addatur
1406 381 1686 446 principium
1714 381 1884 429 funda·-

206 447 409 494 mentale
438 449 830 514 protestantismi‚
878 450 1005 515 quod
1037 450 1112 498 hic
1149 446 1368 503 consistat
1406 457 1455 502 in
1488 457 1627 521 plena
1658 459 1882 505 examinis

204 522 418 570 libertate
439 523 536 586 (l),
557 523 773 572 omnibus
800 536 1097 592 perspectum
1123 529 1237 588 erit,
1266 547 1478 594 quaenam
1498 535 1622 598 apud
1650 551 1727 581 eos
1756 551 1883 581 com—

205 598 360 645 munis
389 598 488 646 dari
516 609 656 664 queat
684 601 793 648 fidei
821 604 1044 649 confessio
1061 640 1072 662 ,
1105 620 1205 668 quae
1232 608 1487 672 praecipuos
1517 610 1730 658 articulos
1759 627 1886 657 com—

203 674 462 739 plectatur3
504 693 611 723 cum
661 676 742 724 illo
776 679 921 726 semel
967 681 1243 741 constituto,
1288 692 1441 729 actum
1481 685 1539 731 sit
1581 686 1638 734 de
1681 685 1887 751 quolibet·

202 751 409 799 articulo.

268 828 382 874 299.
425 828 493 875 Ad
520 830 615 888 2¹1¹
639 831 764 878 Dist.
786 831 994 879 Charitas
1026 833 1400 898 malignantium,
1427 854 1527 902 quae
1554 838 1716 886 efficiat
1741 856 1888 885 unum

203 904 374 951 Christi
403 923 569 979 corpus
593 906 652 953 ad
674 907 821 954 instar
853 910 1022 956 musivi
1044 911 1283 972 cujusdam
1311 914 1488 977 operis
1520 930 1670 961 cono.
1639 951 1667 968 .,
1705 915 1890 980 proprie

203 981 344 1039 dicta
361 981 507 1046 qualis
520 999 693 1048 nempe
705 985 958 1049 requiritur
969 986 1028 1032 ad
1040 987 1267 1034 unitatem
1281 989 1486 1036 Ecclesiae
1498 990 1888 1048 constituendam,

204 1076 304 1121 ne9.
323 1059 428 1105 Non
444 1058 555 1105 alia
544 1068 668 1107 lnter
678 1069 822 1107 sectas
835 1070 1146 1126 protestantes
1165 1067 1377 1111 charitas
1398 1064 1594 1127 (utimur
1617 1066 1787 1112 scilicet
1805 1065 1891 1111 hoc

203 1135 392 1181 nomine
422 1153 478 1182 ex
502 1135 872 1184 adversariorum
894 1155 972 1185 ore
989 1175 1001 1198 7
1036 1139 1115 1203 qui
1139 1156 1268 1187 veras
1288 1157 1443 1187 rerum
1471 1142 1682 1188 notiones
1706 1158 1893 1205 perver-

202 1212 339 1275 tunt)
365 1209 546 1259 obtinet
569 1229 711 1276 quam
729 1230 806 1273 ea,
831 1231 921 1278 qua
942 1215 1142 1263 exterius
1159 1215 1432 1280 colligantur
1452 1217 1511 1264 ad
1532 1218 1891 1283 oppugnandam

201 1286 474 1335 catholicam
483 1288 750 1349 Ecclesiam,
771 1308 874 1356 quae
884 1301 1128 1357 propterea
1143 1311 1238 1340 non
1250 1291 1449 1342 charitas
1462 1294 1544 1342 sed
1554 1295 1718 1343 odium
1727 1299 1894 1344 rectius

201 1375 576 1429 nuncuparetur3
595 1365 680 1414 hac
705 1368 922 1432 dempta.⁵
947 1368 1078 1415 nullo
1091 1374 1190 1431 jam
1213 1370 1336 1417 inter
1357 1387 1405 1417 se
1432 1370 1605 1419 foedere
1624 1374 1892 1419 consocian—

203 1450 297 1488 tur.
326 1443 429 1487 Non
461 1442 613 1488 solum
646 1443 771 1489 enim
800 1445 849 1490 in
883 1444 1086 1492 diversas
1119 1445 1292 1492 abeunt
1322 1448 1595 1505 sententias,
1626 1449 1693 1493 uti
1732 1449 1893 1513 saepius

205 1518 622 1565 animadvertimus
639 1556 651 1576 ἢ
673 1519 754 1566 sed
775 1520 1008 1568 intestinis
1031 1530 1078 1567 et
1092 1520 1286 1586 publicis
1302 1522 1540 1569 discordiis
1555 1532 1717 1570 mutuo
1729 1540 1777 1571 se
1789 1541 1896 1589 pro-

205 1594 425 1641 scindunt
448 1604 494 1642 et
514 1595 909 1644 anathematizant
930 1597 1017 1661 (2).
1050 1598 1211 1645 Unitas
1235 1598 1469 1645 charitatis
1502 1597 1551 1645 in
1582 1599 1743 1647 eadem
1775 1617 1894 1646 com-

206 1672 428 1719 munione
441 1673 649 1720 consistit
664 1691 769 1720 cum
785 1673 994 1722 Ecclesiae
1008 1675 1157 1738 capite
1170 1691 1221 1721 ac
1231 1674 1419 1738 singulis
1434 1675 1642 1737 ejusdem
1658 1674 1894 1724 membris.

261 1861 313 1910 (1)
344 1859 476 1897 Praeter
499 1860 839 1913 documenta‚quae
854 1862 892 1898 in
912 1869 1016 1900 tract.
1090 1867 1171 1901 mee
1188 1892 1199 1911 ,
1222 1878 1303 1915 pag.
1342 1863 1392 1902 38
1409 1893 1419 1912 ‚
1438 1863 1493 1902 66
1521 1874 1555 1904 et
1593 1880 1696 1918 seqq.
1731 1866 1854 1904 scribit
1884 1878 1893 1904 :

1092 1929 1150 1966 La
1171 1927 1224 1966 loz·
1239 1929 1284 1967 de
1307 1928 1445 1968 l'exam
1452 1944 1498 1968 en
1512 1937 1567 1968 est
1581 1932 1787 1969 constitute
1800 1932 1896 1970 dano

1089 1993 1126 2032 la
1163 1995 1365 2045 reforme...
1410 1995 1515 2033 Tous
1548 1996 1599 2034 les
1637 1998 1818 2035 membres
1852 1997 1897 2035 de

209 1930 271 1965 cit.
309 1928 555 1974 adduximus,
586 1926 656 1965 alia
693 1941 786 1978 pene
821 1928 1016 1966 innumera

208 2002 333 2044 praesto
365 2002 465 2031 sunt.
511 1991 571 2031 Sic
602 2002 808 2045 protestans
853 1995 1018 2032 minister

209 2061 424 2110 genevensis
440 2057 646 2104 Paschoud,
663 2060 702 2097 in
724 2072 850 2110 opusc.
871 2058 1017 2110 Qu’est-

209 2139 251 2163 oe
278 2125 395 2177 qw'nn
418 2122 664 2163 Protestant?
683 2126 868 2173 inculcat,
895 2133 1016 2177 prote-

211 2194 441 2230 stantismum
471 2192 666 2229 consistere
694 2190 792 2228 dans
824 2189 861 2228 la
890 2190 1020 2229 liberte

211 2256 407 2295 d‘examen
422 2287 432 2306 ‚
450 2255 548 2294 dans
562 2257 599 2295 la
616 2255 746 2294 liberte
763 2256 808 2295 de
820 2269 1016 2308 oroyance,

212 2329 247 2359 et
269 2322 366 2359 dans
390 2323 427 2360 Ia
453 2321 584 2361 liberte
616 2322 662 2362 de
688 2321 787 2360 culte
810 2335 911 2374 pour
936 2329 1020 2360 tous

213 2393 248 2423 et
261 2400 364 2437 pour
392 2388 554 2434 chao-un.
572 2388 618 2425 Et
632 2390 672 2427 in
697 2388 769 2426 alio
786 2402 894 2439 opere
920 2388 1019 2439 quod

214 2453 372 2489 ministri
398 2462 635 2503 protestantes
659 2453 810 2491 tradunt
825 2453 1020 2504 legendum

214 2518 289 2554 suis
310 2516 451 2567 adeptis
466 2548 475 2559 ,
496 2520 556 2556 cui
576 2520 632 2556 tit.
651 2517 808 2556 Recueil
828 2517 873 2554 de
882 2530 1019 2570 passa-

214 2596 277 2634 qes
290 2583 334 2620 de
345 2582 710 2632 l’Ecriture-sainte‚
723 2584 809 2623 edit.
822 2584 867 2623 de
879 2585 1023 2625 Geneve

223 2647 347 2701 1743,
377 2663 457 2701 pag.
484 2648 559 2689 155
577 2679 587 2697 ‚
614 2650 829 2697 affirmatur,
854 2651 954 2703 quod
988 2653 1022 2690 vi

216 2713 382 2765 ejusdem
418 2714 588 2767 principii
618 2714 760 2767 chaque
791 2716 1023 2768 particulier

217 2791 241 2816 a
268 2778 301 2817 le
325 2777 424 2817 droit
446 2778 500 2836 ,de
531 2779 677 2819 choisir
699 2780 737 2819 la
770 2780 934 2832 reliqion
953 2783 1023 2833 qui

217 2843 277 2882 lm·
292 2846 431 2897 parait
442 2843 479 2883 Ia
493 2844 697 2886 meilleure.
719 2846 877 2885 Demum
900 2856 1023 2900 pastor

217 2923 259 2948 ac
280 2910 460 2962 professor
477 2914 690 2962 genevensis
705 2909 892 2952 Chenevie
902 2927 938 2952 re
955 2943 964 2961 ,
984 2915 1024 2951 in

221 2993 281 3030 op.
318 2978 383 3019 De
402 2980 594 3020 l'aueorite
624 2981 720 3021 dam
744 2980 881 3034 l'eqlioe
907 2982 1025 3034 resor—

1089 2057 1247 2111 l’quise
1294 2066 1362 2097 ont
1402 2059 1433 2097 le
1479 2062 1580 2100 droit
1619 2069 1654 2101 et
1680 2063 1768 2113 font
1808 2063 1897 2100 bien

1090 2126 1325 2164 d’eoeaminer
1337 2155 1349 2175 ‚
1393 2125 1539 2179 d'apreis
1575 2127 1659 2166 leur·
1694 2129 1826 2165 raison
1865 2135 1901 2165 et

1089 2191 1307 2243 I'Evanqile
1320 2223 1329 2239 ‚
1352 2194 1389 2230 si
1405 2193 1459 2230 les
1473 2193 1663 2231 doctrines
1677 2192 1795 2244 qu'on
1818 2193 1901 2231 leur

1088 2271 1246 2311 propose
1267 2265 1350 2296 sont
1371 2259 1576 2310 conformes
1600 2259 1624 2297 ὰ
1645 2257 1682 2296 la
1698 2257 1833 2312 parole
1855 2258 1901 2296 de

1092 2324 1200 2364 Dieu
1215 2355 1227 2373 ‚
1252 2338 1342 2363 sans
1374 2339 1444 2377 que
1464 2339 1656 2378 personne
1688 2340 1741 2364 au
1765 2324 1899 2364 monde

1091 2391 1163 2428 soit
1181 2390 1298 2440 fonde
1320 2390 1344 2429 ὰ
1368 2391 1419 2429 les
1451 2392 1664 2443 inquietet,
1687 2392 1712 2430 ὰ
1738 2390 1789 2431 les
1816 2391 1898 2430 bla-

1091 2469 1173 2495 mer
1189 2486 1202 2502 ,
1228 2457 1252 2495 ὰ
1274 2455 1323 2494 les
1345 2457 1480 2509 punir.
1506 2455 1608 2495 Sans
1635 2457 1715 2495 cela
1739 2470 1807 2495 nos
1831 2456 1895 2493 de-

1094 2523 1268 2560 vanciers
1293 2523 1475 2560 aur-aient
1498 2522 1675 2561 tres-mal
1700 2523 1770 2573 aqi
1790 2534 1837 2559 on
1859 2532 1898 2558 se

1094 2591 1274 2640 separant
1298 2587 1342 2626 de
1367 2586 1525 2639 l'quise
1549 2588 1594 2626 de
1619 2588 1734 2626 Rome
1752 2615 1762 2633 ‚
1792 2592 1827 2623 et
1847 2585 1899 2622 les

1095 2654 1403 2692 recriminations
1428 2653 1474 2691 de
1495 2659 1585 2691 cette
1613 2650 1744 2703 quise
1772 2653 1898 2688 contre

1069 2766 1077 2774 .
1096 2732 1192 2758 nous
1206 2721 1373 2757 sentient
1390 2719 1557 2771 fimdees.
1583 2717 1662 2757 cfr.
1690 2715 1745 2753 Le
1770 2714 1900 2753 Gm‘de

1095 2785 1147 2822 du
1181 2784 1444 2823 catechumene
1474 2781 1634 2821 vaudois
1651 2810 1662 2828 ‚
1687 2794 1751 2832 par
1769 2780 1821 2818 M.
1847 2779 1898 2820 A.

1097 2848 1276 2898 Charvaz,
1293 2850 1399 2901 eveq.
1414 2848 1461 2886 de
1473 2845 1656 2898 PigneroL
1668 2845 1765 2884 Paris
1783 2843 1897 2895 1840,

1097 2923 1188 2953 tom.
1211 2928 1224 2952 1
1241 2943 1252 2964 ‚
1274 2914 1337 2952 liv.
1360 2927 1372 2951 1
1388 2940 1400 2960 ‚
1417 2926 1498 2964 pag.
1524 2908 1571 2949 15
1584 2919 1618 2950 et
1640 2913 1734 2950 suiv.
1775 2918 1778 2921 ’

1155 2977 1206 3029 (2)
1236 2977 1469 3025 Recolantur‚
1495 2989 1578 3030 quae
1606 2975 1716 3028 paulo
1738 2983 1822 3015 ante
1844 2981 1899 3013 at-
