2028 3354
167 213 195 260 7
201 211 229 257 4
642 228 795 260 rnscr.
832 228 886 258 mi
920 228 1039 259 roms
1073 230 1372 262 ruuoiocims·

171 340 534 391 extraordinaria
558 339 656 386 haec
683 339 768 386 Dei
797 339 916 387 dona
933 377 945 400 7
970 342 1192 406 quamdiu
1214 344 1424 392 infideles
1444 345 1616 392 fuerint
1635 345 1694 392 ad
1723 344 1850 392 Chri·

169 426 292 464 stum
326 434 409 481 per
442 414 687 461 Ecclesiam
719 416 1039 463 convertendi.
1061 419 1179 464 Cum
1205 436 1313 467 vero
1343 420 1583 486 plenitudo
1611 422 1816 484 gentium
1835 457 1848 479 7

170 502 220 540 ut
239 493 364 541 idem
380 490 584 554 loquitur
607 490 848 556 Apostolus
869 491 939 556 (l)
951 525 967 548 ,
992 492 1179 538 nonnisi
1205 494 1290 539 sub
1314 495 1475 542 mundi
1505 496 1648 543 finem
1674 497 1852 559 ingres-

170 585 274 615 sura
292 568 352 613 sit
375 566 424 612 in
445 565 689 613 Ecclesiam
706 603 718 626 7
744 576 872 632 patet
889 602 902 625 7
924 583 1070 632 usque
1088 566 1149 615 ad
1167 568 1331 615 mundi
1347 570 1489 618 finem
1506 570 1585 619 illa
1614 571 1782 619 debere
1801 572 1851 618 in

174 644 368 691 Ecclesia
404 643 670 709 perdurare.

235 719 342 768 127.
364 721 510 783 Atque
529 719 601 765 hic
613 723 713 782 jam
730 719 999 782 attingimus
1019 718 1218 766 alterum
1240 720 1350 766 vitae
1370 721 1702 782 testimonium7
1726 722 1852 788 quod

176 795 387 842 Christus
411 793 617 842 Ecclesiae
647 811 737 842 suae
761 794 968 860 praebere
989 793 1136 842 voluit
1156 830 1168 854 7
1193 812 1367 859 nempe
1389 796 1554 843 miram
1576 798 1852 845 foecundita-

167 881 280 918 tem.
297 869 495 919 Evidens
515 872 642 918 enim
659 880 747 931 est7
767 870 892 936 quod
905 870 941 916 si
955 869 1151 917 Ecclesia
1163 887 1309 917 novos
1322 887 1505 934 semper
1522 873 1664 936 gignit
1675 873 1853 920 Christo

171 946 315 1006 filios7
356 946 450 994 imo
482 947 678 1012 populos
707 964 759 994 ac
783 954 967 1010 gentes,
998 962 1072 992 eas
1110 945 1373 993 revocando
1406 946 1464 993 de
1495 947 1778 994 infidelitatis
1809 957 1855 995 et

169 1040 381 1070 errorum
408 1022 615 1070 tenebris
644 1024 694 1069 in
720 1021 995 1070 admirabile
1023 1021 1260 1084 Evangelii
1287 1021 1475 1080 lumen7
1506 1024 1600 1070 vita
1623 1040 1675 1070 ac
1703 1023 1857 1086 vigore

172 1100 367 1165 praedita
389 1101 449 1146 sit
472 1116 657 1147 necesse
677 1108 762 1147 est.
788 1101 929 1145 Porro
950 1097 1184 1144 Christum
1200 1097 1421 1159 ejusmodi
1443 1096 1659 1146 tribuisse
1677 1113 1857 1162 sponsae

169 1192 260 1223 suae
286 1174 648 1240 foecunditatem
674 1191 917 1238 nunquam
952 1173 1217 1220 defuturam
1236 1209 1248 1232 7
1281 1182 1439 1237 aperte
1472 1174 1730 1221 ostendunt
1758 1177 1855 1234 ejus

169 1251 313 1299 verba
332 1289 345 1310 7
383 1250 551 1317 quibus
586 1250 815 1316 Apostolis
848 1249 1091 1296 mandavit
1127 1248 1378 1313 praedicare
1403 1247 1704 1312 Evangelium
1728 1249 1856 1294 omni

169 1336 414 1388 creaturae,
442 1344 493 1374 ac
512 1326 675 1374 docere
692 1336 737 1373 et
755 1325 990 1390 baptizare
1007 1342 1169 1372 omnes
1191 1332 1348 1388 gentes
1362 1323 1446 1387 (2).
1464 1324 1696 1382 Quamdiu
1717 1341 1856 1388 prop-

170 1413 296 1451 terea
334 1411 582 1451 remanent
624 1411 781 1465 gentes
825 1400 1151 1448 convertendae
1206 1409 1283 1446 aut
1322 1399 1590 1448 revocandae
1624 1400 1685 1446 ad
1722 1399 1857 1446 Chri-

170 1488 295 1526 stum
317 1515 331 1539 7
365 1478 540 1525 tamdiu
563 1485 806 1541 permanet
832 1485 880 1523 et
900 1475 1132 1537 objectum
1154 1476 1383 1522 missionis
1396 1484 1443 1521 et
1463 1474 1775 1522 foecunditatis
1805 1474 1856 1520 in

171 1554 386 1602 Ecclesia.
414 1555 586 1600 Gentes
615 1570 723 1601 vero
744 1568 906 1599 omnes
930 1550 1119 1597 tandem
1146 1550 1399 1615 aliquando
1422 1550 1520 1597 fore
1540 1551 1599 1597 ad
1621 1550 1856 1596 Christum

170 1629 527 1690 convertendas7
548 1627 795 1676 clarissima
816 1637 863 1675 et
886 1636 1098 1676 veterum
1114 1626 1449 1692 prophetarum
1462 1634 1507 1673 et
1524 1626 1692 1673 Christi
1711 1625 1855 1689 ipsius

171 1706 367 1772 repetita
390 1704 606 1753 vaticinia
627 1704 963 1770 praenunciant.
990 1703 1184 1749 Omissis
1212 1702 1338 1749 enim
1362 1717 1461 1766 quae
1478 1702 1649 1765 passim
1667 1702 1718 1747 in
1737 1700 1857 1765 psal-

171 1783 259 1829 mis
297 1781 516 1845 leguntur
551 1779 608 1826 de
643 1780 797 1826 futura
828 1778 1037 1842 gentium
1075 1778 1283 1824 omnium
1324 1776 1650 1833 conversione,
1691 1775 1853 1834 Isaias7

172 1875 274 1923 cap.
316 1859 434 1905 LIVI
449 1893 464 1919 7
489 1857 512 1903 1
531 1893 543 1916 7
566 1856 628 1904 sic
650 1856 901 1921 alloquitur
918 1853 1161 1901 Ecclesiam
1187 1871 1197 1901 :
1228 1854 1397 1900 Lauda
1409 1855 1582 1900 sterilis
1601 1889 1612 1912 7
1635 1870 1741 1916 quoe
1762 1868 1855 1899 non

164 1937 310 1999 paris
319 1953 334 1987 ,·
361 1935 561 1980 decanta
593 1934 781 1980 laudem
801 1941 845 1978 et
874 1932 1018 1978 hinni
1041 1967 1053 1988 7
1081 1948 1188 1993 quoe
1218 1947 1309 1976 non
1338 1930 1600 1992 pariebas,
1627 1931 1854 1991 quoniam

174 2013 320 2058 multi
342 2012 439 2073 filii
460 2011 650 2056 desertae
664 2044 682 2066 ,
713 2012 870 2071 magis
892 2023 1041 2070 quam
1070 2011 1175 2068 eju-5
1207 2023 1314 2068 quoe
1342 2005 1482 2051 habet
1512 2007 1708 2061 virum,
1737 2004 1859 2050 dicit

174 2089 428 2136 Dominus.
458 2087 626 2133 Dilata
659 2087 812 2132 locum
845 2084 1038 2130 tentorii
1067 2084 1167 2137 tui,
1201 2091 1243 2127 ec
1264 2082 1408 2144 pelles
1436 2081 1854 2127 tabernaculorum

175 2173 368 2210 tuorum
386 2162 574 2209 eoetende
586 2195 605 2218 ,
623 2179 681 2208 ne
694 2177 875 2224 parcas
896 2179 910 2205 .·
936 2161 1090 2221 lonyos
1114 2161 1198 2221 fac
1214 2158 1463 2220 funiculos
1490 2164 1592 2202 tuos
1606 2189 1624 2212 ,
1645 2163 1687 2201 et
1703 2155 1855 2201 clavos

175 2249 277 2286 tuos
301 2239 554 2286 consolida.
580 2238 664 2285 Ad
688 2238 926 2283 deoeteram
960 2236 1087 2281 enim
1119 2243 1161 2281 et
1185 2235 1253 2280 ad
1272 2235 1441 2279 Zoevam
1468 2231 1750 2294 penetrabzs
1776 2266 1788 2288 7
1813 2238 1858 2275 et

177 2333 331 2363 semen
361 2325 501 2362 tuum
517 2323 673 2378 yentes
701 2312 1019 2359 haereditabit.
1054 2312 1164 2368 Quae
1196 2309 1337 2356 verba
1367 2308 1425 2355 de
1460 2306 1653 2354 Ecclesia
1684 2305 1857 2353 Christi

177 2409 233 2439 ex
257 2390 471 2453 gentibus
488 2388 741 2453 colligenda
759 2387 949 2453 exponit
961 2385 1225 2451 Apostolus7
1252 2384 1403 2432 Galat.
1432 2384 1493 2430 IV
1509 2417 1522 2442 7
1551 2382 1629 2429 27.
1650 2383 1723 2429 Sic
1746 2380 1866 2429 alibi,

176 2467 347 2532 passim
377 2466 577 2513 celebrat
598 2465 723 2513 idem
746 2462 976 2528 Propheta
1005 2461 1209 2509 Ecclesiae
1237 2458 1498 2524 triumphos
1522 2458 1612 2522 (3).
1644 2458 1854 2505 Christus

177 2551 351 2601 autem7
372 2542 506 2589 Matt.
529 2541 631 2588 VIII
648 2577 660 2600 7
688 2541 770 2601 117
799 2538 1101 2603 praenunciat,
1125 2536 1250 2602 quod
1267 2536 1487 2583 multz'ab
1511 2539 1688 2582 oriente
1712 2541 1757 2579 et
1776 2548 1856 2579 oc-

177 2619 357 2665 cidente
388 2619 605 2673 venient,
628 2624 673 2663 et
698 2615 973 2662 recumbent
999 2631 1106 2661 cam
1137 2612 1390 2662 Abrabam
1407 2649 1420 2667 ,
1453 2612 1596 2658 Isaac
1630 2618 1674 2657 et
1699 2607 1849 2657 Jacob

178 2699 234 2741 in
252 2710 392 2758 regno
409 2698 656 2747 coelorum,
675 2700 721 2740 et
740 2690 865 2756 quod
886 2707 1021 2736 suum
1040 2687 1341 2752 Evangelium
1360 2684 1707 2753 praedicandum
1731 2690 1851 2730 esset

234 2867 285 2918 (l)
312 2866 424 2905 Rom.
442 2880 481 2904 xi
495 2896 505 2914 7
532 2864 598 2904 25.
1102 2860 1153 2911 (3)
1184 2861 1275 2913 Cap.
1294 2871 1387 2907 uv3
1418 2871 1431 2895 1
1460 2866 1496 2897 et
1511 2871 1612 2910 seqq.
1630 2871 1713 2909 cap.
1737 2869 1820 2895 xux
1834 2885 1845 2904 7

234 2932 286 2983 (2)
314 2931 374 2971 Ps.
397 2939 450 2976 11,
476 2929 525 2979 85
559 2943 647 2980 xxi,
674 2927 751 2979 283
776 2942 841 2968 Lxx
861 2958 871 2976 ‚
904 2940 944 2966 11
967 2941 979 2976 ς
1050 2938 1130 2977 cap.
1152 2939 1191 2963 xx
1208 2933 1244 2965 et
1268 2938 1365 2976 seq„
1387 2929 1458 2960 etc.

184 3010 301 3036 Lxxxv
315 3026 325 3045 ‚
352 3009 405 3049 93
424 3007 508 3035 (2va
524 3024 534 3043 7
573 3007 586 3032 1
609 3025 619 3043 7
645 3003 713 3033 etc.
