2028 3354
212 227 304 274 102

669 238 826 269 TRACT.
861 237 914 266 ΒΕ
949 237 1065 267 LOCIS
1099 235 1400 267 THEOLOGICIS.

211 371 331 405 verae
366 353 572 401 Ecclesiae
605 349 887 412 assignetur,
927 348 1079 394 minus
1118 348 1320 411 profecto
1349 356 1515 394 notum
1544 346 1631 393 erit
1666 345 1763 409 ipsa
1795 345 1879 391 Ec-

214 430 378 487 clesia,
401 428 453 474 30
477 427 526 472 in
542 423 789 489 hypothesi
805 423 1063 488 praesertim
1086 422 1424 471 Catholicorum
1440 459 1453 482 a
1473 422 1554 487 qui
1573 420 1781 468 Ecclesiae
1806 419 1881 467 de-

213 505 470 553 finitionem
489 518 571 548 suo
594 500 731 547 modo
750 499 1044 564 praestituunt
1060 534 1071 556 ,
1105 514 1298 561 eamque
1317 499 1544 547 visibilem
1573 514 1669 545 esse
1696 506 1882 544 conten-

212 580 358 636 dunt,
394 578 487 624 imo
518 576 810 624 manifestam
843 575 902 621 ad
935 576 1079 621 instar
1106 572 1212 620 solis
1231 608 1244 632 ,
1282 574 1476 636 quiluce
1511 591 1590 621 sua
1614 590 1660 620 56
1692 572 1880 638 prodit,

214 655 265 700 40
285 653 486 717 denique
505 652 610 716 quia
625 669 711 699 nec
729 651 919 715 prodest
943 648 1167 711 ejusmodi
1189 647 1426 712 inquisitio
1442 648 1704 696 infidelibus
1736 663 1884 712 neque

213 729 457 776 Catholicis
488 745 640 792 neque
661 727 913 781 haereticis3
944 742 1039 771 non
1065 722 1254 789 prodest
1275 722 1537 770 infidelibus
1556 724 1677 788 ,qui
1704 740 1809 769 cum
1835 722 1886 768 in

215 804 450 851 Christum
484 820 580 849 non
603 802 827 861 credant,
859 808 1098 865 nequeunt
1123 799 1304 846 solliciti
1332 816 1428 845 esse
1455 798 1512 845 de
1542 815 1649 846 vera
1678 802 1772 861 ejus
1803 799 1888 844 Ec*

213 879 376 937 clesia3
399 897 496 926 non
525 878 768 926 Catholicis
784 913 796 936 ,
828 877 908 941 qui
930 894 1038 924 cum
1067 874 1157 921 fide
1174 879 1274 937 jam
1296 883 1487 922 teneant
1505 890 1554 921 se
1580 890 1676 921 esse
1700 874 1752 920 in
1780 890 1888 921 vera

214 954 430 1014 Ecclesia,
447 954 571 1001 notis
593 971 691 1001 non
709 952 917 1016 indigent
935 951 995 998 ad
1009 967 1112 997 eam
1129 949 1563 1008 internoscendam3
1585 966 1678 996 non
1700 948 1890 996 demum

214 1029 441 1078 haereticis
457 1064 475 1087 ,
508 1030 589 1094 qui
618 1045 862 1094 nunquam
888 1044 994 1074 cum
1024 1025 1270 1073 Catholicis
1301 1025 1580 1073 convenient
1598 1025 1647 1070 in
1673 1024 1793 1071 notis
1818 1040 1892 1070 as-

215 1107 478 1170 signandis,
509 1105 716 1169 adeoque
752 1119 1090 1169 supervacanea
1130 1119 1316 1167 prorsus
1355 1100 1512 1149 evadit
1544 1100 1642 1147 haec
1675 1099 1733 1147 de
1773 1100 1893 1147 notis

216 1200 340 1231 verae
369 1181 580 1229 Ecclesiae
600 1180 928 1240 controversia.
959 1180 1089 1242 Ergo.

284 1257 393 1305 174.
431 1259 570 1322 Resp.
606 1248 862 1320 Nea-*ama
890 1254 1069 1301 Summi
1090 1253 1216 1301 enim
1236 1252 1463 1299 momenti
1485 1261 1573 1311 est,
1597 1260 1700 1298 tum
1723 1267 1861 1298 nosse
1878 1284 1893 1310 ,

216 1342 377 1380 utrum
396 1334 470 1381 via
493 1342 617 1380 certa
638 1349 690 1378 ac
712 1340 811 1378 tuta
834 1339 1015 1396 pateat,
1038 1347 1127 1394 qua
1146 1328 1205 1375 ad
1226 1345 1344 1378 verae
1363 1328 1567 1375 Ecclesiae
1586 1326 1896 1391 cognitionem

217 1409 519 1458 deveniamus
539 1444 552 1467 ,
586 1408 708 1454 hanc
735 1415 1027 1454 secernentes
1060 1423 1086 1452 a
1120 1405 1279 1465 sectis,
1307 1404 1427 1450 illius
1459 1402 1819 1469 appellationem
1851 1410 1898 1449 et

217 1501 317 1531 rem
333 1484 491 1548 inique
512 1483 599 1530 sibi
615 1481 946 1547 usurpantibus
963 1480 1054 1546 (l),
1073 1490 1174 1527 tum
1192 1479 1519 1538 determinare,
1539 1495 1751 1542 quaenam
1770 1479 1898 1539 signa

218 1560 342 1620 sint,
372 1577 430 1607 ex
468 1558 635 1625 quibus
667 1557 841 1623 absque
871 1555 1063 1619 ambage
1100 1555 1180 1603 illa
1210 1553 1622 1620 deprehendatur,
1649 1563 1697 1601 et
1726 1571 1753 1600 a
1776 1552 1899 1600 falsis

218 1644 512 1694 secernatur,
541 1635 608 1681 uti
632 1633 873 1698 permagni
900 1633 1094 1680 interest
1113 1648 1351 1680 secernere
1375 1640 1511 1680 ovem
1535 1649 1561 1677 a
1584 1630 1694 1694 lupo
1710 1665 1723 1689 ,
1753 1629 1900 1694 quise

217 1710 341 1758 illius
366 1711 489 1776 pelle
522 1710 777 1758 contexerit
803 1710 893 1772 (2).

287 1788 395 1836 175.
414 1788 485 1835 Ad
507 1788 570 1834 lm
593 1786 724 1851 prob.
745 1787 866 1833 Dist.
887 1785 939 1832 Id
951 1794 1045 1846 est,
1070 1785 1159 1831 nisi
1178 1786 1305 1849 prius
1327 1785 1566 1831 theoretice
1585 1788 1899 1846 cognoscatur,

220 1879 319 1928 quae
344 1880 452 1910 vera
476 1862 645 1910 debeat
677 1879 772 1909 esse
801 1862 974 1908 Christi
1005 1860 1227 1920 Ecclesia,
1265 1876 1428 1913 conc.‚·
1457 1860 1545 1905 nisi
1571 1859 1697 1924 prius
1731 1873 1901 1919 cogno-

219 1946 372 1985 scatur
396 1940 453 1984 in
473 1947 712 1994 concreto,
744 1954 846 2000 neq.
865 1937 1073 1983 Profecto
1093 1953 1199 1983 cum
1219 1944 1341 1983 notae
1359 1952 1456 1982 esse
1486 1934 1686 1982 debeant
1706 1931 1903 1980 totidem

272 2144 324 2195 (1)
343 2142 518 2195 Apposite
532 2144 614 2194 pius
626 2146 660 2179 et
677 2141 804 2179 doctus
819 2140 930 2180 Card.
948 2140 1025 2179 Ho-

218 2210 313 2255 sius,
337 2210 376 2246 in
400 2222 485 2261 opp.
511 2209 574 2246 cit.
604 2205 658 2246 De
684 2206 914 2256 confessione
934 2206 1028 2256 fidei

218 2273 413 2313 catholica·
435 2304 445 2321 ‚
474 2287 556 2325 cap.
590 2285 671 2309 20:
696 2271 891 2324 Quoniam
916 2284 1022 2318 vero,

1097 2153 1167 2191 que
1197 2139 1294 2191 fixos
1326 2146 1362 2176 et
1401 2137 1614 2175 immobiles
1638 2141 1905 2188 permanentes

1097 2203 1305 2242 excludunt
1328 2219 1341 2241 .·
1370 2201 1467 2240 illud
1489 2202 1598 2240 nobis
1617 2200 1821 2239 dicendum
1843 2214 1903 2237 re-

1097 2276 1193 2319 stat,
1213 2269 1354 2322 quibua
1375 2269 1476 2306 notis
1504 2266 1698 2311 Ecclesia,
1725 2279 1809 2317 quoe
1840 2264 1906 2303 do-

219 2340 340 2391 inquit
371 2369 381 2385 ‚
416 2340 508 2390 fieri
551 2337 725 2376 videmus
750 2367 760 2384 ‚
796 2335 895 2388 qaod
928 2338 1027 2374 sicut

217 2402 444 2455 Scripturas
478 2411 514 2442 et
543 2416 676 2441 earum
705 2415 836 2440 verum
878 2401 1024 2439 intelle-

219 2473 322 2506 ctum
342 2468 418 2506 sihi
429 2469 526 2520 falso
543 2474 729 2519 arroqant
743 2468 917 2506 haeretici
932 2498 942 2513 ‚
969 2469 1025 2504 ita

218 2540 252 2570 et
275 2531 458 2571 Ecclesiae
484 2547 623 2572 nonum
639 2563 648 2579 ‚
674 2534 786 2585 cujus
805 2533 1025 2570 auctoritate

220 2612 258 2636 se
266 2599 393 2650 premi
415 2599 589 2646 videant,
604 2598 682 2636 sibi
693 2604 828 2635 temere
845 2604 879 2635 et
891 2599 1018 2649 impu-

220 2663 353 2701 denter
387 2671 576 2717 usurpant
596 2677 611 2712 ,·
644 2676 689 2700 ac
713 2664 816 2700 sicut
839 2660 1021 2714 Scriptu-

219 2744 352 2768 rarmn
386 2731 620 2783 professione
638 2760 647 2776 ‚
687 2732 731 2767 i‘n
759 2742 834 2781 qua
870 2730 1022 2781 pridem

213 2797 484 2847 proescriptum
512 2803 566 2833 est
590 2810 612 2833 a
631 2788 839 2833 Catholicis
856 2823 866 2842 ,
899 2808 921 2831 a
935 2797 1022 2846 qai-

217 2863 287 2899 bus
302 2875 364 2899 eas
377 2860 512 2903 habere
530 2875 568 2898 se
583 2874 724 2911 ‘neqare
745 2873 821 2898 non
837 2867 1020 2911 possunt,

217 2929 272 2964 ita
293 2941 313 2965 e
330 2927 484 2979 piorum
502 2932 597 2963 coetu
622 2918 793 2964 homines
813 2925 930 2977 impii
936 2927 1023 2976 pios

217 3005 343 3030 omnes
367 2998 404 3030 et
420 2987 463 3029 iit
485 2990 699 3029 christiana
718 2990 796 3042 fide
826 2990 1023 3041 reliqione-

1097 2348 1181 2373 mus
1201 2342 1254 2372 est
1275 2333 1358 2372 Dei
1368 2335 1472 2381 vivi,
1498 2333 1545 2370 ab
1569 2346 1629 2379 ea,
1653 2345 1769 2383 quam
1784 2330 1907 2369 odivit

1100 2401 1208 2438 Deus
1227 2431 1236 2447 ,
1271 2398 1446 2439 Ecclesia
1472 2398 1775 2449 maliynantium
1824 2395 1905 2433 dis-

1097 2468 1204 2505 cerni
1226 2472 1324 2504 recte
1341 2465 1476 2517 possit.
1502 2464 1611 2503 Tom.
1637 2475 1651 2501 1
1670 2493 1681 2512 ,
1711 2476 1797 2515 pag.
1829 2474 1875 2514 17
1890 2489 1901 2508 ‚

1100 2546 1186 2584 opp.
1216 2531 1305 2569 edit.
1327 2530 1458 2568 Colon.
1490 2526 1608 2579 1584.

1153 2597 1205 2648 (2)
1234 2596 1277 2634 Id
1301 2597 1451 2634 demum
1482 2596 1596 2634 fassus
1623 2601 1676 2632 est
1706 2590 1902 2637 Calovius,

1097 2666 1159 2716 qui
1197 2666 1235 2701 in
1276 2664 1439 2715 Synops.
1485 2667 1650 2700 controv.
1682 2659 1789 2709 disp.
1827 2656 1903 2704 23,

1095 2730 1189 2768 thes.
1220 2727 1290 2779 14,
1319 2744 1404 2781 pag.
1436 2726 1537 2779 145,
1567 2725 1708 2776 scripsit
1737 2736 1750 2761 ε
1780 2721 1899 2775 Quae-

1095 2796 1167 2832 etio
1191 2795 1236 2834 de
1258 2795 1355 2833 notis
1374 2792 1558 2834 Ecclesiae
1574 2820 1586 2836 ‚
1613 2796 1647 2828 et
1661 2801 1840 2840 quaenam
1857 2788 1910 2826 sit

1095 2873 1183 2897 vera
1212 2859 1416 2906 Ecclesia,
1443 2869 1521 2895 non
1552 2861 1606 2893 est
1636 2853 1790 2892 inutilis
1807 2882 1818 2903 ,
1841 2851 1910 2891 sed

1095 2927 1268 2964 niaxime
1287 2923 1499 2963 necessaria
1513 2928 1623 2973 atque
1640 2918 1866 2959 utilissima.
