<?xml version="1.0" encoding="UTF-8"?>
<!DOCTYPE html PUBLIC "-//W3C//DTD XHTML 1.0 Transitional//EN"
    "http://www.w3.org/TR/xhtml1/DTD/xhtml1-transitional.dtd">
<html xmlns="http://www.w3.org/1999/xhtml" xml:lang="en" lang="en">
 <head>
  <title>
</title>
<meta http-equiv="Content-Type" content="text/html;charset=utf-8" />
  <meta name='ocr-system' content='tesseract 3.04.00' />
  <meta name='ocr-capabilities' content='ocr_page ocr_carea ocr_par ocr_line ocrx_word'/>
</head>
<body>
  <div class='ocr_page' id='page_1' title='image "./praelectionestheo08perruoft/praelectionestheo08perruoft_0014.png"; bbox 0 0 2028 3354; ppageno 0'>
   <div class='ocr_carea' id='block_1_1' title="bbox 218 183 1190 231">
    <p class='ocr_par' dir='ltr' id='par_1_1' title="bbox 218 183 1190 231">
     <span class='ocr_line' id='line_1_1' title="bbox 218 183 1190 231; baseline -0.022 0"><span class='ocrx_word' id='word_1_1' title='bbox 218 186 250 231; x_wconf 77' lang='lat'><strong>2</strong></span> <span class='ocrx_word' id='word_1_2' title='bbox 921 183 1190 214; x_wconf 73' lang='lat' dir='ltr'>rnoosmmu.</span> 
     </span>
    </p>
   </div>
   <div class='ocr_carea' id='block_1_2' title="bbox 223 289 1939 2933">
    <p class='ocr_par' dir='ltr' id='par_1_2' title="bbox 223 289 1905 680">
     <span class='ocr_line' id='line_1_2' title="bbox 223 289 1902 361; baseline -0.017 1"><span class='ocrx_word' id='word_1_3' title='bbox 223 312 414 361; x_wconf 82' lang='lat' dir='ltr'>inferior</span> <span class='ocrx_word' id='word_1_4' title='bbox 438 308 662 357; x_wconf 86' lang='lat' dir='ltr'>videatur.</span> <span class='ocrx_word' id='word_1_5' title='bbox 681 304 782 348; x_wconf 88' lang='lat' dir='ltr'>Huc</span> <span class='ocrx_word' id='word_1_6' title='bbox 807 297 982 346; x_wconf 84' lang='lat' dir='ltr'>accedit</span> <span class='ocrx_word' id='word_1_7' title='bbox 1001 333 1013 356; x_wconf 90' lang='lat'>7</span> <span class='ocrx_word' id='word_1_8' title='bbox 1038 293 1316 343; x_wconf 85' lang='lat' dir='ltr'><strong>methodum</strong></span> <span class='ocrx_word' id='word_1_9' title='bbox 1338 310 1362 338; x_wconf 85' lang='lat' dir='ltr'>a</span> <span class='ocrx_word' id='word_1_10' title='bbox 1382 292 1510 337; x_wconf 88' lang='lat' dir='ltr'>Cano</span> <span class='ocrx_word' id='word_1_11' title='bbox 1530 289 1794 353; x_wconf 83' lang='lat' dir='ltr'>adoptatam</span> <span class='ocrx_word' id='word_1_12' title='bbox 1813 323 1824 344; x_wconf 89' lang='lat'>7</span> <span class='ocrx_word' id='word_1_13' title='bbox 1851 303 1902 334; x_wconf 88' lang='lat' dir='ltr'>ac</span> 
     </span>
     <span class='ocr_line' id='line_1_3' title="bbox 225 362 1903 451; baseline -0.018 -14"><span class='ocrx_word' id='word_1_14' title='bbox 225 390 439 451; x_wconf 81' lang='lat' dir='ltr'><strong>deinceps</strong></span> <span class='ocrx_word' id='word_1_15' title='bbox 472 402 495 430; x_wconf 88' lang='lat' dir='ltr'>a</span> <span class='ocrx_word' id='word_1_16' title='bbox 528 377 713 441; x_wconf 87' lang='lat' dir='ltr'>reliquis</span> <span class='ocrx_word' id='word_1_17' title='bbox 749 375 843 422; x_wconf 87' lang='lat' dir='ltr'>fere</span> <span class='ocrx_word' id='word_1_18' title='bbox 882 382 992 445; x_wconf 40' lang='lat' dir='ltr'>post·</span> <span class='ocrx_word' id='word_1_19' title='bbox 1020 373 1199 436; x_wconf 89' lang='lat' dir='ltr'>ipsum7</span> <span class='ocrx_word' id='word_1_20' title='bbox 1238 369 1392 415; x_wconf 85' lang='lat' dir='ltr'>minus</span> <span class='ocrx_word' id='word_1_21' title='bbox 1422 366 1707 429; x_wconf 80' lang='lat' dir='ltr'>geneticam7</span> <span class='ocrx_word' id='word_1_22' title='bbox 1744 372 1796 409; x_wconf 89' lang='lat' dir='ltr'>ut</span> <span class='ocrx_word' id='word_1_23' title='bbox 1831 362 1903 408; x_wconf 87' lang='lat' dir='ltr'>lo-</span> 
     </span>
     <span class='ocr_line' id='line_1_4' title="bbox 225 438 1905 530; baseline -0.016 -19"><span class='ocrx_word' id='word_1_24' title='bbox 225 471 453 530; x_wconf 79' lang='lat' dir='ltr'>quuntur,</span> <span class='ocrx_word' id='word_1_25' title='bbox 475 459 569 502; x_wconf 82' lang='lat' dir='ltr'>sive</span> <span class='ocrx_word' id='word_1_26' title='bbox 587 451 884 499; x_wconf 80' lang='lat' dir='ltr'>scientificam</span> <span class='ocrx_word' id='word_1_27' title='bbox 907 447 1051 495; x_wconf 87' lang='lat' dir='ltr'>videri</span> <span class='ocrx_word' id='word_1_28' title='bbox 1067 462 1211 510; x_wconf 88' lang='lat' dir='ltr'>posse.</span> <span class='ocrx_word' id='word_1_29' title='bbox 1235 445 1300 491; x_wconf 77' lang='lat' dir='ltr'>Ex</span> <span class='ocrx_word' id='word_1_30' title='bbox 1317 460 1367 491; x_wconf 89' lang='lat' dir='ltr'>ea</span> <span class='ocrx_word' id='word_1_31' title='bbox 1393 440 1621 507; x_wconf 84' lang='lat' dir='ltr'>siquidem</span> <span class='ocrx_word' id='word_1_32' title='bbox 1642 438 1767 486; x_wconf 88' lang='lat' dir='ltr'>haud</span> <span class='ocrx_word' id='word_1_33' title='bbox 1786 438 1905 486; x_wconf 84' lang='lat' dir='ltr'>levia</span> 
     </span>
     <span class='ocr_line' id='line_1_5' title="bbox 228 514 1905 589; baseline -0.017 -3"><span class='ocrx_word' id='word_1_34' title='bbox 228 541 470 588; x_wconf 82' lang='lat' dir='ltr'>dimanant</span> <span class='ocrx_word' id='word_1_35' title='bbox 498 526 822 584; x_wconf 82' lang='lat' dir='ltr'>incommoda,</span> <span class='ocrx_word' id='word_1_36' title='bbox 856 541 958 589; x_wconf 87' lang='lat' dir='ltr'>quae</span> <span class='ocrx_word' id='word_1_37' title='bbox 991 521 1212 569; x_wconf 88' lang='lat' dir='ltr'>declinari</span> <span class='ocrx_word' id='word_1_38' title='bbox 1243 519 1318 565; x_wconf 83' lang='lat' dir='ltr'>vix</span> <span class='ocrx_word' id='word_1_39' title='bbox 1359 527 1438 564; x_wconf 84' lang='lat' dir='ltr'>aut</span> <span class='ocrx_word' id='word_1_40' title='bbox 1469 516 1736 563; x_wconf 88' lang='lat' dir='ltr'>nullatenus</span> <span class='ocrx_word' id='word_1_41' title='bbox 1766 514 1905 560; x_wconf 89' lang='lat' dir='ltr'>etiam</span> 
     </span>
     <span class='ocr_line' id='line_1_6' title="bbox 229 619 420 680; baseline -0.037 -19"><span class='ocrx_word' id='word_1_42' title='bbox 229 619 420 680; x_wconf 85' lang='lat' dir='ltr'>queunt.</span> 
     </span>
    </p>

    <p class='ocr_par' dir='ltr' id='par_1_3' title="bbox 228 663 1918 1353">
     <span class='ocr_line' id='line_1_7' title="bbox 294 663 1909 742; baseline -0.015 -9"><span class='ocrx_word' id='word_1_43' title='bbox 294 687 337 733; x_wconf 79' lang='lat'>3.</span> <span class='ocrx_word' id='word_1_44' title='bbox 377 683 558 731; x_wconf 82' lang='lat' dir='ltr'>Etenim</span> <span class='ocrx_word' id='word_1_45' title='bbox 581 680 735 727; x_wconf 87' lang='lat' dir='ltr'>Canus</span> <span class='ocrx_word' id='word_1_46' title='bbox 759 678 909 742; x_wconf 90' lang='lat' dir='ltr'>primo</span> <span class='ocrx_word' id='word_1_47' title='bbox 936 674 1035 721; x_wconf 91' lang='lat' dir='ltr'>loco</span> <span class='ocrx_word' id='word_1_48' title='bbox 1057 673 1115 717; x_wconf 92' lang='lat' dir='ltr'>de</span> <span class='ocrx_word' id='word_1_49' title='bbox 1135 668 1381 734; x_wconf 80' lang='lat' dir='ltr'>Scripturis</span> <span class='ocrx_word' id='word_1_50' title='bbox 1401 666 1569 715; x_wconf 86' lang='lat' dir='ltr'>divinis</span> <span class='ocrx_word' id='word_1_51' title='bbox 1590 667 1680 729; x_wconf 79' lang='lat' dir='ltr'>agit</span> <span class='ocrx_word' id='word_1_52' title='bbox 1697 702 1709 724; x_wconf 90' lang='lat'>7</span> <span class='ocrx_word' id='word_1_53' title='bbox 1740 663 1909 711; x_wconf 89' lang='lat' dir='ltr'>deinde</span> 
     </span>
     <span class='ocr_line' id='line_1_8' title="bbox 232 739 1910 813; baseline -0.016 -2"><span class='ocrx_word' id='word_1_54' title='bbox 232 780 338 813; x_wconf 87' lang='lat' dir='ltr'>vero</span> <span class='ocrx_word' id='word_1_55' title='bbox 362 760 419 807; x_wconf 90' lang='lat' dir='ltr'>de</span> <span class='ocrx_word' id='word_1_56' title='bbox 441 757 708 805; x_wconf 83' lang='lat' dir='ltr'>Traditione</span> <span class='ocrx_word' id='word_1_57' title='bbox 725 790 736 811; x_wconf 99' lang='lat'>7</span> <span class='ocrx_word' id='word_1_58' title='bbox 763 753 874 799; x_wconf 86' lang='lat' dir='ltr'>hinc</span> <span class='ocrx_word' id='word_1_59' title='bbox 895 750 952 798; x_wconf 87' lang='lat' dir='ltr'>de</span> <span class='ocrx_word' id='word_1_60' title='bbox 974 747 1171 795; x_wconf 79' lang='lat' dir='ltr'>Ecclesia</span> <span class='ocrx_word' id='word_1_61' title='bbox 1196 754 1242 792; x_wconf 84' lang='lat' dir='ltr'>et</span> <span class='ocrx_word' id='word_1_62' title='bbox 1266 745 1325 791; x_wconf 90' lang='lat' dir='ltr'>de</span> <span class='ocrx_word' id='word_1_63' title='bbox 1347 742 1562 789; x_wconf 86' lang='lat' dir='ltr'>Conciliis</span> <span class='ocrx_word' id='word_1_64' title='bbox 1576 775 1593 796; x_wconf 58' lang='lat'>·.&gt;</span> <span class='ocrx_word' id='word_1_65' title='bbox 1615 742 1781 806; x_wconf 88' lang='lat' dir='ltr'>quibus</span> <span class='ocrx_word' id='word_1_66' title='bbox 1806 739 1910 786; x_wconf 87' lang='lat' dir='ltr'>sub·</span> 
     </span>
     <span class='ocr_line' id='line_1_9' title="bbox 228 814 1910 900; baseline -0.016 -14"><span class='ocrx_word' id='word_1_67' title='bbox 228 838 373 887; x_wconf 78' lang='lat' dir='ltr'><strong>nectit</strong></span> <span class='ocrx_word' id='word_1_68' title='bbox 392 849 492 900; x_wconf 86' lang='lat' dir='ltr'>quae</span> <span class='ocrx_word' id='word_1_69' title='bbox 511 833 571 880; x_wconf 89' lang='lat' dir='ltr'>ad</span> <span class='ocrx_word' id='word_1_70' title='bbox 588 846 836 878; x_wconf 89' lang='lat' dir='ltr'>romanum</span> <span class='ocrx_word' id='word_1_71' title='bbox 854 825 1127 873; x_wconf 87' lang='lat' dir='ltr'>Pontificem</span> <span class='ocrx_word' id='word_1_72' title='bbox 1144 858 1156 881; x_wconf 92' lang='lat'>7</span> <span class='ocrx_word' id='word_1_73' title='bbox 1187 822 1376 867; x_wconf 88' lang='lat' dir='ltr'>Sanctos</span> <span class='ocrx_word' id='word_1_74' title='bbox 1400 827 1576 865; x_wconf 84' lang='lat' dir='ltr'>veteres</span> <span class='ocrx_word' id='word_1_75' title='bbox 1597 855 1607 876; x_wconf 95' lang='lat'>7</span> <span class='ocrx_word' id='word_1_76' title='bbox 1631 833 1746 882; x_wconf 86' lang='lat' dir='ltr'>quos</span> <span class='ocrx_word' id='word_1_77' title='bbox 1772 814 1910 878; x_wconf 81' lang='lat' dir='ltr'>vulgo</span> 
     </span>
     <span class='ocr_line' id='line_1_10' title="bbox 228 892 1915 972; baseline -0.017 -10"><span class='ocrx_word' id='word_1_78' title='bbox 228 918 398 964; x_wconf 67' lang='lat' dir='ltr'>Patres</span> <span class='ocrx_word' id='word_1_79' title='bbox 440 923 764 972; x_wconf 83' lang='lat' dir='ltr'>nuncupamus</span> <span class='ocrx_word' id='word_1_80' title='bbox 783 940 797 962; x_wconf 86' lang='lat'>7</span> <span class='ocrx_word' id='word_1_81' title='bbox 840 920 890 949; x_wconf 84' lang='lat' dir='ltr'>ac</span> <span class='ocrx_word' id='word_1_82' title='bbox 929 898 1182 961; x_wconf 74' lang='lat' dir='ltr'>Tlieologos</span> <span class='ocrx_word' id='word_1_83' title='bbox 1223 894 1516 942; x_wconf 84' lang='lat' dir='ltr'>scholasticos</span> <span class='ocrx_word' id='word_1_84' title='bbox 1553 892 1818 957; x_wconf 75' lang='lat' dir='ltr'>pertinent3</span> <span class='ocrx_word' id='word_1_85' title='bbox 1864 897 1915 935; x_wconf 89' lang='lat' dir='ltr'>ut</span> 
     </span>
     <span class='ocr_line' id='line_1_11' title="bbox 229 967 1914 1046; baseline -0.016 -9"><span class='ocrx_word' id='word_1_86' title='bbox 229 992 418 1038; x_wconf 89' lang='lat' dir='ltr'>demum</span> <span class='ocrx_word' id='word_1_87' title='bbox 441 995 534 1032; x_wconf 83' lang='lat' dir='ltr'>tres</span> <span class='ocrx_word' id='word_1_88' title='bbox 569 983 679 1030; x_wconf 87' lang='lat' dir='ltr'>alios</span> <span class='ocrx_word' id='word_1_89' title='bbox 710 979 885 1046; x_wconf 86' lang='lat' dir='ltr'>aperiat</span> <span class='ocrx_word' id='word_1_90' title='bbox 916 978 1091 1034; x_wconf 85' lang='lat' dir='ltr'>fontes7</span> <span class='ocrx_word' id='word_1_91' title='bbox 1128 972 1252 1019; x_wconf 90' lang='lat' dir='ltr'>unde</span> <span class='ocrx_word' id='word_1_92' title='bbox 1285 969 1542 1033; x_wconf 77' lang='lat' dir='ltr'>Theologus</span> <span class='ocrx_word' id='word_1_93' title='bbox 1568 967 1749 1015; x_wconf 79' lang='lat' dir='ltr'>hauriat</span> <span class='ocrx_word' id='word_1_94' title='bbox 1788 982 1914 1029; x_wconf 78' lang='lat' dir='ltr'>argu-</span> 
     </span>
     <span class='ocr_line' id='line_1_12' title="bbox 232 1043 1918 1125; baseline -0.016 -12"><span class='ocrx_word' id='word_1_95' title='bbox 232 1074 391 1114; x_wconf 87' lang='lat' dir='ltr'>menta</span> <span class='ocrx_word' id='word_1_96' title='bbox 414 1061 488 1109; x_wconf 87' lang='lat' dir='ltr'>illa</span> <span class='ocrx_word' id='word_1_97' title='bbox 505 1097 518 1120; x_wconf 81' lang='lat'>7</span> <span class='ocrx_word' id='word_1_98' title='bbox 547 1075 649 1125; x_wconf 85' lang='lat' dir='ltr'>quae</span> <span class='ocrx_word' id='word_1_99' title='bbox 671 1059 768 1122; x_wconf 90' lang='lat' dir='ltr'>ipse</span> <span class='ocrx_word' id='word_1_100' title='bbox 801 1063 932 1103; x_wconf 90' lang='lat' dir='ltr'>vocat</span> <span class='ocrx_word' id='word_1_101' title='bbox 951 1049 1233 1114; x_wconf 76' lang='lat' dir='ltr'>adscriptitia</span> <span class='ocrx_word' id='word_1_102' title='bbox 1262 1063 1313 1094; x_wconf 86' lang='lat' dir='ltr'>ac</span> <span class='ocrx_word' id='word_1_103' title='bbox 1341 1045 1470 1093; x_wconf 88' lang='lat' dir='ltr'>velut</span> <span class='ocrx_word' id='word_1_104' title='bbox 1503 1062 1556 1090; x_wconf 82' lang='lat' dir='ltr'>ex</span> <span class='ocrx_word' id='word_1_105' title='bbox 1589 1043 1738 1090; x_wconf 91' lang='lat' dir='ltr'>alieno</span> <span class='ocrx_word' id='word_1_106' title='bbox 1763 1058 1918 1088; x_wconf 89' lang='lat' dir='ltr'>emen-</span> 
     </span>
     <span class='ocr_line' id='line_1_13' title="bbox 234 1116 1916 1196; baseline -0.017 -7"><span class='ocrx_word' id='word_1_107' title='bbox 234 1143 414 1196; x_wconf 87' lang='lat' dir='ltr'>dicata7</span> <span class='ocrx_word' id='word_1_108' title='bbox 444 1137 673 1184; x_wconf 86' lang='lat' dir='ltr'>rationem</span> <span class='ocrx_word' id='word_1_109' title='bbox 704 1131 876 1178; x_wconf 85' lang='lat' dir='ltr'>scilicet</span> <span class='ocrx_word' id='word_1_110' title='bbox 914 1125 1175 1183; x_wconf 76' lang='lat' dir='ltr'>naturalem</span> <span class='ocrx_word' id='word_1_111' title='bbox 1196 1161 1207 1183; x_wconf 95' lang='lat'>7</span> <span class='ocrx_word' id='word_1_112' title='bbox 1250 1122 1573 1170; x_wconf 85' lang='lat' dir='ltr'>auctoritatem</span> <span class='ocrx_word' id='word_1_113' title='bbox 1613 1116 1916 1183; x_wconf 85' lang='lat' dir='ltr'>philosopho-</span> 
     </span>
     <span class='ocr_line' id='line_1_14' title="bbox 236 1193 1917 1275; baseline -0.017 -10"><span class='ocrx_word' id='word_1_114' title='bbox 236 1234 339 1265; x_wconf 89' lang='lat' dir='ltr'>rum</span> <span class='ocrx_word' id='word_1_115' title='bbox 404 1206 450 1262; x_wconf 87' lang='lat' dir='ltr'>et</span> <span class='ocrx_word' id='word_1_116' title='bbox 494 1206 929 1275; x_wconf 86' lang='lat' dir='ltr'>jurisconsultorum</span> <span class='ocrx_word' id='word_1_117' title='bbox 958 1239 970 1261; x_wconf 87' lang='lat'>7</span> <span class='ocrx_word' id='word_1_118' title='bbox 1028 1210 1265 1267; x_wconf 88' lang='lat' dir='ltr'>postremo</span> <span class='ocrx_word' id='word_1_119' title='bbox 1311 1197 1636 1244; x_wconf 87' lang='lat' dir='ltr'>auctoritatem</span> <span class='ocrx_word' id='word_1_120' title='bbox 1699 1193 1917 1239; x_wconf 81' lang='lat' dir='ltr'>humanae</span> 
     </span>
     <span class='ocr_line' id='line_1_15' title="bbox 234 1289 553 1353; baseline -0.022 -11"><span class='ocrx_word' id='word_1_121' title='bbox 234 1292 438 1341; x_wconf 83' lang='lat' dir='ltr'>historiae</span> <span class='ocrx_word' id='word_1_122' title='bbox 464 1289 553 1353; x_wconf 87' lang='grc'>(1).</span> 
     </span>
    </p>

    <p class='ocr_par' dir='ltr' id='par_1_4' title="bbox 243 1350 1929 1967">
     <span class='ocr_line' id='line_1_16' title="bbox 305 1350 1919 1422; baseline -0.015 -7"><span class='ocrx_word' id='word_1_123' title='bbox 305 1369 350 1415; x_wconf 80' lang='grc'>4.</span> <span class='ocrx_word' id='word_1_124' title='bbox 375 1368 543 1414; x_wconf 87' lang='lat' dir='ltr'>Verum</span> <span class='ocrx_word' id='word_1_125' title='bbox 564 1364 801 1409; x_wconf 84' lang='lat' dir='ltr'>enimvero</span> <span class='ocrx_word' id='word_1_126' title='bbox 821 1358 920 1422; x_wconf 85' lang='lat' dir='ltr'>quis</span> <span class='ocrx_word' id='word_1_127' title='bbox 941 1370 1149 1419; x_wconf 89' lang='lat' dir='ltr'>unquam</span> <span class='ocrx_word' id='word_1_128' title='bbox 1163 1369 1258 1397; x_wconf 89' lang='lat' dir='ltr'>non</span> <span class='ocrx_word' id='word_1_129' title='bbox 1275 1350 1455 1408; x_wconf 82' lang='lat' dir='ltr'>viderit,</span> <span class='ocrx_word' id='word_1_130' title='bbox 1474 1363 1768 1412; x_wconf 87' lang='lat' dir='ltr'>nequaquam</span> <span class='ocrx_word' id='word_1_131' title='bbox 1785 1360 1919 1410; x_wconf 84' lang='lat' dir='ltr'>posse</span> 
     </span>
     <span class='ocr_line' id='line_1_17' title="bbox 243 1427 1922 1512; baseline -0.016 -20"><span class='ocrx_word' id='word_1_132' title='bbox 243 1458 525 1512; x_wconf 85' lang='lat' dir='ltr'>quemquam</span> <span class='ocrx_word' id='word_1_133' title='bbox 553 1438 611 1485; x_wconf 92' lang='lat' dir='ltr'>de</span> <span class='ocrx_word' id='word_1_134' title='bbox 638 1433 885 1499; x_wconf 83' lang='lat' dir='ltr'>Scripturis</span> <span class='ocrx_word' id='word_1_135' title='bbox 907 1432 1071 1488; x_wconf 89' lang='lat' dir='ltr'>sacris7</span> <span class='ocrx_word' id='word_1_136' title='bbox 1107 1436 1246 1493; x_wconf 87' lang='lat' dir='ltr'>prout</span> <span class='ocrx_word' id='word_1_137' title='bbox 1269 1427 1449 1471; x_wconf 79' lang='lat' dir='ltr'>divz&#39;noe</span> <span class='ocrx_word' id='word_1_138' title='bbox 1479 1431 1772 1488; x_wconf 82' lang='lat' dir='ltr'>spectantur,</span> <span class='ocrx_word' id='word_1_139' title='bbox 1814 1428 1922 1485; x_wconf 83' lang='lat' dir='ltr'>apte</span> 
     </span>
     <span class='ocr_line' id='line_1_18' title="bbox 244 1494 1924 1576; baseline -0.017 -8"><span class='ocrx_word' id='word_1_140' title='bbox 244 1522 465 1569; x_wconf 81' lang='lat' dir='ltr'>disserere</span> <span class='ocrx_word' id='word_1_141' title='bbox 482 1552 495 1573; x_wconf 95' lang='lat'>7</span> <span class='ocrx_word' id='word_1_142' title='bbox 526 1514 583 1561; x_wconf 92' lang='lat' dir='ltr'>de</span> <span class='ocrx_word' id='word_1_143' title='bbox 602 1514 805 1576; x_wconf 86' lang='lat' dir='ltr'>ipsarum</span> <span class='ocrx_word' id='word_1_144' title='bbox 823 1544 834 1565; x_wconf 84' lang='lat'>7</span> <span class='ocrx_word' id='word_1_145' title='bbox 860 1516 911 1553; x_wconf 90' lang='lat' dir='ltr'>ut</span> <span class='ocrx_word' id='word_1_146' title='bbox 930 1506 1061 1552; x_wconf 88' lang='lat' dir='ltr'>aiunt</span> <span class='ocrx_word' id='word_1_147' title='bbox 1083 1541 1093 1561; x_wconf 83' lang='lat'>7</span> <span class='ocrx_word' id='word_1_148' title='bbox 1118 1502 1422 1567; x_wconf 82' lang='lat' dir='ltr'>inspiratione</span> <span class='ocrx_word' id='word_1_149' title='bbox 1448 1509 1493 1547; x_wconf 89' lang='lat' dir='ltr'>et</span> <span class='ocrx_word' id='word_1_150' title='bbox 1519 1515 1695 1545; x_wconf 87' lang='lat' dir='ltr'>canone</span> <span class='ocrx_word' id='word_1_151' title='bbox 1710 1533 1723 1555; x_wconf 90' lang='lat'>7</span> <span class='ocrx_word' id='word_1_152' title='bbox 1747 1505 1799 1542; x_wconf 89' lang='lat' dir='ltr'>ut</span> <span class='ocrx_word' id='word_1_153' title='bbox 1821 1494 1924 1543; x_wconf 88' lang='lat' dir='ltr'>reli-</span> 
     </span>
     <span class='ocr_line' id='line_1_19' title="bbox 246 1573 1926 1662; baseline -0.016 -19"><span class='ocrx_word' id='word_1_154' title='bbox 246 1613 336 1662; x_wconf 85' lang='lat' dir='ltr'>qua</span> <span class='ocrx_word' id='word_1_155' title='bbox 374 1594 511 1640; x_wconf 89' lang='lat' dir='ltr'>missa</span> <span class='ocrx_word' id='word_1_156' title='bbox 543 1589 732 1645; x_wconf 85' lang='lat' dir='ltr'>faciam7</span> <span class='ocrx_word' id='word_1_157' title='bbox 774 1584 886 1649; x_wconf 91' lang='lat' dir='ltr'>quin</span> <span class='ocrx_word' id='word_1_158' title='bbox 925 1582 1053 1647; x_wconf 88' lang='lat' dir='ltr'>prius</span> <span class='ocrx_word' id='word_1_159' title='bbox 1087 1578 1334 1625; x_wconf 73' lang='lat' dir='ltr'>auctoritas</span> <span class='ocrx_word' id='word_1_160' title='bbox 1371 1576 1448 1623; x_wconf 88' lang='lat' dir='ltr'>illa</span> <span class='ocrx_word' id='word_1_161' title='bbox 1475 1575 1723 1623; x_wconf 87' lang='lat' dir='ltr'>constituta</span> <span class='ocrx_word' id='word_1_162' title='bbox 1750 1573 1833 1629; x_wconf 86' lang='lat' dir='ltr'>sit7</span> <span class='ocrx_word' id='word_1_163' title='bbox 1870 1587 1926 1617; x_wconf 75' lang='lat' dir='ltr'>ex</span> 
     </span>
     <span class='ocr_line' id='line_1_20' title="bbox 248 1644 1929 1737; baseline -0.017 -18"><span class='ocrx_word' id='word_1_164' title='bbox 248 1689 337 1737; x_wconf 88' lang='lat' dir='ltr'>qua</span> <span class='ocrx_word' id='word_1_165' title='bbox 364 1669 514 1716; x_wconf 88' lang='lat' dir='ltr'>solum</span> <span class='ocrx_word' id='word_1_166' title='bbox 543 1681 607 1712; x_wconf 84' lang='lat' dir='ltr'>eae</span> <span class='ocrx_word' id='word_1_167' title='bbox 635 1670 755 1709; x_wconf 83' lang='lat' dir='ltr'>notae</span> <span class='ocrx_word' id='word_1_168' title='bbox 778 1668 880 1706; x_wconf 85' lang='lat' dir='ltr'>tuto</span> <span class='ocrx_word' id='word_1_169' title='bbox 907 1656 1042 1704; x_wconf 88' lang='lat' dir='ltr'>nobis</span> <span class='ocrx_word' id='word_1_170' title='bbox 1068 1661 1292 1719; x_wconf 85' lang='lat' dir='ltr'>poterunt</span> <span class='ocrx_word' id='word_1_171' title='bbox 1326 1650 1572 1699; x_wconf 74' lang='lat' dir='ltr'>constare?</span> <span class='ocrx_word' id='word_1_172' title='bbox 1606 1648 1735 1695; x_wconf 86' lang='lat' dir='ltr'>Idem</span> <span class='ocrx_word' id='word_1_173' title='bbox 1767 1647 1841 1694; x_wconf 85' lang='lat' dir='ltr'>dic</span> <span class='ocrx_word' id='word_1_174' title='bbox 1871 1644 1929 1692; x_wconf 87' lang='lat' dir='ltr'>de</span> 
     </span>
     <span class='ocr_line' id='line_1_21' title="bbox 251 1721 1929 1797; baseline -0.018 0"><span class='ocrx_word' id='word_1_175' title='bbox 251 1746 419 1797; x_wconf 86' lang='lat' dir='ltr'>divinis</span> <span class='ocrx_word' id='word_1_176' title='bbox 448 1739 772 1790; x_wconf 84' lang='lat' dir='ltr'>traditionibus</span> <span class='ocrx_word' id='word_1_177' title='bbox 795 1745 840 1783; x_wconf 85' lang='lat' dir='ltr'>et</span> <span class='ocrx_word' id='word_1_178' title='bbox 862 1751 1020 1782; x_wconf 86' lang='lat' dir='ltr'>earum</span> <span class='ocrx_word' id='word_1_179' title='bbox 1049 1731 1343 1788; x_wconf 86' lang='lat' dir='ltr'>auctoritate,</span> <span class='ocrx_word' id='word_1_180' title='bbox 1375 1745 1426 1774; x_wconf 87' lang='lat' dir='ltr'>ac</span> <span class='ocrx_word' id='word_1_181' title='bbox 1456 1728 1512 1773; x_wconf 91' lang='lat' dir='ltr'>de</span> <span class='ocrx_word' id='word_1_182' title='bbox 1535 1725 1722 1788; x_wconf 87' lang='lat' dir='ltr'>reliquis</span> <span class='ocrx_word' id='word_1_183' title='bbox 1747 1739 1851 1787; x_wconf 85' lang='lat' dir='ltr'>quae</span> <span class='ocrx_word' id='word_1_184' title='bbox 1872 1721 1929 1767; x_wconf 90' lang='lat' dir='ltr'>ab</span> 
     </span>
     <span class='ocr_line' id='line_1_22' title="bbox 253 1802 1929 1872; baseline -0.018 0"><span class='ocrx_word' id='word_1_185' title='bbox 253 1821 464 1872; x_wconf 75' lang='lat' dir='ltr'>Ecclesiae</span> <span class='ocrx_word' id='word_1_186' title='bbox 495 1816 767 1865; x_wconf 75' lang='lat' dir='ltr'>auctoritate</span> <span class='ocrx_word' id='word_1_187' title='bbox 797 1830 848 1858; x_wconf 84' lang='lat' dir='ltr'>ac</span> <span class='ocrx_word' id='word_1_188' title='bbox 867 1808 1155 1865; x_wconf 83' lang='lat' dir='ltr'>testimonio7</span> <span class='ocrx_word' id='word_1_189' title='bbox 1178 1806 1244 1852; x_wconf 87' lang='lat' dir='ltr'>uti</span> <span class='ocrx_word' id='word_1_190' title='bbox 1267 1812 1423 1869; x_wconf 86' lang='lat' dir='ltr'>postea</span> <span class='ocrx_word' id='word_1_191' title='bbox 1448 1802 1744 1849; x_wconf 86' lang='lat' dir='ltr'>ostendemus</span> <span class='ocrx_word' id='word_1_192' title='bbox 1761 1835 1773 1857; x_wconf 90' lang='lat'>7</span> <span class='ocrx_word' id='word_1_193' title='bbox 1797 1802 1929 1844; x_wconf 90' lang='lat' dir='ltr'>unice</span> 
     </span>
     <span class='ocr_line' id='line_1_23' title="bbox 252 1898 477 1967; baseline -0.036 -19"><span class='ocrx_word' id='word_1_194' title='bbox 252 1898 477 1967; x_wconf 90' lang='lat' dir='ltr'>pendent.</span> 
     </span>
    </p>

    <p class='ocr_par' dir='ltr' id='par_1_5' title="bbox 258 1952 1939 2933">
     <span class='ocr_line' id='line_1_24' title="bbox 323 1952 1929 2031; baseline -0.017 -10"><span class='ocrx_word' id='word_1_195' title='bbox 323 1975 366 2021; x_wconf 83' lang='lat'>5.</span> <span class='ocrx_word' id='word_1_196' title='bbox 403 1967 716 2031; x_wconf 86' lang='lat' dir='ltr'>Quamobrem</span> <span class='ocrx_word' id='word_1_197' title='bbox 752 1965 838 2010; x_wconf 83' lang='lat' dir='ltr'>iter</span> <span class='ocrx_word' id='word_1_198' title='bbox 873 1961 1152 2018; x_wconf 89' lang='lat' dir='ltr'>insistendo7</span> <span class='ocrx_word' id='word_1_199' title='bbox 1184 1957 1307 2023; x_wconf 89' lang='lat' dir='ltr'>quod</span> <span class='ocrx_word' id='word_1_200' title='bbox 1336 1965 1381 2003; x_wconf 82' lang='lat' dir='ltr'>et</span> <span class='ocrx_word' id='word_1_201' title='bbox 1412 1955 1519 2001; x_wconf 86' lang='lat' dir='ltr'>alias</span> <span class='ocrx_word' id='word_1_202' title='bbox 1546 1952 1738 2015; x_wconf 82' lang='lat' dir='ltr'>ingressi</span> <span class='ocrx_word' id='word_1_203' title='bbox 1770 1967 1929 1996; x_wconf 88' lang='lat' dir='ltr'>sumus</span> 
     </span>
     <span class='ocr_line' id='line_1_25' title="bbox 258 2028 1934 2115; baseline -0.018 -15"><span class='ocrx_word' id='word_1_204' title='bbox 258 2053 310 2099; x_wconf 86' lang='lat' dir='ltr'>in</span> <span class='ocrx_word' id='word_1_205' title='bbox 337 2045 581 2115; x_wconf 78' lang='lat' dir='ltr'>posteriori</span> <span class='ocrx_word' id='word_1_206' title='bbox 605 2038 889 2090; x_wconf 79' lang='lat' dir='ltr'>tractationis</span> <span class='ocrx_word' id='word_1_207' title='bbox 913 2045 1080 2083; x_wconf 85' lang='lat' dir='ltr'>nostrae</span> <span class='ocrx_word' id='word_1_208' title='bbox 1107 2044 1238 2101; x_wconf 86' lang='lat' dir='ltr'>parte</span> <span class='ocrx_word' id='word_1_209' title='bbox 1255 2071 1267 2093; x_wconf 98' lang='lat'>7</span> <span class='ocrx_word' id='word_1_210' title='bbox 1293 2049 1435 2097; x_wconf 85' lang='lat' dir='ltr'>qnam</span> <span class='ocrx_word' id='word_1_211' title='bbox 1460 2029 1517 2076; x_wconf 89' lang='lat' dir='ltr'>de</span> <span class='ocrx_word' id='word_1_212' title='bbox 1552 2031 1673 2077; x_wconf 80' lang='lat' dir='ltr'>Vera</span> <span class='ocrx_word' id='word_1_213' title='bbox 1708 2028 1934 2090; x_wconf 74' lang='lat' dir='ltr'>relz&#39;qz‘one</span> 
     </span>
     <span class='ocr_line' id='line_1_26' title="bbox 258 2102 1935 2176; baseline -0.017 -1"><span class='ocrx_word' id='word_1_214' title='bbox 258 2127 481 2175; x_wconf 77' lang='lat' dir='ltr'>adversus</span> <span class='ocrx_word' id='word_1_215' title='bbox 514 2119 803 2168; x_wconf 64' lang='lat' dir='ltr'>heterodoxos</span> <span class='ocrx_word' id='word_1_216' title='bbox 832 2113 1172 2176; x_wconf 85' lang='lat' dir='ltr'>inscripsimus,</span> <span class='ocrx_word' id='word_1_217' title='bbox 1208 2110 1351 2173; x_wconf 81' lang='lat' dir='ltr'>magis</span> <span class='ocrx_word' id='word_1_218' title='bbox 1386 2106 1445 2152; x_wconf 88' lang='lat' dir='ltr'>ad</span> <span class='ocrx_word' id='word_1_219' title='bbox 1474 2122 1573 2152; x_wconf 89' lang='lat' dir='ltr'>rem</span> <span class='ocrx_word' id='word_1_220' title='bbox 1601 2102 1935 2150; x_wconf 86' lang='lat' dir='ltr'>conficiendam</span> 
     </span>
     <span class='ocr_line' id='line_1_27' title="bbox 261 2177 1935 2268; baseline -0.017 -18"><span class='ocrx_word' id='word_1_221' title='bbox 261 2208 577 2268; x_wconf 84' lang='lat' dir='ltr'>opportunum</span> <span class='ocrx_word' id='word_1_222' title='bbox 598 2193 730 2242; x_wconf 89' lang='lat' dir='ltr'>nobis</span> <span class='ocrx_word' id='word_1_223' title='bbox 754 2191 904 2237; x_wconf 89' lang='lat' dir='ltr'>visum</span> <span class='ocrx_word' id='word_1_224' title='bbox 928 2196 997 2234; x_wconf 88' lang='lat' dir='ltr'>est</span> <span class='ocrx_word' id='word_1_225' title='bbox 1013 2186 1211 2234; x_wconf 83' lang='lat' dir='ltr'>exordiri</span> <span class='ocrx_word' id='word_1_226' title='bbox 1230 2184 1288 2231; x_wconf 80' lang='lat' dir='ltr'>ab</span> <span class='ocrx_word' id='word_1_227' title='bbox 1310 2183 1527 2239; x_wconf 74' lang='lat' dir='ltr'>Ecclesia,</span> <span class='ocrx_word' id='word_1_228' title='bbox 1554 2183 1680 2242; x_wconf 85' lang='lat' dir='ltr'>cujus</span> <span class='ocrx_word' id='word_1_229' title='bbox 1698 2177 1935 2245; x_wconf 81' lang='lat' dir='ltr'>praescrip-</span> 
     </span>
     <span class='ocr_line' id='line_1_28' title="bbox 262 2253 1936 2332; baseline -0.017 -7"><span class='ocrx_word' id='word_1_230' title='bbox 262 2280 437 2325; x_wconf 87' lang='lat' dir='ltr'>tionem</span> <span class='ocrx_word' id='word_1_231' title='bbox 453 2308 472 2332; x_wconf 90' lang='lat'><em>,</em></span> <span class='ocrx_word' id='word_1_232' title='bbox 504 2273 600 2321; x_wconf 91' lang='lat' dir='ltr'>sive</span> <span class='ocrx_word' id='word_1_233' title='bbox 625 2267 999 2317; x_wconf 77' lang='lat' dir='ltr'>anterioritatem</span> <span class='ocrx_word' id='word_1_234' title='bbox 1013 2297 1031 2319; x_wconf 89' lang='lat'><em>,</em></span> <span class='ocrx_word' id='word_1_235' title='bbox 1061 2271 1113 2309; x_wconf 86' lang='lat' dir='ltr'>ut</span> <span class='ocrx_word' id='word_1_236' title='bbox 1133 2263 1196 2309; x_wconf 83' lang='lat' dir='ltr'>ita</span> <span class='ocrx_word' id='word_1_237' title='bbox 1219 2261 1380 2325; x_wconf 87' lang='lat' dir='ltr'>loquar</span> <span class='ocrx_word' id='word_1_238' title='bbox 1395 2295 1407 2318; x_wconf 90' lang='lat'>7</span> <span class='ocrx_word' id='word_1_239' title='bbox 1442 2275 1547 2305; x_wconf 90' lang='lat' dir='ltr'>cum</span> <span class='ocrx_word' id='word_1_240' title='bbox 1570 2262 1670 2319; x_wconf 83' lang='lat' dir='ltr'>jam</span> <span class='ocrx_word' id='word_1_241' title='bbox 1693 2253 1936 2302; x_wconf 84' lang='lat' dir='ltr'>constitui-</span> 
     </span>
     <span class='ocr_line' id='line_1_29' title="bbox 265 2330 1933 2410; baseline -0.016 -10"><span class='ocrx_word' id='word_1_242' title='bbox 265 2369 394 2408; x_wconf 86' lang='lat' dir='ltr'>mus,</span> <span class='ocrx_word' id='word_1_243' title='bbox 417 2350 480 2397; x_wconf 89' lang='lat' dir='ltr'>sic</span> <span class='ocrx_word' id='word_1_244' title='bbox 505 2347 647 2410; x_wconf 84' lang='lat' dir='ltr'>magis</span> <span class='ocrx_word' id='word_1_245' title='bbox 674 2361 725 2392; x_wconf 88' lang='lat' dir='ltr'>ac</span> <span class='ocrx_word' id='word_1_246' title='bbox 752 2339 892 2402; x_wconf 84' lang='lat' dir='ltr'>magis</span> <span class='ocrx_word' id='word_1_247' title='bbox 922 2339 971 2383; x_wconf 91' lang='lat' dir='ltr'>in</span> <span class='ocrx_word' id='word_1_248' title='bbox 1002 2337 1086 2385; x_wconf 87' lang='lat' dir='ltr'>hac</span> <span class='ocrx_word' id='word_1_249' title='bbox 1109 2339 1207 2404; x_wconf 83' lang='lat' dir='ltr'>ipsa</span> <span class='ocrx_word' id='word_1_250' title='bbox 1236 2335 1510 2382; x_wconf 86' lang='lat' dir='ltr'>tractatione</span> <span class='ocrx_word' id='word_1_251' title='bbox 1539 2330 1933 2380; x_wconf 89' lang='lat' dir='ltr'>confirmabimus.</span> 
     </span>
     <span class='ocr_line' id='line_1_30' title="bbox 270 2405 1937 2488; baseline -0.016 -13"><span class='ocrx_word' id='word_1_252' title='bbox 270 2430 335 2475; x_wconf 80' lang='lat' dir='ltr'>Ex</span> <span class='ocrx_word' id='word_1_253' title='bbox 355 2426 442 2473; x_wconf 88' lang='lat' dir='ltr'>hoc</span> <span class='ocrx_word' id='word_1_254' title='bbox 462 2439 600 2488; x_wconf 87' lang='lat' dir='ltr'>porro</span> <span class='ocrx_word' id='word_1_255' title='bbox 626 2418 854 2487; x_wconf 89' lang='lat' dir='ltr'>principio</span> <span class='ocrx_word' id='word_1_256' title='bbox 896 2411 1023 2461; x_wconf 90' lang='lat' dir='ltr'>velut</span> <span class='ocrx_word' id='word_1_257' title='bbox 1052 2430 1107 2460; x_wconf 83' lang='lat' dir='ltr'>ex</span> <span class='ocrx_word' id='word_1_258' title='bbox 1146 2413 1380 2459; x_wconf 86' lang='lat' dir='ltr'>uberrima</span> <span class='ocrx_word' id='word_1_259' title='bbox 1408 2418 1560 2473; x_wconf 78' lang='lat' dir='ltr'>segete</span> <span class='ocrx_word' id='word_1_260' title='bbox 1597 2424 1798 2473; x_wconf 88' lang='lat' dir='ltr'>pronum</span> <span class='ocrx_word' id='word_1_261' title='bbox 1852 2405 1937 2452; x_wconf 86' lang='lat' dir='ltr'>erit</span> 
     </span>
     <span class='ocr_line' id='line_1_31' title="bbox 269 2483 1936 2565; baseline -0.016 -15"><span class='ocrx_word' id='word_1_262' title='bbox 269 2500 478 2565; x_wconf 79' lang='lat' dir='ltr'>colligere-</span> <span class='ocrx_word' id='word_1_263' title='bbox 495 2535 508 2558; x_wconf 88' lang='lat'>7</span> <span class='ocrx_word' id='word_1_264' title='bbox 526 2513 634 2564; x_wconf 62' lang='lat' dir='ltr'>quae‘</span> <span class='ocrx_word' id='word_1_265' title='bbox 648 2494 708 2543; x_wconf 88' lang='lat' dir='ltr'>ad</span> <span class='ocrx_word' id='word_1_266' title='bbox 726 2509 899 2540; x_wconf 87' lang='lat' dir='ltr'>sacram</span> <span class='ocrx_word' id='word_1_267' title='bbox 924 2494 1205 2555; x_wconf 87' lang='lat' dir='ltr'>Scripturam</span> <span class='ocrx_word' id='word_1_268' title='bbox 1232 2497 1277 2535; x_wconf 89' lang='lat' dir='ltr'>et</span> <span class='ocrx_word' id='word_1_269' title='bbox 1295 2486 1353 2533; x_wconf 84' lang='lat' dir='ltr'>ad</span> <span class='ocrx_word' id='word_1_270' title='bbox 1371 2485 1687 2542; x_wconf 69' lang='lat' dir='ltr'>traditionem,</span> <span class='ocrx_word' id='word_1_271' title='bbox 1713 2483 1809 2530; x_wconf 88' lang='lat' dir='ltr'>sive</span> <span class='ocrx_word' id='word_1_272' title='bbox 1832 2495 1936 2527; x_wconf 86' lang='lat' dir='ltr'>ora-</span> 
     </span>
     <span class='ocr_line' id='line_1_32' title="bbox 267 2556 1936 2637; baseline -0.016 -10"><span class='ocrx_word' id='word_1_273' title='bbox 267 2579 392 2637; x_wconf 88' lang='lat' dir='ltr'>lem7</span> <span class='ocrx_word' id='word_1_274' title='bbox 431 2576 527 2624; x_wconf 88' lang='lat' dir='ltr'>sive</span> <span class='ocrx_word' id='word_1_275' title='bbox 551 2573 717 2621; x_wconf 86' lang='lat' dir='ltr'>litteris</span> <span class='ocrx_word' id='word_1_276' title='bbox 750 2570 1133 2634; x_wconf 85' lang='lat' dir='ltr'>documentisque</span> <span class='ocrx_word' id='word_1_277' title='bbox 1160 2565 1377 2629; x_wconf 86' lang='lat' dir='ltr'>deinceps</span> <span class='ocrx_word' id='word_1_278' title='bbox 1407 2563 1753 2627; x_wconf 72' lang='lat' dir='ltr'>consignatam,</span> <span class='ocrx_word' id='word_1_279' title='bbox 1793 2556 1936 2604; x_wconf 86' lang='lat' dir='ltr'>aliave</span> 
     </span>
     <span class='ocr_line' id='line_1_33' title="bbox 270 2632 1939 2705; baseline -0.014 -5"><span class='ocrx_word' id='word_1_280' title='bbox 270 2653 450 2700; x_wconf 87' lang='lat' dir='ltr'>ratione</span> <span class='ocrx_word' id='word_1_281' title='bbox 472 2650 531 2697; x_wconf 86' lang='lat' dir='ltr'>ad</span> <span class='ocrx_word' id='word_1_282' title='bbox 558 2665 641 2696; x_wconf 89' lang='lat' dir='ltr'>nos</span> <span class='ocrx_word' id='word_1_283' title='bbox 666 2645 910 2694; x_wconf 86' lang='lat' dir='ltr'>deductam</span> <span class='ocrx_word' id='word_1_284' title='bbox 927 2682 940 2705; x_wconf 92' lang='lat'>7</span> <span class='ocrx_word' id='word_1_285' title='bbox 971 2644 1251 2691; x_wconf 76' lang='lat' dir='ltr'>referuntur.</span> <span class='ocrx_word' id='word_1_286' title='bbox 1278 2637 1452 2698; x_wconf 86' lang='lat' dir='ltr'>Quibus</span> <span class='ocrx_word' id='word_1_287' title='bbox 1476 2637 1695 2685; x_wconf 88' lang='lat' dir='ltr'>absolutis</span> <span class='ocrx_word' id='word_1_288' title='bbox 1719 2632 1939 2680; x_wconf 81' lang='lat' dir='ltr'>firmiter—</span> 
     </span>
     <span class='ocr_line' id='line_1_34' title="bbox 272 2706 1937 2793; baseline -0.015 -18"><span class='ocrx_word' id='word_1_289' title='bbox 272 2744 362 2793; x_wconf 87' lang='lat' dir='ltr'>que</span> <span class='ocrx_word' id='word_1_290' title='bbox 384 2724 709 2777; x_wconf 65' lang='lat' dir='ltr'>constabilitis„</span> <span class='ocrx_word' id='word_1_291' title='bbox 733 2720 967 2788; x_wconf 88' lang='lat' dir='ltr'>pandetur</span> <span class='ocrx_word' id='word_1_292' title='bbox 987 2721 1062 2768; x_wconf 86' lang='lat' dir='ltr'>via</span> <span class='ocrx_word' id='word_1_293' title='bbox 1086 2716 1144 2765; x_wconf 89' lang='lat' dir='ltr'>ad</span> <span class='ocrx_word' id='word_1_294' title='bbox 1167 2716 1364 2780; x_wconf 88' lang='lat' dir='ltr'>reliquas</span> <span class='ocrx_word' id='word_1_295' title='bbox 1383 2714 1654 2780; x_wconf 84' lang='lat' dir='ltr'>quaestiones</span> <span class='ocrx_word' id='word_1_296' title='bbox 1679 2706 1937 2772; x_wconf 80' lang='lat' dir='ltr'>agitandas,</span> 
     </span>
     <span class='ocr_line' id='line_1_35' title="bbox 274 2788 1937 2867; baseline -0.015 -15"><span class='ocrx_word' id='word_1_297' title='bbox 274 2800 524 2867; x_wconf 76' lang='lat' dir='ltr'>dequibus</span> <span class='ocrx_word' id='word_1_298' title='bbox 546 2800 659 2846; x_wconf 86' lang='lat' dir='ltr'>acris</span> <span class='ocrx_word' id='word_1_299' title='bbox 690 2795 1001 2845; x_wconf 86' lang='lat' dir='ltr'>controversia</span> <span class='ocrx_word' id='word_1_300' title='bbox 1026 2831 1037 2854; x_wconf 88' lang='lat'>7</span> <span class='ocrx_word' id='word_1_301' title='bbox 1068 2801 1198 2842; x_wconf 85' lang='lat' dir='ltr'>aetate</span> <span class='ocrx_word' id='word_1_302' title='bbox 1229 2792 1520 2857; x_wconf 90' lang='lat' dir='ltr'>potissimum</span> <span class='ocrx_word' id='word_1_303' title='bbox 1551 2788 1635 2834; x_wconf 88' lang='lat' dir='ltr'>hac</span> <span class='ocrx_word' id='word_1_304' title='bbox 1665 2792 1821 2832; x_wconf 88' lang='lat' dir='ltr'>nostra</span> <span class='ocrx_word' id='word_1_305' title='bbox 1839 2818 1851 2841; x_wconf 96' lang='lat'>7</span> <span class='ocrx_word' id='word_1_306' title='bbox 1892 2789 1937 2828; x_wconf 89' lang='lat' dir='ltr'>et</span> 
     </span>
     <span class='ocr_line' id='line_1_36' title="bbox 267 2858 1869 2933; baseline -0.012 -8"><span class='ocrx_word' id='word_1_307' title='bbox 267 2876 508 2926; x_wconf 84' lang='lat' dir='ltr'>contentio</span> <span class='ocrx_word' id='word_1_308' title='bbox 539 2875 731 2923; x_wconf 85' lang='lat' dir='ltr'>excitata</span> <span class='ocrx_word' id='word_1_309' title='bbox 757 2882 825 2928; x_wconf 90' lang='lat' dir='ltr'>est</span> <span class='ocrx_word' id='word_1_310' title='bbox 844 2907 860 2931; x_wconf 89' lang='lat'><em>,</em></span> <span class='ocrx_word' id='word_1_311' title='bbox 888 2872 946 2920; x_wconf 89' lang='lat' dir='ltr'>de</span> <span class='ocrx_word' id='word_1_312' title='bbox 976 2869 1179 2933; x_wconf 81' lang='lat' dir='ltr'>analogia</span> <span class='ocrx_word' id='word_1_313' title='bbox 1217 2867 1430 2915; x_wconf 84' lang='lat' dir='ltr'>videlicet</span> <span class='ocrx_word' id='word_1_314' title='bbox 1459 2862 1647 2913; x_wconf 88' lang='lat' dir='ltr'>rationis</span> <span class='ocrx_word' id='word_1_315' title='bbox 1672 2878 1722 2909; x_wconf 90' lang='lat' dir='ltr'>ac</span> <span class='ocrx_word' id='word_1_316' title='bbox 1748 2858 1869 2906; x_wconf 89' lang='lat' dir='ltr'>fidei.</span> 
     </span>
    </p>
   </div>
   <div class='ocr_carea' id='block_1_3' title="bbox 330 2994 729 3049">
    <p class='ocr_par' dir='ltr' id='par_1_6' title="bbox 330 2994 729 3049">
     <span class='ocr_line' id='line_1_37' title="bbox 330 2994 729 3049; baseline -0.013 -12"><span class='ocrx_word' id='word_1_317' title='bbox 330 2997 379 3049; x_wconf 88' lang='lat' dir='ltr'>(l)</span> <span class='ocrx_word' id='word_1_318' title='bbox 409 2996 491 3037; x_wconf 85' lang='lat' dir='ltr'>Lib.</span> <span class='ocrx_word' id='word_1_319' title='bbox 515 3009 554 3045; x_wconf 79' lang='lat'>1,</span> <span class='ocrx_word' id='word_1_320' title='bbox 582 3008 661 3047; x_wconf 81' lang='lat' dir='ltr'>cap.</span> <span class='ocrx_word' id='word_1_321' title='bbox 691 2994 729 3032; x_wconf 81' lang='lat'>3.</span> 
     </span>
    </p>
   </div>
  </div>
 </body>
</html>
