2028 3354
377 192 498 222 PART.
532 191 564 221 1.
599 191 716 222 SECT.
756 194 804 223 11.
843 195 940 224 cAP.
980 195 1043 226 111.
1076 198 1131 227 DE
1151 197 1253 227 NAT.
1283 197 1339 228 ET
1362 199 1461 229 JUR-
1486 198 1605 230 PRIM.

1744 183 1838 232 453

147 318 314 362 nitatis
339 324 380 362 et
395 318 610 378 partitor
628 317 911 380 insumebat
926 354 942 375 ,
964 330 1009 367 et
1030 324 1256 369 continuo
1285 323 1628 372 Constantinus
1653 341 1838 389 semper

145 393 391 454 Auyustus
404 426 419 448 ,
443 400 484 437 et
510 393 730 439 Sz'lvester
759 396 1022 442 laudabilis
1063 415 1289 461 vna-qnam
1327 409 1468 462 atque
1508 395 1747 464 insiynem
1776 404 1834 448 in

143 466 314 513 Nicoea
337 467 580 529 Synodum
610 473 963 533 conqreyabaozt
981 473 1068 535 (1).
1095 476 1159 519 De
1181 475 1698 541 Constantinopolitano
1721 477 1740 523 I
1760 478 1836 524 ni-

144 540 208 586 hil
238 544 404 588 attinet
440 542 620 601 dicere7
659 562 803 608 quum
845 549 1031 594 nonnisi
1070 564 1154 612 per
1185 549 1550 614 subsequentem
1585 553 1833 599 confirma—

142 619 315 664 tionem
356 618 494 665 fuerit
535 621 657 666 inter
689 623 974 670 oecumenica
1022 635 1410 672 connumeratum
1458 628 1546 691 (2).
1591 631 1657 676 De
1694 630 1833 677 Cone.

195 816 246 865 (l)
273 815 401 867 Ἀρείας
432 814 610 868 διαιρέτης
636 816 697 854 καὶ
720 814 947 865 κατατομεδς

140 885 203 923 τῆς
229 878 382 932 Τριάδος
414 878 611 933 ἐγήγερτο,
647 880 707 918 καὶ
743 878 947 932 παραυτίκα

138 945 391 986 Κωνσταντῖνος
414 947 429 984 0‘
450 943 729 992 demanio-rara
743 975 752 992 ,
771 943 833 983 noti
857 945 947 983 Σίλ-

139 1019 285 1062 βεστρος
314 1010 330 1049 ὃ
357 1009 544 1060 οἷοῖἓιμας,
572 1006 632 1052 τὼ
658 1011 688 1048 ἐν
715 1008 850 1048 Νικαῖα
877 1027 946 1060 με·

138 1073 254 1122 γαλην
294 1092 332 1114 τε
375 1074 436 1113 καὶ
476 1072 714 1127 περῖἕλεπτον
760 1076 946 1123 αυιέλεγον

138 1140 292 1182 συνέθου.
311 1142 391 1180 Act.
410 1155 526 1188 xviii,
545 1145 583 1179 in
600 1142 781 1180 Sermone
803 1143 945 1181 Accla-

136 1209 319 1256 matorio,
350 1209 446 1259 apud
480 1208 662 1245 Harduin.
690 1209 792 1246 Acta
823 1208 942 1247 Cone.

135 1282 223 1311 tom.
251 1285 319 1321 111,
349 1275 420 1311 col.
458 1271 572 1323 1418.
599 1273 765 1325 Idipsum
782 1277 946 1313 insinuat

132 1339 310 1384 Rufinus,
339 1341 453 1379 Ha‘st.
481 1339 569 1379 eccl.
604 1339 671 1379 lib.
712 1355 749 1389 1,
781 1354 859 1393 cap.
895 1354 941 1390 1,

132 1405 221 1442 dum
257 1405 405 1452 scribit,
425 1406 523 1458 quod
552 1405 645 1456 Imp.
682 1405 944 1445 Constantinus

132 1484 177 1507 cx
201 1469 446 1508 Sacerdotum
477 1473 664 1508 sententia
686 1472 790 1523 apud
811 1472 942 1510 urbem

132 1535 307 1573 Nicoeam
331 1536 538 1589 episcopale
569 1537 786 1576 Concilium
812 1551 944 1575 convo-

130 1609 186 1639 cet
204 1631 212 1647 7
239 1616 325 1653 opp.
347 1603 435 1640 edit.
457 1603 569 1642 Paris.
603 1601 703 1641 1680
720 1633 730 1650 ‚
758 1617 796 1653 p.
831 1601 903 1657 195
928 1618 938 1641 ε

130 1680 175 1705 ex
205 1670 383 1706 sententia
414 1668 551 1707 scilicet
579 1678 657 1707 tum
683 1668 722 1708 S.
752 1666 940 1716 Silvestri,

131 1741 208 1770 tum
246 1732 347 1770 Hosii
382 1733 550 1785 Episcopi
578 1734 849 1781 Cordubensis,
877 1741 941 1786 qui

127 1808 304 1850 tanquam
329 1798 466 1849 legatus
491 1802 621 1838 missus
640 1801 762 1839 fuerat
776 1816 795 1838 a
816 1800 855 1840 S.
869 1801 942 1838 Sil-

126 1871 242 1902 vestro
268 1865 313 1902 ad
349 1866 621 1917 componendas
654 1868 871 1917 quaestiones
902 1869 939 1904 in

127 1928 276 1967 Oriente
297 1939 436 1969 exortas
453 1933 552 1969 circa
572 1932 671 1969 diem
686 1931 941 1971 celebrationis

127 1993 334 2044 paschatis,
377 2003 411 2032 et
444 1996 489 2034 ad
524 1997 702 2035 sedandas
733 1998 861 2036 turbas
892 1998 939 2035 ab

127 2058 211 2096 Ario
233 2061 271 2096 in
293 2058 445 2110 AEgypto
463 2063 633 2099 excitatas
650 2091 660 2109 ,
683 2071 724 2100 ut
756 2063 940 2115 colligitur

126 2137 166 2161 ex
179 2122 344 2170 Socrate,
378 2124 445 2163 lib.
460 2139 492 2171 ι,
510 2139 591 2176 cap.
607 2138 628 2175 7
642 2154 651 2172 ‚
668 2135 700 2165 et
713 2127 937 2175 Sozomeno,

125 2188 195 2227 lib.
230 2203 265 2237 1,
301 2204 381 2241 cap.
424 2190 493 2238 16,
538 2200 648 2244 atque
685 2207 727 2231 ex
762 2196 941 2242 sententia

130 2255 327 2294 Alexandri
359 2256 528 2308 Episcopi
554 2258 659 2297 Alex.
689 2273 732 2298 ac
761 2259 876 2312 liquet
895 2273 940 2298 ex

126 2320 353 2371 Epiphanio,
390 2323 476 2361 haer.
522 2337 658 2373 vanl,
703 2323 723 2377 ὃ
761 2323 813 2375 4,
849 2325 937 2363 edit..

128 2386 252 2425 PetaV.
282 2396 363 2426 tom.
388 2403 400 2426 1
418 2419 428 2435 ‚
458 2404 540 2442 pag.
568 2401 658 2443 2720.
695 2391 817 2443 Quare
844 2396 942 2429 Ana-

127 2454 254 2491 stasius
281 2453 537 2495 Bibliothecar.
571 2456 632 2495 De
646 2459 737 2496 vitis
769 2457 940 2508 Pontifim

128 2533 215 2557 omn
231 2547 241 2567 ‚
271 2521 310 2556 in
326 2516 506 2558 Silvestro
524 2552 533 2567 ‚
563 2528 653 2560 sect.
676 2522 727 2561 35
744 2552 754 2568 ‚
784 2525 912 2562 scribit
931 2536 940 2562 τ

128 2585 265 2636 Hujus
295 2586 526 2636 temporibus
543 2588 692 2636 suctum
718 2594 772 2625 est
799 2589 942 2627 Conci»

127 2653 224 2690 lium
262 2664 348 2688 cum
385 2652 468 2702 ejus
497 2664 682 2690 consensu
724 2655 769 2692 i‘n
809 2654 944 2692 Nicaea

126 2716 329 2767 Bithynice
352 2746 362 2764 ‚
400 2723 434 2754 et
475 2719 695 2767 conqrcyati
730 2725 821 2756 sunt
867 2717 944 2756 318

129 2781 318 2834 Episcopi
327 2781 520 2827 catholici,
547 2783 636 2820 edit.
650 2782 859 2821 Blanchinii
870 2782 943 2821 Ro-

130 2860 199 2885 mae
228 2846 327 2899 1718
342 2876 353 2893 ‚
382 2856 470 2885 tom.
493 2861 532 2894 ις,
557 2861 639 2898 pag.
656 2848 729 2899 373
747 2848 816 2886 cfr.
831 2851 939 2887 etiam

132 2912 176 2949 de
197 2911 270 2949 boc
290 2921 504 2964 argumento
527 2913 565 2950 P.
591 2913 765 2958 maachi,
792 2927 851 2966 op.
878 2916 942 2963 cit.

133 2977 258 3016 Della
291 2981 434 3031 potest&
468 2993 504 3018 e*
538 2979 634 3019 della
672 2980 808 3033 politia
851 2980 949 3020 della

1014 815 1166 869 chiesa²
1200 826 1369 866 tom-'1v‚
1396 819 1465 857 lib.
1485 833 1513 858 n
1528 850 1539 867 ,
1565 835 1647 873 cap.
1669 822 1692 861 3
1711 853 1721 871 ‚
1748 824 1834 882 §9‚

1014 897 1055 920 n.
1081 897 1092 920 1
1111 897 1121 931 3
1152 897 1221 921 nec
1250 897 1329 921 non
1349 884 1561 925 Muzzarelli
1574 915 1583 931 ‚
1603 889 1641 924 in
1661 901 1722 939 op.
1737 900 1834 940 post-

1013 947 1129 985 humo
1145 977 1154 993 ‚
1186 947 1247 985 De
1265 951 1491 987 auctoritate
1514 964 1605 988 rom.
1630 948 1834 1004 Pontificio

1013 1015 1058 1050 in
1075 1014 1262 1052 Consiliis
1275 1014 1530 1066 9eneraIihus,
1545 1016 1709 1057 Gandavi
1730 1019 1743 1070 (
1752 1022 1830 1060 sine

1013 1081 1148 1127 anno),
1175 1088 1263 1118 tom.
1289 1093 1331 1126 ι,
1361 1095 1440 1133 cap.
1466 1079 1512 1126 5,
1541 1081 1562 1135 §
1587 1095 1608 1120 2
1627 1114 1636 1130 ‚
1669 1099 1748 1136 pag.
1777 1085 1830 1125 82

1013 1153 1047 1182 et
1071 1159 1176 1197 seqq.
1214 1145 1280 1183 ubi
1310 1147 1445 1196 profert
1468 1156 1640 1198 praeterea
1671 1153 1830 1189 auctori-

1012 1215 1124 1248 tatem
1139 1210 1322 1248 Theodori
1335 1210 1487 1250 Studitae
1501 1243 1511 1259 ‚
1531 1211 1661 1264 Epist.
1678 1213 1752 1265 34,
1778 1215 1831 1254 ad

1015 1274 1178 1313 Leonem
1190 1273 1306 1314 Pom.
1318 1289 1433 1323 rom„
1462 1285 1497 1315 et
1511 1276 1715 1329 legatorum
1728 1295 1826 1321 rom.

1009 1339 1112 1379 Sedis
1124 1371 1135 1388 ‚
1155 1342 1220 1392 qui
1242 1340 1345 1379 missi
1363 1342 1510 1380 fuerant
1524 1343 1570 1381 ad
1582 1343 1698 1383 Cone.
1714 1345 1827 1385 Chal-

1009 1406 1215 1445 cedonense
1239 1421 1259 1445 a
1280 1405 1318 1444 S.
1334 1405 1460 1446 Leone
1473 1408 1527 1447 Μ.
1542 1422 1584 1447 ex
1599 1410 1736 1461 quibus
1747 1410 1827 1451 Lu·

1008 1474 1164 1517 centius,
1182 1481 1256 1511 act.
1278 1485 1291 1510 1
1302 1501 1313 1519 ‚
1328 1473 1488 1511 reddens
1500 1476 1698 1523 rationem,
1713 1491 1827 1529 quare

1008 1536 1206 1576 Dioscorus
1225 1551 1265 1575 ex
1282 1546 1462 1590 praecepto
1485 1538 1526 1577 S.
1553 1540 1685 1579 Leonis
1701 1542 1827 1582 sedere

1008 1616 1084 1641 non
1108 1602 1258 1642 deberet
1277 1605 1318 1640 in
1334 1603 1501 1642 Concilio
1515 1634 1525 1650 ‚
1553 1604 1648 1643 dixit
1674 1617 1693 1645 τ.
1715 1605 1825 1659 Quia

1007 1680 1093 1705 cum
1105 1680 1310 1720 personam
1318 1668 1537 1720 judicandi
1549 1682 1626 1707 non
1647 1670 1801 1710 haberet
1814 1701 1826 1721 ,

1000 1736 1251 1786 praesumpsit
1267 1762 1279 1781 ,
1322 1741 1359 1772 et
1399 1732 1599 1786 Synodum
1643 1737 1656 1787 (
1677 1737 1824 1788 ephesi-

1005 1814 1094 1838 nam
1125 1814 1152 1838 11
1177 1801 1439 1852 proditoriam)
1463 1814 1582 1839 ausus
1610 1809 1663 1840 est
1693 1802 1823 1853 facere

1005 1867 1090 1903 sine
1102 1866 1324 1905 auctoritate
1335 1863 1449 1905 Sedis
1463 1867 1681 1918 apostolica?
1694 1897 1704 1914 ‚
1720 1868 1823 1918 quod

1003 1944 1204 1983 nunquam
1240 1931 1351 1970 licuit
1378 1961 1389 1978 ‚
1436 1944 1637 1983 nvanquam
1674 1933 1824 1985 factum

1004 2004 1069 2035 est.
1092 1996 1153 2036 Ad
1171 1996 1252 2035 haee
1276 1996 1476 2035 Dioscorus
1492 1999 1701 2044 obmutuit,
1720 1999 1822 2050 quod

1004 2071 1101 2101 certe
1129 2076 1205 2100 non
1231 2062 1375 2100 fecisset
1392 2092 1403 2111 ‚
1428 2064 1499 2100 nisi
1523 2071 1688 2113 ageretur
1711 2064 1758 2101 de
1782 2077 1823 2102 re

1005 2136 1094 2167 tunc
1121 2130 1294 2178 temporis
1333 2128 1636 2179 exploratissima.
1675 2127 1727 2166 Ex
1763 2128 1822 2167 his

1004 2202 1101 2245 patet
1138 2195 1367 2244 impudentia
1402 2193 1590 2232 Schrockii
1616 2224 1627 2242 ,
1672 2195 1738 2247 qui
1778 2196 1821 2233 in

1007 2259 1233 2298 Christliche
1284 2260 1670 2312 Kirchenqeschichte
1692 2289 1703 2305 ,
1757 2274 1821 2300 seu

1005 2324 1185 2364 Historia
1202 2325 1240 2364 E
1240 2325 1386 2364 cclesioe
1395 2326 1617 2366 christianae
1634 2356 1643 2373 ,
1664 2334 1761 2378 part.
1772 2340 1796 2364 v
1807 2354 1819 2374 ‚

1005 2405 1086 2442 pag.
1126 2390 1233 2438 530,
1266 2391 1359 2430 edit.
1395 2393 1582 2437 secunda,
1621 2391 1820 2430 decretorio

1005 2459 1237 2507 pronunciat,
1250 2459 1289 2494 in
1310 2459 1571 2496 convocatione
1585 2456 1741 2495 Concilii
1755 2455 1820 2494 Ni-

1006 2525 1096 2561 caeni
1107 2523 1248 2561 nullam
1261 2522 1474 2562 Silvestrum
1484 2530 1624 2574 partem
1634 2522 1817 2562 habuisse.

1006 2588 1085 2627 Cfr.
1113 2588 1359 2640 Roskovany‚
1381 2603 1443 2636 op.
1463 2590 1526 2627 cit.
1550 2586 1571 2640 §
1593 2602 1655 2641 7⁰·

1064 2655 1116 2705 (2)
1146 2653 1369 2706 Quanquam
1399 2668 1520 2706 neque
1551 2653 1672 2691 desint
1707 2652 1820 2691 docu-

1009 2727 1132 2758 menta
1146 2748 1156 2766 ,
1170 2734 1249 2771 quae
1263 2719 1550 2770 suadeantlmp.
1567 2717 1815 2756 Theodosium

1009 2799 1055 2824 ex
1091 2800 1268 2824 consensu
1311 2800 1405 2825 rom.
1444 2784 1631 2823 Pontificis
1666 2783 1817 2823 Damasi

1009 2851 1099 2890 illud
1133 2865 1361 2891 convocasse.
1395 2852 1452 2890 En
1483 2851 1592 2890 verba
1621 2850 1736 2889 Cone.
1764 2848 1816 2886 VI

1011 2919 1249 2965 oecumenici,
1278 2917 1353 2956 loc.
1377 2916 1486 2955 modo
1514 2918 1576 2955 cit.
1593 2911 1814 2956 Μακεδᾶηος

1013 2985 1074 3025 τῆν
1099 2986 1162 3022 roff
1176 2981 1379 3033 Πνεῦματος
1402 2979 1526 3025 η’θίτυ
1547 2979 1711 3024 θείης-σι
1743 2975 1807 3018 καὶ
