2028 3354
217 193 306 240 154

693 207 849 237 TnAc‘r.
886 204 940 234 DE
974 204 1093 234 Locis
1128 203 1425 243 rHssozoalcls.

278 323 389 370 252.
427 324 587 386 Neque
604 320 653 366 id
667 320 892 366 evincunt
910 317 1064 382 plures
1083 319 1379 383 paucioresve
1398 319 1659 384 pervicaces
1681 319 1900 366 doctrinae

210 400 495 463 jansenianae
514 395 695 442 asseclae
721 395 820 442 sive
843 393 1007 441 occulti
1046 394 1142 441 sive
1168 395 1426 456 manifesti,
1455 396 1533 461 qui
1556 405 1689 444 tanto
1713 404 1904 460 tempo-

215 478 277 524 ris
297 476 430 540 lapsu
451 472 624 536 ubique
643 472 738 518 fere
760 470 1008 517 Ecclesiam
1026 506 1038 529 a
1058 487 1082 515 a
1101 487 1191 535 qua
1210 469 1417 517 damnati
1436 482 1544 519 sunt
1558 510 1570 532 7
1594 474 1875 521 infestarunt
1889 506 1903 528 ,

217 552 330 616 quin
377 565 479 611 eam
518 546 854 616 maculaverint
881 566 893 603 ς
933 544 1095 592 eadem
1135 545 1314 592 ratione
1338 581 1350 603 ,
1392 562 1481 610 qua
1517 546 1628 595 olim
1669 546 1906 595 Manichaei

217 645 268 674 ac
296 623 527 688 Pelagiani
554 622 786 682 haeretici,
819 623 899 687 qui
930 638 1175 686 nunquam
1201 638 1249 667 se
1280 620 1338 667 ab
1373 621 1568 670 Ecclesia
1591 630 1871 690 separarunt
1889 658 1900 680 7

217 703 344 749 illam
371 700 531 748 haeresi
557 716 637 752 sua
671 717 766 753 non
790 698 1051 745 infecerunt
1081 697 1169 762 (l).
1194 697 1390 755 Quando
1423 697 1634 747 doctrina
1670 699 1822 764 aliqua
1855 707 1907 744 ut

219 887 505 942 independentia
557 876 782 924 individuali
834 897 1029 936 nunquam

220 956 393 1008 componi
412 960 608 1005 poterunt,
630 954 689 990 vix
713 953 900 1004 integrum
925 949 1032 987 volu-

221 1036 310 1062 men
331 1023 376 1059 iis
397 1018 689 1072 complectendis
719 1017 916 1056 sufficeret.
941 1015 1035 1054 Satis

220 1089 283 1127 hic
317 1089 364 1125 sit
399 1086 609 1138 speciminis
641 1098 728 1135 ergo
759 1083 818 1122 vel
854 1083 1038 1134 praecipua

221 1154 374 1192 nomina
413 1163 599 1189 recensere
637 1157 840 1195 sectarum,
877 1160 959 1199 quae
996 1160 1037 1184 ex

223 1221 300 1260 solo
324 1218 593 1257 lutheranismo
615 1228 725 1253 suum
746 1214 958 1252 habuerunt
981 1226 1039 1251 or-

224 1296 338 1333 tum3
380 1285 439 1323 vix
471 1284 571 1321 enim
609 1281 670 1319 ille
715 1280 837 1319 lucem
873 1281 1036 1330 aspexit,

225 1353 325 1392 illico
357 1349 573 1402 prodierunt
615 1345 890 1397 Anabaptistae‚
937 1343 1042 1381 Anti-

228 1418 394 1457 nomiani
416 1443 430 1464 ,
464 1410 702 1452 Osiandriani
720 1440 731 1461 ‚
774 1408 1001 1448 Stancariani
1028 1437 1040 1456 ,

229 1484 426 1537 Majoristae
449 1509 463 1529 ,
509 1479 770 1524 Ansdoffizmi,
812 1474 1043 1528 Synergistae,

231 1548 415 1587 Flacciani
426 1573 440 1594 ,
463 1544 741 1596 Adiaphoristae‚
757 1541 1015 1581 Substantiarii
1033 1568 1043 1586 ‚

233 1613 480 1652 Accidentarii
501 1639 512 1658 ‚
543 1609 757 1647 Musculani
772 1638 781 1655 ‚
817 1607 1020 1659 Ubiquistae
1035 1635 1046 1652 ‚

234 1688 306 1719 etc.
335 1691 418 1730 quae
443 1688 588 1714 rursum
617 1682 719 1713 sectae
744 1672 942 1711 subdivisae
964 1679 1049 1708 sunt

236 1754 270 1785 et
282 1747 417 1783 iterum
430 1743 567 1788 divisae,
582 1748 623 1779 ut
638 1744 689 1780 ita
701 1740 821 1777 dicam
833 1770 846 1786 ,
860 1740 898 1775 in
919 1736 1049 1775 infini-

237 1819 317 1849 tum
334 1839 344 1858 ‚
378 1822 420 1847 ac
443 1822 481 1846 se
508 1808 666 1845 invicem
693 1804 923 1851 maledictis,
959 1816 1048 1841 ana-

238 1874 486 1921 thematibus,
524 1872 699 1911 conviciis
735 1872 940 1922 omnigenis
967 1881 1052 1920 pro-

240 1941 470 1981 scindebant.
490 1938 568 1977 Cfr.
595 1935 684 1977 Jod.
707 1937 859 1975 Coccius
875 1967 885 1985 ‚
903 1950 964 1987 op.
988 1937 1051 1972 cit.
1075 1960 1077 1962 v

242 2007 301 2047 De
326 2007 450 2058 siquis
468 2002 674 2052 Ecclesiae,
703 2011 773 2041 art.
803 2016 825 2053 7
843 2032 852 2048 ,
885 2001 949 2039 ubi
976 2014 1054 2051 pro·

243 2073 325 2112 latis
337 2071 569 2110 documentis
594 2068 752 2107 ostendit
770 2098 780 2115 ‚
800 2067 1006 2105 Lutherum
1037 2079 1056 2103 a

244 2138 406 2177 Luthero
422 2166 434 2184 ‚
469 2134 798 2174 Melanchthonem
828 2147 849 2171 a
871 2131 1057 2171 Melanch·

244 2204 358 2241 thone
373 2231 385 2250 ,
413 2200 608 2240 Calvinum
634 2215 653 2238 a
677 2200 856 2245 Calvino,
882 2197 1058 2234 Luthera-

247 2283 314 2307 nos
338 2283 359 2307 a
375 2266 592 2305 Lutheranis
607 2295 617 2312 ‚
640 2264 948 2303 sacramentarios
966 2260 1061 2299 aSa-

249 2331 497 2373 cramentariis
512 2362 523 2379 ‚
550 2330 803 2383 Anabaptistas
826 2327 872 2366 ab
887 2326 1060 2377 Anabap-

251 2402 372 2445 ustis,
395 2396 689 2437 Antitrinitarios
718 2396 765 2434 ab
789 2393 1063 2432 Antitrinitariis

253 2463 406 2502 mirifice
419 2463 615 2511 dissidere3
641 2465 730 2501 item
749 2469 819 2499 art.
835 2457 877 2508 8,
893 2471 920 2511 9
933 2465 969 2496 et
989 2470 1001 2492 ι
1012 2471 1034 2495 0
1051 2488 1062 2506 ‚

252 2532 292 2568 in
315 2528 450 2582 quibus
475 2528 574 2566 idem
602 2533 859 2579 argumentum
886 2524 963 2561 fuse
983 2537 1063 2574 per-

254 2597 421 2648 sequitur
437 2622 447 2641 ,
475 2594 701 2632 ostendendo
725 2589 915 2644 quomodo
944 2589 1065 2628 luthe-

254 2663 335 2701 rani
361 2675 382 2699 a
408 2659 616 2698 calvinistis
636 2672 680 2698 ac
700 2658 833 2709 reliqui
852 2655 1065 2693 sectarii'ab

255 2728 414 2769 invicem.
439 2725 653 2763 dissentiant
677 2738 719 2762 ac
746 2730 874 2761 mutuo
899 2734 937 2759 se
963 2721 1067 2758 dam-

258 2799 363 2832 nent.
390 2790 533 2829 Ibidem
560 2790 724 2829 invenies
761 2786 959 2839 singularia
1000 2800 1066 2825 en-

259 2858 378 2897 comia
391 2885 404 2906 ‚
430 2855 564 2909 quibus
580 2869 617 2894 se
630 2863 758 2893 mutuo
780 2851 1066 2899 commendant,

262 2937 344 2977 quae
370 2923 457 2964 talia
481 2928 592 2969 sunt,
622 2930 664 2960 ut
690 2921 785 2959 nihil
806 2932 973 2971 unquam
1001 2918 1067 2956 ad—

264 2988 481 3033 versusillos
498 2987 726 3028 aCatholicis
745 2986 862 3025 simile
886 2984 1072 3036 prolatum

1103 884 1227 922 fuerit.
1253 883 1298 921 Et
1322 886 1381 921 isti
1412 897 1513 922 nunc
1552 884 1772 937 exprobrant
1804 883 1915 922 nobis

1102 949 1305 989 domestica
1327 949 1475 987 dissidia
1493 951 1501 987 !
1534 947 1572 988 Si
1600 950 1779 989 Gablerus
1797 949 1912 987 adiret

1104 1014 1356 1062 Hanndiam,
1375 1015 1427 1052 ibi
1444 1024 1562 1066 posset
1580 1018 1800 1067 comperire,
1815 1029 1915 1067 quae-

1105 1093 1295 1131 nam-pax
1320 1081 1414 1118 inter
1446 1081 1632 1118 ministros
1664 1081 1747 1118 illos
1782 1082 1913 1131 vigeat.

1105 1145 1274 1185 Ceterum
1286 1145 1332 1182 ab
1347 1146 1465 1183 omnis
1480 1148 1608 1183 erroris
1623 1153 1709 1183 nota
1724 1145 1915 1182 thomistas

1107 1210 1275 1249 vindicat
1302 1210 1479 1258 Bossuet‚
1517 1209 1737 1249 Deuaeisme
1760 1210 1918 1247 avertis-

1107 1283 1252 1314 semem
1271 1289 1351 1314 aux
1371 1281 1609 1327 protestans,
1645 1275 1666 1328 §
1697 1288 1742 1313 10
1763 1305 1773 1322 ‚
1806 1274 1917 1312 moli-

1109 1343 1221 1379 nistas
1256 1354 1342 1379 vero
1380 1341 1475 1379 ibid.
1508 1338 1529 1392 §
1562 1338 1622 1379 18.
1654 1340 1781 1392 ltaque
1820 1340 1918 1376 inter

1111 1407 1177 1445 hos
1204 1406 1394 1457 theologos
1428 1407 1595 1457 aliosque
1627 1406 1815 1444 catholicae
1846 1404 1919 1442 Ec-

1113 1471 1229 1509 clesiae
1257 1471 1421 1509 doctores
1447 1483 1524 1507 non
1549 1472 1667 1522 agitur
1687 1471 1758 1508 nisi
1776 1470 1823 1507 de
1841 1471 1922 1520 opi-

1115 1536 1288 1574 nionibus
1322 1535 1447 1574 liberis
1463 1563 1474 1584 ‚
1516 1538 1556 1573 in
1594 1535 1728 1587 quibus
1764 1534 1925 1586 profecto

1116 1603 1261 1641 tuendis
1286 1616 1363 1640 non
1397 1601 1538 1639 laeditur
1562 1602 1732 1640 charitas.
1760 1599 1868 1652 Quod
1895 1587 1926 1638 si

1117 1667 1291 1706 nonnulli
1315 1668 1445 1719 privati
1480 1668 1666 1705 interdum
1695 1673 1926 1705 excesserunt

1119 1736 1158 1772 in
1194 1733 1407 1785 disputandi
1441 1740 1556 1780 aestu,
1593 1745 1651 1770 eos
1677 1738 1918 1770 coercuerunt

1119 1801 1229 1839 Rom.
1255 1799 1448 1838 Pontifices
1475 1799 1750 1849 sapientissimis
1764 1797 1921 1835 decretis

1120 1875 1156 1905 et
1175 1866 1220 1904 ad
1248 1878 1377 1917 pacem
1406 1864 1583 1917 cohortati
1612 1871 1713 1901 sunt.
1739 1861 1927 1899 Nonnulla

1122 1932 1264 1970 decreta
1303 1930 1377 1967 huc
1410 1931 1611 1980 spectantia
1663 1928 1854 1966 retulimus
1889 1927 1930 1964 in

1123 2003 1229 2035 tract.
1242 1994 1297 2034 De
1309 1995 1454 2046 qratia,
1473 2001 1567 2044 part.
1579 2008 1609 2043 1,
1629 2008 1711 2045 cap.
1724 1992 1765 2044 4,
1780 2007 1821 2031 n.
1838 1992 1931 2036 330,
1986 2027 1991 2030 ἢ

1123 2072 1151 2102 t.
1169 2077 1189 2100 v
1203 2091 1214 2107 ‚
1231 2076 1268 2113 p.
1293 2060 1363 2099 152
1382 2089 1392 2106 ‚
1408 2058 1547 2112 quibus
1564 2060 1633 2097 alia
1645 2060 1754 2112 adjici
1767 2064 1929 2110 possent.

1178 2127 1233 2180 (l)
1263 2126 1401 2165 Notum
1415 2154 1426 2172 ‚
1441 2133 1493 2163 est
1504 2124 1641 2177 quibus
1657 2124 1796 2162 artibus
1818 2136 1858 2160 se
1874 2130 1930 2160 te-

1125 2201 1249 2246 gerent
1282 2190 1474 2230 Manichaei
1497 2205 1544 2228 ne
1577 2196 1860 2241 agnoscerentur
1890 2188 1931 2224 in

1126 2259 1288 2298 Ecclesia
1302 2257 1494 2296 catholica.
1511 2255 1591 2294 Huc
1604 2262 1768 2307 spectant
1792 2254 1933 2291 decreta

1128 2324 1167 2364 S.
1184 2325 1316 2363 Leonis
1351 2323 1405 2362 M.
1439 2330 1475 2361 et
1500 2320 1653 2370 Gelasii,
1689 2319 1735 2358 de
1759 2308 1936 2357 sumenda

1130 2390 1356 2430 Eucharistia
1376 2388 1444 2427 sub
1458 2395 1613 2440 utraque
1636 2387 1758 2437 specie
1776 2414 1786 2432 ‚
1808 2391 1849 2422 ut
1865 2383 1936 2421 bac

1131 2457 1269 2495 ratione
1283 2455 1337 2492 illi
1351 2454 1516 2492 haeretici
1543 2453 1811 2504 detegerentur.
1829 2447 1937 2500 Quod

1131 2535 1220 2561 vero
1254 2522 1385 2559 attinet
1413 2519 1462 2557 ad
1489 2516 1731 2571 Pelagianos,
1767 2516 1814 2554 de
1850 2515 1937 2566 ipsis

1132 2587 1255 2626 scribit
1279 2585 1320 2624 S.
1341 2583 1573 2637 Augustinus
1588 2614 1598 2630 ‚
1622 2583 1691 2621 lib.
1714 2581 1777 2620 De
1787 2583 1941 2632 peccato

1133 2653 1231 2702 oriq.
1250 2665 1333 2702 cap.
1359 2663 1437 2687 xvii
1451 2679 1462 2697 ‚
1490 2664 1530 2688 n.
1550 2647 1596 2686 18
1616 2663 1626 2687 :
1648 2646 1729 2685 Eos
1746 2650 1944 2698 propterea

1133 2717 1376 2756 sectabamur
1390 2745 1403 2764 ,
1425 2716 1519 2766 quia
1550 2713 1745 2753 catholic-w
1774 2722 1944 2747 commu-

1135 2784 1270 2821 nionis
1291 2780 1468 2821 videbant
1496 2793 1574 2829 esso
1603 2779 1776 2817 sociatos.
1804 2774 1945 2813 Eadem

1137 2851 1250 2889 refert
1273 2849 1414 2888 Marius
1435 2846 1612 2885 Mercator
1624 2876 1637 2893 ,
1655 2843 1752 2896 apud
1765 2840 1943 2895 praedesl.

1139 2915 1271 2953 hoeres.
1299 2912 1365 2952 88.
