2028 3354
368 225 495 253 PART.
535 225 568 252 1·
606 223 727 252 SECT.
765 222 813 252 11.
853 224 949 252 CAP.
985 224 1017 253 1.
1060 223 1114 251 DE
1149 222 1278 252 PETRI
1314 223 1530 252 PMMATU.

1706 202 1802 252 339

107 356 240 404 prop.
280 337 567 385 ostendimus
590 373 602 395 7
645 336 759 383 dum
787 338 946 383 Patres
975 352 1115 400 super
1140 334 1247 382 fidei
1283 334 1617 382 confessionem
1651 334 1803 382 aedifi-

108 423 256 461 catam
285 431 309 460 a
339 413 520 460 Christo
549 412 797 460 Ecclesiam
834 412 1033 469 docent,
1075 428 1170 457 non
1217 410 1553 458 confessionem
1587 411 1710 457 Petri
1750 412 1800 457 in

106 489 335 536 abstracto
351 477 609 550 significant
625 524 638 548 7
660 488 741 536 sed
755 489 806 535 in
826 497 1041 535 concreto
1063 523 1075 542 7
1097 487 1161 532 ita
1187 495 1238 531 ut
1258 503 1419 532 sensus
1442 487 1502 533 sit
1523 523 1534 546 7
1562 486 1802 534 Christum

105 565 350 612 aedificasse
382 564 626 611 Ecclesiam
660 581 791 610 suam
821 580 957 628 supra
997 564 1185 608 Petrum
1209 562 1514 608 confitentem
1546 579 1598 609 ac
1628 562 1802 626 praedi-

106 648 289 686 cantem
317 656 474 687 veram
508 639 663 686 fidem.
690 641 838 698 Quare
857 674 868 696 7
913 646 966 683 ut
998 638 1108 683 scite
1143 634 1361 682 observat
1395 635 1669 684 Ballerinius
1692 639 1763 702 (1)
1788 674 1800 698 7

104 733 201 763 non
233 717 423 762 unicum
452 716 585 762 illum
615 716 724 762 fidei
755 713 999 761 articulum
1031 711 1088 758 de
1118 711 1287 757 Christi
1318 711 1566 759 divinitate
1600 715 1810 780 comple-

105 800 297 839 ctuntur
310 829 321 851 7
347 792 428 839 sed
451 793 718 839 universam
733 788 892 843 fidem,
910 805 1046 853 quam
1070 788 1234 833 Petrus
1248 786 1498 851 praedicare
1512 787 1732 850 debebat7
1755 808 1807 838 ac

104 870 267 915 Petrus
304 878 549 933 propterea
587 884 683 913 non
717 865 867 912 solum
897 863 1105 911 Ecclesiae
1121 871 1265 926 petra
1294 871 1341 910 et
1359 865 1743 926 fundamentum
1775 884 1802 913 a

107 945 321 991 Patribus
341 944 508 991 dicitur
521 980 533 1004 7
564 942 644 990 sed
659 951 797 1004 petra
813 942 928 1005 fide-i
943 950 989 988 et
1005 941 1121 1003 fidei
1135 941 1535 1002 fundamentum.
1570 941 1689 989 Hinc
1703 960 1805 989 me-

107 1021 197 1067 rito
221 1022 460 1067 Cassianus
471 1021 532 1065 sic
548 1021 738 1065 Petrum
752 1017 1023 1083 loquentem
1043 1015 1247 1062 inducit:
1268 1017 1379 1063 Illic
1397 1017 1538 1064 habes
1542 1036 1804 1080 personam

106 1113 263 1143 meam
285 1133 297 1155 7
324 1097 416 1142 uhi
440 1098 775 1158 confessionem
790 1111 945 1140 meam
971 1091 1058 1158 (2).
1085 1095 1226 1139 Porro
1249 1109 1354 1139 cum
1385 1095 1547 1140 Petrus
1565 1096 1805 1143 neminem

108 1172 291 1237 adigere
323 1180 480 1237 posset
510 1171 570 1218 ad
611 1171 842 1218 unitatem
865 1169 973 1216 fidei
1014 1186 1038 1215 a
1080 1186 1127 1216 se
1167 1169 1383 1234 professae
1416 1178 1463 1216 et
1498 1170 1807 1235 praedicandae

107 1247 280 1314 absque
298 1265 513 1313 suprema
536 1248 808 1295 auctoritate
826 1283 837 1306 7
861 1263 951 1311 qua
966 1245 1241 1292 dissidentes
1261 1262 1422 1308 cogere
1443 1246 1642 1306 valeret7
1666 1247 1807 1312 plane

107 1324 407 1390 consequitur
422 1361 434 1383 7
457 1342 512 1371 ex
538 1326 731 1370 patrum
759 1332 916 1370 mente
944 1322 1036 1368 illis
1055 1320 1209 1368 verbis
1232 1321 1370 1369 fuisse
1396 1323 1533 1369 Petro
1552 1324 1807 1387 primatum

100 1399 431 1463 jurisdictionis
451 1418 476 1446 a
500 1399 683 1445 Christo
707 1398 926 1445 collatum
962 1398 1052 1461 (3).

174 1476 281 1523 503.
319 1476 471 1523 Tertia
491 1475 646 1521 classis
671 1474 967 1522 constituitur
985 1490 1041 1521 ex
1063 1473 1152 1519 illis
1174 1475 1365 1519 Patrum
1389 1475 1668 1522 testimoniis
1685 1512 1697 1535 7
1721 1477 1803 1542 qui

107 1553 336 1600 rationem
361 1551 569 1612 tradunt,
591 1569 733 1617 quare
753 1550 962 1598 Christus
986 1551 1036 1597 in
1060 1551 1197 1596 Petro
1217 1550 1420 1596 instituit
1437 1550 1694 1615 primatum
1710 1589 1722 1611 7
1744 1552 1805 1599 ad

107 1628 482 1675 constituendam
498 1628 709 1675 videlicet
724 1627 1183 1689 conservandamque
1200 1626 1460 1690 utriusque7
1483 1625 1590 1674 fidei
1610 1636 1658 1674 et
1677 1645 1803 1676 com-

109 1705 344 1751 munionis
369 1741 381 1762 7
415 1704 464 1750 in
491 1704 687 1751 Ecclesia
722 1704 968 1750 unitatem.
1010 1701 1140 1748 Tales
1174 1711 1285 1748 sunt
1311 1702 1344 1748 ii
1373 1719 1559 1762 omnes,
1585 1705 1662 1769 qui
1682 1704 1804 1752 hanc

108 1788 330 1827 tesseram
353 1780 602 1827 adstruunt
621 1779 680 1826 ad
691 1779 997 1826 secernendos
1016 1795 1040 1824 3
1065 1777 1310 1824 Catholicis
1337 1776 1572 1825 haereticos
1595 1789 1642 1826 et
1664 1780 1805 1827 schis-

107 1857 327 1917 maticos,
369 1857 448 1921 qui
486 1873 657 1921 nempe
691 1873 787 1902 non
815 1865 982 1903 tenent
1015 1853 1157 1900 fidem
1194 1863 1242 1901 et
1280 1855 1661 1902 communionem
1694 1873 1802 1903 cum

108 1932 325 1981 cathedra
347 1934 498 1992 Petri3
525 1933 594 1980 uti
617 1935 834 1980 Irenaeus
845 1931 922 1996 (4)
944 1968 956 1990 7
971 1929 1283 1978 Tertullianus
1300 1930 1374 1993 (5)
1389 1966 1403 1988 7
1429 1931 1688 1996 Cyprianus
1708 1933 1801 1997 (6),

167 2096 220 2149 (1)
251 2096 361 2149 Oper.
382 2098 444 2135 cit.
471 2094 529 2134 De
552 2097 592 2133 vi
607 2108 651 2133 ac
675 2095 822 2133 ‘ratione
833 2096 922 2146 pri-

112 2170 261 2205 matus,
288 2175 369 2213 capt
398 2174 465 2210 ια,
495 2160 515 2213 ἓ
543 2174 592 2208 2,
625 2175 666 2198 n.
691 2158 759 2212 47.

171 2227 224 2278 (2)
254 2227 338 2266 Lib.
371 2231 440 2277 iu,
464 2226 522 2265 De
546 2228 698 2264 incarn.
733 2240 815 2276 cap.
847 2238 891 2262 12
911 2255 920 2271 7

115 2291 204 2330 edit.
247 2293 372 2331 Alardi
405 2293 529 2332 Gazaei
567 2292 683 2330 Paris.
730 2289 842 2341 1642.
880 2290 923 2329 ln

115 2355 252 2396 missali
273 2359 416 2409 gothico
443 2360 601 2410 legitur:
623 2356 700 2395 Per
716 2357 816 2394 hanc
830 2356 926 2407 fidei

108 2430 258 2475 petram
270 2423 372 2461 basis
383 2423 421 2461 E
423 2424 566 2463 cclesioe
574 2424 679 2474 fixus
689 2429 743 2461 est
754 2420 923 2473 (Petrus).

172 2489 224 2541 (3)
256 2489 334 2528 cfr.
358 2489 587 2537 Ballerinus7
612 2491 685 2528 loc.
711 2492 773 2528 cit.

173 2554 225 2605 (lo)
258 2553 344 2592 Lib.
368 2567 435 2600 111,
461 2553 570 2592 Com.
599 2555 733 2592 haeres.
753 2568 834 2606 cap.
868 2555 889 2592 3
911 2566 921 2592 z

119 2619 307 2660 Maximoe
328 2627 363 2658 et
387 2621 670 2671 antiquissimae
691 2627 726 2657 et
748 2620 925 2658 omuibus

118 2687 311 2738 coquitaea
329 2686 617 2737 ylariosissimis
641 2685 789 2724 duobus
821 2686 926 2736 Apo-

115 2751 225 2790 stolis
249 2752 365 2789 Petro
391 2758 426 2789 et
451 2750 575 2789 Paulo
603 2751 731 2789 Romoe
747 2751 927 2802 fundatae

120 2822 156 2853 et
197 2820 408 2854 constitutoe
441 2815 624 2854 Ecclesioe
654 2829 737 2853 eam
757 2845 768 2862 7
812 2829 927 2867 quam

122 2880 230 2918 habet
276 2881 323 2919 ab
368 2881 563 2934 Apostolis
605 2880 850 2919 traditionem
893 2887 929 2919 et

124 2949 398 2985 annuntiatam
445 2946 663 2986 homiuibus
701 2946 817 2998 fidem
857 2960 930 2998 per

126 3013 398 3051 successionem
421 3012 696 3065 Episcoporum
720 3014 930 3051 venientem

991 2106 1109 2143 usque
1119 2091 1170 2130 ad
1183 2105 1266 2140 nos,
1279 2091 1516 2140 indicantes,
1530 2093 1803 2144 confundimus

991 2171 1120 2196 omues
1133 2171 1192 2195 eos
1208 2187 1218 2204 ‚
1242 2159 1309 2208 qui
1317 2157 1572 2209 quoquomodo
1586 2158 1645 2196 vel
1653 2173 1727 2210 per
1737 2162 1802 2198 sui

987 2222 1218 2275 placentiam
1232 2222 1387 2268 malam,
1400 2222 1459 2261 vel
1469 2236 1609 2261 vanam
1619 2223 1798 2274 ρίονίαηι,

991 2286 1048 2327 vel
1053 2301 1127 2340 per..
1141 2290 1348 2326 coecitatem
1361 2294 1396 2325 et
1409 2288 1551 2327 malam
1572 2291 1800 2328 sententiam

989 2361 1244 2407 praeterquam
1285 2359 1428 2405 oportet
1448 2383 1459 2403 7
1497 2353 1695 2405 colliquut.
1734 2355 1802 2394 Ad

992 2421 1092 2458 hanc
1118 2422 1222 2458 enim
1248 2419 1467 2458 Ecclesiam
1492 2427 1651 2472 propter
1665 2428 1800 2473 poten·

992 2486 1121 2523 liorem
1138 2485 1469 2538 principalitatem
1486 2498 1631 2523 necesse
1653 2494 1706 2525 est
1724 2501 1802 2525 om-

993 2564 1081 2588 nem
1121 2555 1323 2590 convenire
1352 2550 1592 2598 Ecclesiam,
1633 2552 1701 2590 hoc
1720 2559 1775 2590 est
1789 2583 1800 2600 7

994 2629 1075 2665 eos,
1096 2619 1164 2669 qui
1178 2624 1269 2655 sune
1287 2616 1456 2668 undique
1474 2646 1484 2664 7
1495 2616 1626 2667 fideles
1639 2647 1649 2665 7
1669 2626 1740 2656 etc.
1755 2615 1802 2656 In

996 2696 1079 2735 quae
1118 2684 1229 2722 verba
1261 2684 1330 2722 cfr.
1372 2695 1454 2734 quae
1491 2685 1630 2735 egregie
1671 2683 1800 2721 scribit

997 2749 1044 2787 D.
1067 2748 1225 2788 Massuet
1241 2779 1251 2796 ‚
1278 2749 1363 2786 diss.
1387 2748 1410 2785 3
1429 2778 1439 2796 ‚
1462 2754 1530 2786 art.
1556 2746 1598 2798 4.

1053 2814 1103 2865 (ὅ)
1130 2813 1185 2853 De
1198 2814 1415 2867 praescript.
1434 2828 1501 2865 cap
1522 2826 1587 2852 21.
1601 2813 1680 2851 Cfr.
1705 2812 1797 2852 Chr.

997 2880 1135 2931 Lupus,
1150 2880 1275 2919 Schol.
1291 2882 1330 2918 in
1342 2894 1423 2931 cap.
1437 2877 1504 2927 36,
1519 2878 1575 2917 De
1585 2879 1801 2930 praescript.

1051 2944 1101 2996 (6)
1130 2944 1242 2997 Epist.
1267 2959 1310 2983 tv
1332 2959 1345 2986 ς
1369 2945 1477 2983 Petri
1497 2943 1675 2982 cathedra
1689 2948 1801 2992 atque

1000 3010 1173 3051 Ecclesia
1188 3010 1424 3064 principalis
1440 3041 1450 3059 7
1476 3010 1577 3048 uude
1600 3010 1730 3048 unitas
1742 3019 1804 3045 sa-

1460 3073 1541 3119 22.
