2028 3354
361 202 486 233 PART.
527 202 557 231 1.
594 201 712 230 sacr.
749 201 800 230 11.
838 200 933 229 cal).
974 200 1007 229 1.
1047 199 1100 227 DE
1137 198 1264 227 mnu
1300 196 1515 226 ramme.
1688 177 1782 224 349

95 318 219 380 tiali3
250 318 374 382 quod
396 326 615 383 praeterea
644 318 780 362 Petro
825 332 1028 362 seorsum
1065 313 1284 360 collatum
1330 322 1427 369 est,
1463 328 1558 357 non
1591 319 1660 385 est
1696 310 1785 356 nisi

93 395 441 460 superadditum
491 402 538 440 et
583 392 878 439 accidentale.
939 393 1054 454 Ergo
1104 407 1266 436 omnes
1313 387 1519 453 Apostoli
1562 404 1694 451 pares
1733 387 1784 433 in

93 470 364 517 auctoritate
392 470 598 516 fuerunt.
637 468 824 531 Rigidus
849 485 988 533 porro
1018 466 1189 528 logicus
1220 466 1284 511 ita
1317 463 1614 511 concluderet
1643 483 1655 509 :
1679 481 1785 526 ergo

94 563 254 593 omnes
270 545 472 610 Apostoli
494 562 628 610 pares
650 544 838 608 quidem
865 545 1052 590 fuerunt
1072 542 1120 587 in
1137 550 1360 603 potestate
1382 544 1478 586 sive
1506 542 1787 586 auctoritate

92 623 344 683 apostolica
376 624 640 668 intrinseca
667 630 709 666 et
737 621 1008 675 essentiali,
1051 617 1245 663 minime
1274 633 1383 664 vero
1405 616 1558 680 quoad
1579 625 1788 680 potesta-

94 706 189 744 tem
219 698 315 745 sive
347 699 668 744 auctoritatem
700 697 1005 743 extrinsecam
1029 729 1041 751 7
1079 691 1412 739 accidentalem
1435 709 1486 738 ac
1511 692 1787 756 superaddi-

92 784 189 822 tam
217 810 228 834 7
269 792 358 839 qua
390 776 552 821 Petrus
587 770 954 820 constituebatur
992 768 1201 833 superior
1227 768 1417 833 reliquis
1456 768 1711 833 Apostolis7
1742 778 1790 817 et

92 869 183 916 qua
235 851 410 916 aliquid
449 849 747 912 adjiciebatur
774 864 912 912 super
946 847 1099 912 ipsum
1131 844 1453 909 Apostolatum
1472 862 1551 891 seu
1587 847 1790 893 auctori-

90 937 236 975 tatem
272 927 584 993 apostolicam.
617 926 909 989 Quapropter
933 923 1097 970 Petrus
1119 922 1189 968 uti
1226 939 1380 968 merus
1402 921 1650 986 Apostolus
1676 922 1787 968 nul-

90 1004 188 1052 lum
211 1008 288 1067 jus
311 1041 323 1064 7
362 1002 546 1049 nullum
575 1002 813 1063 officialem
837 1000 1091 1065 primatum
1123 1015 1336 1045 exercere
1376 999 1604 1063 potuisset
1646 1016 1788 1064 super

90 1090 266 1129 ceteros
292 1078 561 1144 Apostolos7
594 1094 747 1142 neque
775 1076 982 1141 Apostoli
1005 1092 1218 1123 exercere
1245 1074 1408 1122 itidem
1428 1075 1689 1139 potuissent
1708 1093 1788 1122 su-

90 1174 176 1223 per
208 1159 398 1203 Petrum
426 1163 472 1202 et
497 1154 613 1201 alter
643 1154 694 1199 in
724 1153 953 1211 alterum3
981 1162 1029 1199 at
1058 1169 1167 1199 vere
1203 1154 1367 1198 Petrus
1394 1152 1625 1216 potuisset
1647 1169 1789 1217 super

91 1232 293 1297 reliquos
307 1249 469 1279 omnes
499 1247 712 1278 exercere
745 1231 791 1278 vi
813 1229 933 1276 illius
957 1229 1200 1294 potestatis
1226 1237 1273 1274 et
1309 1229 1596 1275 auctoritatis
1622 1246 1789 1294 supera

91 1308 258 1356 additae
285 1345 297 1368 7
354 1325 494 1372 quam
535 1325 619 1353 nos
681 1307 936 1370 primatum
977 1322 1213 1354 vocamus.
1264 1304 1450 1351 Falsum
1501 1323 1641 1370 porro
1681 1315 1750 1353 est
1774 1341 1787 1366 7

90 1385 127 1433 si
163 1387 325 1432 Petrus
351 1385 400 1432 vi
429 1384 654 1448 primatus
684 1382 912 1447 potuisset
939 1390 1218 1447 potestatem
1248 1398 1386 1445 super
1409 1381 1520 1427 alios
1545 1381 1789 1446 Apostolos

91 1478 303 1509 exercere
327 1496 339 1520 7
372 1459 665 1507 essentialem
688 1458 856 1505 exinde
880 1468 1019 1523 atque
1050 1458 1349 1504 intrinsecam
1371 1457 1688 1505 differentiam
1718 1460 1788 1505 in·

92 1547 164 1585 ter
189 1540 375 1585 Petrum
407 1544 453 1583 et
479 1535 721 1600 Apostolos
748 1535 948 1599 reliquos
986 1534 1232 1598 consequi3
1271 1535 1449 1581 etenim
1472 1533 1559 1580 hoc
1595 1535 1789 1599 quidem

94 1614 323 1672 oriretur7
362 1613 398 1658 si
434 1613 683 1659 intrinseca
708 1611 807 1658 haec
829 1611 991 1658 fuisset
1029 1619 1230 1675 potestas
1261 1611 1563 1671 Apostolatui
1589 1613 1790 1673 speciali

94 1689 243 1747 Petri,
269 1689 374 1753 quia
405 1689 555 1753 reipsa
585 1697 697 1734 tunc
712 1688 760 1733 in
789 1687 1052 1754 apostolatu
1078 1704 1241 1733 omnes
1272 1704 1369 1732 non
1403 1687 1596 1734 fuissent
1620 1705 1784 1752 pares,

92 1765 174 1813 sed
206 1767 368 1811 Petrus
396 1765 443 1813 vi
462 1764 745 1828 apostolatus
773 1764 842 1810 sui
866 1765 1039 1812 caeteris
1069 1764 1309 1810 emineret.
1341 1764 1457 1810 Cum
1483 1781 1594 1813 vero
1616 1783 1712 1811 non
1741 1766 1789 1814 vi

93 1841 377 1907 apostolatus
403 1878 415 1901 7
456 1840 539 1887 sed
568 1842 613 1888 vi
655 1842 881 1905 primatus
919 1839 1205 1905 superadditi
1236 1839 1513 1905 apostolatui
1545 1840 1790 1906 eidemque

95 1918 338 1965 extrinseci
368 1920 529 1965 Petrus
562 1918 723 1964 ceteris
753 1917 997 1982 praefectus
1017 1915 1184 1975 fuerit7
1220 1915 1396 1980 liquet7
1430 1916 1598 1964 exinde
1629 1918 1790 1965 inferri

94 1994 222 2041 haud
254 2011 385 2059 posse
405 1995 705 2041 intrinsecam
727 2003 774 2040 et
793 1993 1086 2040 essentialem
1110 1994 1234 2040 inter
1256 1995 1467 2053 Petrum,
1493 2003 1633 2058 prout
1663 1997 1793 2059 Apo-

98 2070 244 2118 stolus
270 2080 368 2130 est7
409 2080 455 2117 et
480 2070 720 2136 Apostolos
750 2069 952 2134 reliquos
977 2069 1308 2117 differentiam.
1344 2071 1537 2135 insuper
1567 2088 1624 2118 ex
1657 2070 1793 2117 dictis

98 2146 352 2210 colligimus
369 2183 381 2206 7
403 2164 495 2212 quo
515 2164 653 2193 sensu
673 2146 895 2193 Catholici
917 2155 1083 2194 vocent
1097 2146 1218 2192 hanc
1239 2147 1362 2193 Petri
1387 2147 1791 2210 praeeminentiam

100 2223 404 2270 extrinsecam
427 2232 474 2270 et
493 2224 834 2269 accidentalem
855 2259 866 2280 -.
882 2232 1110 2287 quatenus
1138 2241 1309 2288 nempe
1323 2232 1488 2270 natura
1504 2241 1584 2269 sua
1605 2224 1669 2270 ita
1690 2241 1787 2270 non

99 2297 297 2344 inhaeret
330 2299 633 2363 apostolatui,
662 2299 813 2345 multo
846 2315 956 2346 vero
996 2299 1150 2345 minus
1184 2299 1406 2364 peculiari
1439 2298 1658 2364 Apostolo
1693 2316 1792 2364 prae

101 2374 220 2431 alio7
253 2383 305 2420 ut
332 2374 571 2434 Christus,
616 2374 653 2421 si
690 2374 880 2439 quidem
917 2374 958 2421 ei
1004 2373 1280 2439 placuisset,
1319 2393 1415 2422 non
1456 2375 1683 2441 potuisset
1715 2374 1795 2422 alii

100 2459 412 2516 praeterquam
470 2450 697 2517 Apostolis
747 2452 999 2516 primatum
1051 2451 1259 2498 conferre
1282 2487 1294 2511 7
1344 2467 1545 2516 eumque
1571 2450 1794 2513 (tribuere

100 2528 128 2574 J
132 2526 271 2573 oanni
287 2562 300 2585 7
323 2527 350 2571 J
354 2525 493 2573 acobo
509 2563 522 2586 7
556 2527 633 2575 vel
647 2526 865 2574 Matthaeo
884 2527 1036 2592 potius
1052 2543 1192 2591 quam
1207 2530 1358 2574 Petro.
1377 2528 1593 2574 Ceterum
1614 2563 1628 2587 ,
1649 2525 1794 2574 semel

99 2621 125 2650 a
156 2602 337 2649 Christo
366 2602 578 2649 instituto
600 2603 805 2666 primatu
824 2604 873 2649 in
893 2602 1088 2650 Ecclesia
1113 2620 1194 2650 sua
1220 2603 1277 2651 ad
1296 2607 1393 2665 ejus
1418 2603 1650 2653 unitatem
1671 2620 1790 2650 con-

101 2678 385 2726 stituendam
408 2687 455 2725 et
483 2679 880 2735 conservandam,
903 2678 978 2724 hic
1000 2678 1224 2743 primatus
1239 2683 1338 2742 jam
1352 2679 1607 2726 essentialis
1623 2678 1791 2743 estipsi

102 2754 310 2802 Ecclesiae
336 2755 683 2814 constitutioni,
717 2771 863 2819 eoque
897 2754 1104 2814 sublato7
1128 2757 1280 2802 unitas
1313 2772 1364 2803 ac
1385 2774 1469 2820 per
1502 2772 1788 2819 consequens

104 2829 320 2889 Ecclesia7
351 2840 492 2896 prout
515 2848 540 2877 a
561 2830 744 2877 Christo
777 2831 990 2877 instituta
1010 2839 1105 2889 est7
1137 2830 1277 2897 plane
1319 2831 1630 2880 delaberetur.
1674 2830 1796 2876 Adeo

103 2902 191 2950 sibi
215 2904 418 2954 illudunt
440 2908 787 2974 impugnatores
815 2906 1050 2955 catholicae
1075 2906 1308 2956 Ecclesiae!
