2028 3354
276 215 370 263 382
783 237 937 269 mae-r.
975 242 1029 270 ne
1064 242 1184 274 roms
1209 245 1509 278 meoroeicis.

341 349 452 397 559.
493 351 586 397 Nec
606 350 749 413 magis
768 351 1012 400 soliditatis
1032 354 1201 417 habet,
1232 361 1357 422 quod
1378 362 1601 425 adjiciunt
1624 364 1683 411 de
1712 365 1838 412 Pauli
1858 385 1966 431 pro-

275 427 426 490 posito
448 425 734 491 praedicandi
756 429 1057 493 Evangelium
1079 432 1132 478 iis
1155 434 1205 479 in
1222 433 1330 482 locis
1345 473 1357 495 ,
1381 455 1481 503 quae
1502 440 1580 486 alii
1605 441 1808 504 Apostoli
1831 443 1968 490 mini-

272 518 347 546 me
374 501 763 564 perlustrassent3
796 514 896 552 tum
938 508 1045 572 quia
1079 507 1258 571 obJ'ecta
1291 512 1429 560 verba
1459 520 1556 577 ejus
1590 524 1774 564 tantum
1811 535 1970 566 curam

269 577 536 640 significant
559 587 605 626 et
623 580 833 628 studium
851 618 863 641 7
903 583 1030 647 quod
1067 584 1259 644 habuit,
1300 587 1413 635 dum
1441 601 1576 640 antea
1614 594 1973 658 perfungeretur⁴

271 653 526 717 apostolico
555 656 812 704 ministerio
832 658 880 704 in
904 660 1169 723 regionibus
1187 699 1199 721 ⁷
1235 681 1348 728 quas
1381 665 1554 714 ibidem
1586 680 1840 729 memorat3
1867 680 1970 719 tum

270 730 379 794 quia
397 730 495 779 haec
507 733 762 797 respiciunt
775 736 1035 799 praesertim
1050 738 1312 802 Hispanias,
1329 741 1387 788 ad
1398 759 1512 807 quas
1532 761 1580 791 se
1597 746 1804 794 conferre
1824 749 1970 796 medi-

271 806 484 867 tabatur,
515 810 580 856 ita
609 818 661 856 ut
688 810 761 857 vix
795 821 918 858 esset
936 814 1134 860 Romam
1157 819 1497 878 petransiturus
1519 820 1615 884 (l);
1644 831 1745 868 tum
1769 824 1971 890 deanue

271 884 406 950 quia,
445 885 545 950 ipso
583 886 801 951 Apostolo
827 896 973 947 teste7
1011 907 1108 936 non
1140 893 1445 942 constituerat
1477 896 1563 942 sibi
1590 899 1748 945 Romae
1776 901 1969 949 fundare

270 960 544 1020 Ecclesiam,
597 980 700 1026 quae
735 979 935 1029 nempe„
966 964 1080 1012 dum
1117 967 1218 1014 haec
1258 968 1384 1017 idem
1424 972 1667 1033 scriberet,
1712 974 1827 1022 adeo
1871 981 1971 1039 jam

269 1036 467 1084 florebat
481 1074 494 1098 ‚
530 1048 581 1085 ut
600 1042 695 1100 ejus
713 1039 826 1087 fides
855 1043 1225 1091 annunciaretur
1246 1046 1295 1091 in
1327 1048 1541 1096 universo
1572 1050 1750 1098 mundo
1771 1051 1869 1115 (2);
1890 1054 1972 1102 sed

269 1113 358 1161 hoc
376 1114 461 1161 sibi
480 1133 631 1162 unum
653 1127 980 1181 proposuerat,
995 1121 1274 1181 confirmare
1295 1124 1526 1171 Romanos
1540 1143 1592 1173 ea
1612 1128 1809 1187 ratione,
1828 1141 1971 1194 quam

271 1191 414 1238 modo
440 1192 737 1256 exposuimus
767 1193 855 1257 (3).

335 1267 449 1315 560.
493 1268 562 1316 Ad
600 1269 666 1316 3¹1¹
685 1306 696 1328 a
729 1272 855 1317 Dz'st.
886 1272 1186 1336 Exploratum
1213 1285 1281 1322 est
1301 1313 1312 1335 7
1340 1278 1527 1325 Petrum
1549 1280 1809 1345 Babylone,
1834 1286 1972 1347 Assy-

268 1343 445 1391 riorum
490 1345 736 1410 metropoli
755 1385 767 1405 7
822 1348 1027 1412 priorem
1069 1368 1202 1397 suam
1241 1353 1474 1418 scripsisse
1514 1356 1759 1419 epistolam
1786 1394 1798 1418 ,
1844 1359 1972 1423 apud

270 1420 476 1468 eruditos
493 1421 759 1470 audaciores
774 1433 935 1471 contra
951 1443 1142 1474 sensum
1158 1429 1298 1475 totius
1325 1432 1613 1495 antiquitatis
1629 1469 1642 1492 ,
1663 1451 1794 1481 conc.
1811 1451 1827 1489 ;
1846 1435 1974 1500 apud

269 1498 473 1546 saniores
494 1500 700 1559 criticos,
736 1518 835 1564 neq.
862 1503 979 1550 Nam
1006 1504 1079 1564 10,
1109 1504 1286 1552 fatente
1317 1508 1416 1572 ipso
1440 1508 1675 1556 Michaelis
1693 1547 1704 1568 7
1741 1512 1972 1577 praecipuo

270 1572 487 1623 obsoletae
507 1575 690 1638 jamdiu
723 1580 967 1628 sententiae
988 1580 1297 1629 instauratore
1312 1618 1324 1642 ‚
1354 1593 1533 1632 veteres
1555 1603 1717 1633 omnes
1738 1589 1894 1635 Patres
1913 1588 1971 1636 de

270 1782 310 1817 in
346 1791 418 1829 qua
457 1776 626 1828 Basnagii
674 1784 954 1829 ceterorumque
1002 1792 1084 1829 pro-

269 1844 487 1882 ‹estamium
508 1856 616 1893 vagas
643 1840 898 1893 conjecturas,
921 1843 1089 1882 adductis

270 1909 493 1960 ”gravissimis
514 1915 679 1945 veterum
696 1909 913 1946 testimoniis
929 1938 938 1954 ‚
962 1909 1088 1960 depel-

273 1974 331 2012 lit.
355 1972 440 2011 Haec
464 1980 587 2011 autem
607 1974 684 2023 ipsa
706 1973 829 2011 denuo
855 1974 1088 2015 refricantur.

273 2039 368 2078 Nam
385 2038 446 2077 m'l
458 2038 528 2076 sul)
544 2037 619 2076 sole
634 2051 792 2077 novum.

335 2104 387 2155 (l)
421 2104 535 2143 Rom.
559 2117 596 2151 1,
634 2102 778 2154 83xv1',
807 2117 871 2158 ¹9·

331 2172 384 2223 (2)
403 2171 485 2211 Cfr.
506 2172 627 2209 Estius
643 2173 683 2208 in
699 2171 913 2209 Commem.
928 2171 972 2209 ad
990 2171 1093 2209 huuc

1158 1779 1330 1827 extendi,
1355 1781 1508 1831 perinde
1531 1796 1572 1819 ac
1591 1784 1619 1819 si
1651 1784 1783 1821 dixerit
1813 1797 1823 1821 :
1852 1784 1971 1823 Causa

1155 1846 1248 1882 tanti
1266 1847 1338 1883 mei
1364 1846 1535 1885 desiderii
1559 1861 1637 1885 non
1663 1848 1731 1886 alia
1759 1858 1831 1897 est,
1856 1864 1970 1901 quam

1156 1917 1197 1947 ut
1213 1923 1321 1961 supra
1339 1925 1395 1960 ea,
1421 1924 1502 1964 quae
1515 1911 1589 1964 jam
1604 1916 1809 1965 accepistiS‚
1829 1915 1971 1967 aliquid

1155 1975 1276 2013 adhuc
1304 1975 1487 2016 donorum
1527 1992 1593 2016 seu
1626 1981 1824 2029 gratiarum
1866 1981 1972 2031 spiri-

1156 2040 1313 2078 tualium
1345 2041 1450 2079 vobis
1474 2057 1539 2093 per
1568 2057 1694 2082 meum
1726 2046 1970 2083 ministerium

1157 2107 1360 2157 impertiar.
1382 2107 1456 2147 Sed
1477 2123 1562 2146 eum
1579 2110 1677 2149 vide.

1215 2171 1263 2223 (3)
1293 2173 1466 2225 Apposite
1498 2175 1749 2214 Theodoretus
1783 2177 1823 2213 in
1857 2176 1969 2215 Com-

275 2237 400 2277 locum
417 2267 427 2284 ‚
456 2237 521 2276 ubi
547 2236 731 2282 observat,
754 2238 861 2288 juxta
881 2250 935 2288 gr.
954 2245 1092 2274 textum
1159 2246 1273 2277 ment.
1288 2240 1332 2277 in
1343 2241 1452 2292 epist.
1464 2240 1626 2279 adRom.
1642 2255 1682 2279 ex
1696 2243 1868 2292 ipsavoce
1879 2244 1972 2281 cein-

275 2305 345 2356 legi
358 2318 390 2341 v.
415 2315 462 2341 12
478 2301 557 2341 :Id
569 2308 697 2339 autem
712 2301 826 2339 estad
839 2301 958 2338 simul
966 2315 1096 2340 conso-
1153 2304 1368 2355 formandi,
1384 2320 1456 2357 qua
1478 2308 1592 2344 utitur
1615 2305 1749 2344 Paulus
1768 2336 1778 2354 ‚
1800 2307 1938 2360 colligit
1957 2338 1968 2356 ‚

275 2365 1093 2420 landum,Toa‘ro&Rea-vast-mmpoexaneffme,
1160 2384 1179 2408 a
1202 2369 1311 2409 Petro
1323 2370 1508 2409 Romanos
1519 2373 1558 2409 in
1577 2371 1650 2410 fide
1670 2373 1858 2411 institutos
1877 2387 1969 2412 esse.

278 2440 328 2475 ita
348 2444 387 2474 ut
400 2450 528 2475 sensus
542 2438 589 2474 sit
609 2448 620 2473 ε
636 2435 674 2472 id
690 2433 787 2481 volo,
803 2442 842 2472 nt
855 2448 1092 2472 communem

280 2510 390 2554 atque
411 2516 485 2539 una
505 2500 699 2539 vobiscum
716 2499 1007 2538 consolationem
1030 2514 1094 2538 seu

280 2569 545 2606 recreationem
578 2568 722 2616 capiam
756 2578 805 2603 ex
833 2572 962 2603 mutua
993 2579 1097 2603 com—

281 2633 529 2671 municatione
556 2632 642 2669 fidei
677 2639 798 2670 vestrae
827 2638 860 2667 et
882 2643 991 2669 meae.
1034 2630 1096 2669 Sic

282 2698 434 2750 quidem
459 2698 536 2749 ipsa
557 2696 789 2734 confirmatio
807 2693 893 2733 fidei
908 2695 1098 2734 Romano-

282 2779 367 2802 rum
409 2765 530 2802 futura
555 2769 632 2801 erat
667 2762 781 2800 Paulo
821 2762 932 2799 simul
961 2771 997 2801 et
1024 2763 1096 2800 illis

284 2835 435 2873 materia
454 2829 714 2870 consolationis
732 2836 767 2866 et
781 2829 918 2880 gaudii.
936 2828 1097 2867 Aduolat

283 2906 455 2952 praeterea
476 2910 604 2935 vocem
617 2893 786 2946 χάρισμα
797 2908 832 2932 v.
853 2906 893 2931 11
914 2924 923 2941 ‚
947 2909 1028 2947 quae
1051 2895 1096 2933 de

285 2967 331 3005 iis
363 2964 469 3004 donis
492 2965 607 3014 accipi
633 2961 747 3009 solet,
781 2973 863 3013 quae
886 2961 1021 2999 dantur
1048 2961 1093 2998 ad

285 3032 442 3070 aliorum
460 3029 651 3068 utilitatem
668 3055 678 3075 ,
700 3040 802 3079 posse
822 3028 934 3065 etiam
952 3027 999 3066 ad
1019 3026 1090 3066 alia

1161 2435 1218 2473 En
1232 2439 1310 2488 ejus
1327 2437 1437 2475 verba
1455 2450 1465 2474 :
1481 2435 1537 2475 Et
1546 2439 1804 2490 quiaprimus
1815 2439 1872 2476 eis
1888 2450 1970 2475 ma-

1158 2514 1259 2552 ynus
1298 2501 1440 2540 Petrus
1465 2501 1679 2540 doctrinam
1711 2502 1969 2555 evanqelicam

1156 2568 1329 2619 praebuit
1341 2597 1351 2615 ‚
1370 2569 1581 2607 necessario
1596 2569 1731 2607 intulit
1749 2569 1813 2621 (ad
1830 2567 1969 2618 confir-

1161 2633 1319 2671 mandos
1339 2648 1401 2673 vos
1416 2665 1426 2682 ‚
1448 2638 1496 2677 εἷς
1515 2632 1556 2674 τὲ
1579 2638 1818 2688 στηριχθὲηιι
1835 2634 1965 2684 visais).

1163 2699 1252 2739 Non
1268 2702 1370 2738 enim
1382 2700 1514 2746 aliam,
1528 2701 1664 2752 inquit,
1677 2700 1888 2738 doctrinam
1908 2712 1971 2737 vo-

1162 2766 1220 2803 bis
1234 2766 1383 2818 afferre,
1398 2766 1462 2817 sed
1474 2780 1573 2814 eam,
1582 2766 1753 2817 quoejam
1766 2763 1970 2810 oblatam&

1162 2831 1413 2881 confirmare,
1440 2838 1475 2869 et
1502 2828 1965 2884 arboreujamplamatae,
2024 2866 2028 2867 ⁷

1161 2898 1330 2948 irriqare
1354 2896 1449 2935 volo.
1469 2896 1563 2948 Opp.
1587 2896 1674 2935 edit.
1699 2895 1813 2934 Paris.
1838 2893 1939 2948 1643
1954 2924 1966 2944 ‚
2001 2943 2004 2946 ‚

1162 2969 1254 3001 tom.
1279 2973 1334 3012 ιιι,
1354 2976 1440 3014 pag.
1469 2959 1529 3010 14.
