2028 3354
436 216 563 246 matr.
601 216 634 245 1.
673 214 772 246 cn.
810 215 874 248 1v·.
913 215 967 245 nn
1001 213 1216 246 Ecczasnu
1248 213 1446 245 nomos.
1689 193 1784 243 217

100 348 273 379 necesse
304 340 369 379 est
386 346 572 378 omnem
599 333 844 377 convenire
870 330 1162 385 Ecclesiam,
1182 329 1241 377 id
1257 337 1349 385 est,
1373 344 1530 376 omnes
1558 329 1648 392 qui
1671 334 1787 390 sunt

99 408 318 472 undique
333 407 516 470 fideles,
542 415 595 454 ut·
622 405 919 471 prosequitur
948 406 994 454 S.
1020 408 1219 454 Irenaeus
1240 404 1327 469 (1).

786 558 981 607 CAPUT
1016 558 1094 605 IV.

664 707 718 736 DE
752 705 906 736 ECCLES
912 704 968 734 1AE
1001 703 1201 734 DO'HBUS.

164 811 274 858 329.
314 810 519 858 Ecclesiae
537 809 736 872 origine,
766 806 1060 854 institutione
1077 814 1124 853 et
1145 804 1475 853 constitutione
1498 807 1712 872 expensis
1737 825 1789 856 ae

95 886 359 946 vindicatis7
380 904 472 933 una
491 903 593 932 cum
612 884 733 930 notis
746 900 801 931 ex
818 882 1001 947 quibus,
1017 883 1116 948 ipsa
1141 900 1164 929 a
1180 883 1341 947 quavis
1361 881 1624 930 adulterina
1643 884 1790 931 socie-

95 971 215 1019 tate,
247 979 348 1027 quae
376 961 462 1009 sibi
484 960 741 1007 christianae
754 958 970 1007 Ecclesiae
988 975 1163 1006 nomen
1183 967 1366 1021 arrogat
1386 996 1397 1019 ‚
1418 967 1520 1006 tuto
1538 959 1790 1007 internosci

94 1039 265 1103 possit.
292 1045 525 1103 superest,
545 1045 598 1083 ut
623 1036 939 1101 inquiramus,
969 1034 1137 1101 quibus
1166 1034 1349 1082 dotibus
1375 1050 1456 1082 seu
1475 1030 1789 1100 praerogativis

96 1116 279 1163 divinus
306 1113 517 1160 conditor
548 1112 755 1170 Christus
789 1112 1003 1159 eamdem
1031 1112 1322 1158 instruxerit.
1362 1112 1442 1158 Hae
1469 1120 1627 1159 autem
1657 1111 1789 1158 dotes

93 1192 142 1238 in
176 1208 231 1238 eo
260 1208 286 1237 a
322 1188 682 1254 proprietatibus
714 1187 1034 1236 essentialibus
1071 1188 1327 1247 differunt,
1369 1187 1494 1253 quod
1530 1189 1627 1234 istae
1657 1204 1683 1234 a
1722 1187 1789 1234 rei

92 1276 258 1314 natura
275 1303 287 1324 a
319 1266 388 1312 uti
417 1266 738 1331 exposuimus,
762 1264 998 1331 profluant
1015 1301 1027 1325 a
1049 1264 1141 1312 illae
1169 1262 1515 1330 quodammodo
1536 1262 1689 1311 eidem
1714 1280 1788 1311 su-

90 1343 338 1407 pervenire
362 1342 694 1406 concipiantur.

158 1418 268 1466 330.
306 1419 546 1483 Praecipuae
592 1435 703 1465 vero
742 1416 950 1465 Ecclesiae
991 1416 1124 1465 dotes
1157 1425 1266 1464 sunt
1308 1418 1699 1480 indefectibilitas
1737 1416 1788 1463 in

93 1495 334 1542 existendo
351 1532 363 1554 ,
396 1496 727 1557 ἱηΐαῖῖἱὸῖῖίίας
750 1494 798 1540 in
818 1494 1026 1540 docendo
1040 1530 1052 1553 ‚
1075 1497 1336 1540 auctoritas
1357 1493 1406 1538 in
1425 1493 1642 1557 regendo.
1664 1494 1792 1555 EJ'us-

92 1570 222 1618 modi
267 1588 406 1635 porro
449 1569 900 1618 indefectibilitatem
934 1568 982 1616 in
1016 1570 1257 1617 existentia
1277 1605 1289 1629 .,
1329 1569 1710 1617 infallibilitatem
1739 1569 1790 1615 in

93 1645 332 1705 doctrina,
360 1647 682 1693 auctoritatem
706 1646 753 1692 in
787 1645 1010 1708 regimine
1042 1646 1276 1693 Christum
1308 1645 1516 1693 Ecclesiae
1552 1662 1652 1694 suoe-
1676 1662 1790 1693 con-

93 1722 296 1781 cessisse,
311 1730 391 1768 aut
415 1731 588 1784 negant
608 1739 796 1787 prorsus
814 1738 976 1769 omnes
996 1721 1258 1769 acatholicae
1279 1731 1414 1769 sectae
1429 1758 1441 1782 ‚
1464 1730 1543 1769 aut
1557 1722 1621 1769 ita
1646 1738 1787 1787 expo·

92 1806 242 1857 nunt,
287 1807 337 1844 ut
366 1806 623 1845 extenuent
654 1814 728 1845 eas
759 1806 897 1863 atque
933 1798 1268 1846 comminuant.
1306 1799 1424 1845 Cum
1450 1798 1578 1845 enim
1614 1814 1662 1844 se
1696 1796 1787 1844 illis

93 1872 281 1921 destitui
313 1873 460 1939 probe
490 1875 677 1933 norint,
705 1874 824 1921 nihil
858 1891 955 1921 non
980 1873 1263 1934 moliuntur,
1287 1883 1340 1922 ut
1358 1891 1481 1924 verae
1513 1873 1679 1921 saltem
1703 1875 1789 1921 Ec-

93 1949 240 1996 clesiae
264 1949 449 1997 easdem
482 1950 695 2015 eripiant.

161 2025 271 2072 331.
308 2028 376 2074 Ne
406 2035 562 2074 autem
577 2063 589 2087 7
620 2044 726 2074 cum
746 2044 818 2074 res
841 2025 954 2074 adeo
978 2028 1128 2091 gravis
1151 2028 1301 2091 agitur
1319 2064 1332 2086 .,
1365 2026 1606 2093 quidpiam
1634 2027 1687 2073 in
1703 2044 1787 2073 an-

96 2102 222 2167 cipiti
256 2101 578 2168 relinquatur,
615 2112 663 2150 et
694 2111 747 2149 ut
777 2102 956 2162 lucido,
988 2110 1126 2168 prout
1152 2121 1237 2169 par
1269 2113 1366 2164 est,
1401 2103 1563 2150 ordine
1608 2101 1788 2165 singula

99 2177 405 2242 disponantur
426 2217 438 2240 ‚
474 2188 626 2231 totum
657 2179 744 2226 hoc
781 2188 919 2243 caput
953 2179 1003 2225 in
1035 2188 1127 2226 tres
1161 2179 1377 2228 articulos
1402 2179 1693 2246 partiemur,
1733 2186 1787 2225 ut

104 2252 317 2303 distincte
340 2256 398 2304 de
420 2272 706 2322 unaquaque
741 2254 848 2302 dote
875 2254 1168 2304 disseramus.

756 2395 1063 2440 ARTmULUS
1095 2399 1131 2441 1.
1177 2377 1179 2379 ’

570 2525 644 2571 De
671 2525 868 2572 eeclesiae
899 2524 1318 2585 indefhctihilitate.

174 2663 287 2713 332.
326 2664 435 2711 Haec
456 2664 596 2711 afficit
610 2700 624 2721 a
648 2673 700 2712 ut
720 2664 959 2712 innuimus
976 2701 989 2722 „
1011 2664 1302 2714 existentiam
1335 2665 1536 2713 Ecclesiae
1556 2683 1582 2713 a
1605 2664 1789 2713 Christo

110 2740 365 2800 institutae,
394 2740 458 2787 ita
494 2750 547 2787 ut
579 2739 700 2787 illius
735 2741 783 2790 vi
812 2758 864 2789 ea
895 2751 1158 2807 perseveret
1203 2759 1348 2808 usque
1383 2744 1433 2790 in
1472 2741 1613 2791 seculi
1646 2743 1788 2790 finem

112 2814 161 2861 in
185 2814 262 2862 illa
276 2816 374 2882 ipsa
394 2817 723 2866 constitutione
744 2834 822 2865 seu
843 2826 1006 2865 natura
1026 2825 1074 2866 et
1091 2818 1449 2885 proprietatibus
1462 2819 1553 2867 suis
1568 2854 1581 2880 ‚
1601 2818 1789 2867 tumin-

163 2966 217 3019 (1)
248 2967 343 3009 lud.
