2028 3354
155 185 184 231 8
621 201 777 230 rimor.
817 199 870 227 nn
908 199 1028 229 roms
1063 200 1367 230 THEOLOGIGIS.

224 317 298 364 18.
334 316 468 363 Nunc
485 314 671 362 demum
690 309 893 374 idipsum
912 311 1193 359 adstruimus
1212 330 1270 360 ex
1295 313 1434 359 sacris
1455 313 1636 361 Litteris
1650 349 1662 373 ‚
1691 330 1803 378 quas
1820 350 1833 373 7

158 402 211 439 ut
237 391 415 456 praefati
437 405 594 436 sumus
608 422 620 445 7
648 387 887 448 adjicimus
906 387 1036 434 velut
1055 388 1333 436 documenta
1350 389 1563 436 historica
1578 406 1835 437 coaevorum

159 467 457 532 scriptorum,
479 462 563 528 qui
590 461 723 508 nobis
744 463 1051 510 oeconomiam
1075 464 1317 526 aperiunt,
1345 482 1485 529 quam
1506 465 1714 512 Christus
1739 467 1840 512 Ser·

158 552 291 591 vator
320 548 476 587 noster
521 538 571 584 in
610 536 697 584 hac
738 537 935 585 Ecclesia
976 538 1263 584 instituenda
1302 548 1439 604 atque
1478 540 1715 588 fundanda
1764 557 1838 587 se—

161 626 332 682 quutus
360 624 442 663 est.
480 616 586 661 Jam
621 630 732 661 vero
768 613 847 677 qui
880 614 1212 659 commentaria
1249 614 1455 678 primum
1496 616 1741 663 ediderunt
1780 616 1839 663 de

162 691 330 739 Christi
355 690 491 753 gestis
524 698 569 735 et
599 687 757 747 dictis,
797 705 903 734 eum
933 687 1067 734 nobis
1096 687 1320 735 exhibent
1349 689 1639 753 colligentem
1667 709 1723 738 ex
1748 691 1840 738 suis

162 765 393 831 discipulis
411 766 538 831 prius
558 765 680 814 viros
704 762 948 810 duodecim
962 800 974 822 7
997 781 1111 828 quos
1133 773 1180 810 et
1203 763 1446 828 Apostolos
1473 767 1731 814 nominavit
1749 766 1838 830 (1).

163 844 257 890 Hos
284 841 430 889 voluit
459 858 556 888 esse
582 849 907 905 propagatores
934 856 1028 886 suae
1053 839 1275 885 doctrinae
1300 840 1399 903 (2),
1432 850 1571 905 atque
1605 843 1718 890 adeo
1741 841 1843 889 dili—

160 919 339 982 gentius
366 917 593 974 instituit,
635 933 687 963 ac
725 933 829 962 suos
866 915 1016 962 effecit
1046 914 1310 962 individuos
1342 916 1530 962 comites
1564 917 1664 980 (3),
1700 917 1843 965 immo

160 994 381 1060 peculiari
400 1002 628 1060 potestate
649 993 874 1039 instruxit
897 992 969 1054 (4)
993 1001 1040 1038 et
1062 992 1335 1060 auctoritate
1355 992 1426 1055 (5)
1441 1027 1454 1052 7
1481 991 1846 1057 amplissimum-

164 1089 255 1138 que
282 1071 371 1118 illis
401 1070 747 1119 commendavit
781 1087 952 1116 munus
987 1068 1265 1134 praedicandi
1306 1069 1564 1116 doctrinam
1601 1087 1731 1116 suam
1762 1087 1846 1134 per

165 1147 398 1195 mundum
431 1147 701 1193 universum
732 1145 802 1208 (6)
821 1181 833 1204 7
864 1144 1099 1210 spondens
1128 1161 1225 1191 sese
1255 1146 1317 1191 eis
1348 1154 1515 1209 praesto
1543 1144 1814 1191 adfuturum
1832 1180 1845 1203 7

167 1234 215 1272 et
249 1223 476 1289 Spiritum
508 1222 715 1271 veritatis
746 1238 891 1285 usque
932 1220 991 1267 ad
1021 1221 1471 1268 consummationem
1514 1220 1654 1267 seculi
1688 1219 1747 1267 ab
1785 1221 1848 1267 eis

167 1316 412 1365 nunquam
441 1315 728 1347 recessurum
756 1298 843 1360 (7).
874 1298 927 1343 In
964 1296 1035 1342 his
1067 1297 1254 1342 Petrum
1297 1296 1434 1358 elegit
1470 1305 1522 1342 ut
1556 1306 1738 1361 petram
1768 1313 1849 1343 seu

169 1393 335 1441 rupem
348 1375 407 1421 ad
417 1373 797 1432 fundamentum,
815 1389 954 1435 super
969 1389 1060 1436 quo
1076 1371 1324 1418 aedificaret
1337 1373 1604 1419 Ecclesiam
1624 1390 1763 1419 suam
1773 1371 1848 1435 (8)

170 1467 354 1515 semper
386 1448 717 1506 constituram3
751 1447 969 1494 eumdem
1005 1446 1208 1510 praefecit
1233 1448 1408 1493 cunctis
1443 1448 1571 1510 agnis
1606 1456 1653 1494 et
1687 1445 1850 1494 ovibus

171 1526 262 1573 suis
285 1562 298 1585 7
329 1525 462 1589 eique
492 1540 661 1570 munus
690 1540 764 1570 eas
793 1520 1014 1587 pascendi
1043 1521 1273 1567 commisit
1306 1521 1377 1585 (9)
1398 1557 1410 1580 7
1450 1530 1496 1569 et
1522 1522 1742 1586 peculiari
1773 1539 1851 1567 ra—

171 1603 326 1660 tione,
356 1617 562 1648 seorsum
588 1615 760 1662 nempe
790 1616 814 1644 a
845 1597 1029 1657 ceteris,
1066 1595 1217 1644 claves
1243 1597 1286 1643 ei
1316 1597 1514 1644 contulit
1545 1598 1674 1659 regni
1703 1596 1852 1645 coelo-

172 1694 278 1725 rum
293 1676 413 1740 (10).
436 1677 544 1722 Post
563 1673 795 1740 apostolos
808 1682 855 1719 et
874 1671 984 1719 alios
995 1672 1283 1736 septuaginta
1299 1671 1413 1719 duos
1434 1672 1680 1737 discipulos
1700 1673 1851 1735 elegit,

176 1761 228 1799 ut
258 1752 348 1799 illis
374 1759 529 1798 essent
555 1760 783 1814 tanquam
811 1748 1041 1810 adjutores
1068 1748 1117 1793 in
1148 1747 1407 1794 ministerio
1438 1748 1562 1813 quod
1594 1749 1705 1813 ipsis
1734 1765 1858 1796 com-

175 1828 364 1876 miserat
380 1827 500 1891 (11).
519 1828 713 1872 Parvam
732 1824 852 1871 hanc
871 1825 1154 1889 societatem,
1170 1823 1218 1869 in
1238 1822 1402 1870 iisdem
1420 1823 1706 1871 documentis
1720 1860 1733 1884 7
1755 1834 1862 1889 post

177 1921 416 1952 ascensum
453 1902 626 1949 Christi
653 1902 702 1947 in
733 1899 906 1948 coelum
932 1898 1234 1963 conspicimus
1263 1915 1573 1960 succrescere,
1603 1917 1655 1946 ac
1687 1916 1785 1947 sese
1810 1900 1860 1947 in

177 1980 411 2046 proximas
440 1977 648 2042 regiones
676 1975 918 2023 effundere
944 1975 1065 2039 (12),
1103 1973 1271 2021 deinde
1304 1991 1413 2023 vero
1441 1976 1490 2022 in
1522 1975 1789 2023 remotiores
1808 1993 1860 2024 ac

177 2057 314 2118 longe
333 2053 512 2100 dissitas
529 2088 542 2111 7
558 2053 621 2098 ita
633 2061 687 2098 ut
697 2052 828 2099 brevi
845 2059 1036 2115 occupet
1047 2050 1309 2097 universam
1321 2060 1494 2097 terram
1509 2055 1640 2113 juxta
1652 2050 1858 2113 ejusdem

180 2130 348 2180 Christi
369 2128 751 2194 pollicitationem
777 2127 882 2190 (13)
899 2162 911 2185 7
942 2144 993 2173 ac
1020 2125 1218 2190 denique
1245 2142 1328 2190 per
1359 2127 1621 2173 seculorum
1641 2127 1853 2191 lapsum,

178 2225 235 2255 ex
273 2205 559 2253 documentis
597 2202 909 2251 ecclesiasticis
959 2218 1104 2267 prope
1138 2202 1422 2260 innumeris,
1470 2202 1635 2250 eodem
1674 2218 1858 2267 semper

179 2285 334 2346 vigore
351 2281 607 2347 pollentem
630 2281 690 2327 ad
712 2297 794 2326 nos
814 2296 961 2344 usque
982 2279 1240 2343 pervenire.

248 2359 325 2405 19.
364 2359 552 2405 Constat
570 2357 709 2420 igitur
724 2392 736 2415 7
756 2359 887 2418 juxta
906 2354 1138 2419 triplicem
1158 2371 1296 2419 quam
1315 2353 1534 2403 inivimus
1557 2355 1679 2404 viam
1696 2391 1708 2416 7
1728 2356 1857 2403 omni

236 2521 288 2571 (1)
316 2520 448 2558 Matth.
463 2535 501 2569 x,
519 2534 533 2558 1
552 2528 587 2559 et
601 2533 705 2572 seqq.
719 2518 830 2557 Marc.
844 2526 900 2566 111‘,
920 2531 987 2566 103
1108 2518 1160 2568 (7)
1190 2517 1290 2556 Ibid.
1316 2525 1351 2555 et
1374 2517 1465 2556 Luc.
1495 2519 1582 2556 xxiv
1598 2548 1609 2566 7
1642 2517 1720 2571 493
1742 2518 1838 2557 Joan
1852 2544 1861 2558 .

181 2586 272 2625 Luc.
298 2598 357 2631 vi,
390 2585 453 2622 13.
1053 2596 1137 2629 xiv,
1169 2579 1230 2620 16.

234 2649 291 2699 (2)
320 2649 403 2688 Act.
420 2649 547 2700 Apost.
569 2663 582 2687 1
598 2679 608 2697 ,
624 2648 678 2698 83
703 2647 837 2699 Ephes.
860 2660 987 2697 11‚2o;
1109 2647 1159 2697 (8)
1189 2646 1323 2685 Matth.
1348 2661 1408 2686 xvi
1425 2677 1436 2696 ,
1470 2646 1532 2687 18.

183 2714 301 2766 Apoc.
326 2728 388 2761 xx,
421 2712 482 2763 14.
1109 2711 1164 2761 (9)
1191 2711 1300 2750 Joan.
1326 2727 1382 2751 xxi
1403 2743 1413 2761 7
1444 2711 1575 2764 ¹5·¹7·

237 2779 290 2830 (3)
320 2778 454 2817 Matth.
480 2778 596 2825 Marc,
624 2779 715 2817 Luc.
740 2779 827 2817 locis
854 2779 982 2816 citatis.
1107 2778 1186 2828 (10)
1217 2777 1447 2827 Matth.xv1‚
1472 2792 1533 2831 19.

239 2843 293 2895 (lo)
322 2843 437 2882 Marc.
458 2857 521 2882 xvi
544 2873 554 2891 ‚
582 2841 628 2881 15
650 2852 686 2882 et
713 2857 817 2896 seqq.
1105 2843 1185 2893 (11)
1215 2844 1304 2883 Luc.
1323 2860 1344 2884 x
1360 2875 1370 2893 ‚
1394 2858 1422 2882 1.

236 2908 287 2957 (ὅ)
317 2907 422 2947 Joan.
446 2923 489 2947 xx
505 2938 515 2956 ,
541 2921 605 2947 21.
783 2903 785 2905 ¹
1106 2908 1185 2959 (12)
1215 2909 1298 2949 Act.
1322 2909 1446 2961 Apost.
1470 2922 1542 2947 ιω(
1563 2916 1598 2948 et
1616 2923 1715 2962 seqq.

239 2972 291 3022 (6)
321 2971 449 3013 Manli.
466 2986 590 3022 xxvm,
613 2972 981 3024 193Marc.xv1,15.
1103 2972 1182 3025 (13)
1211 2974 1320 3015 Rom.
1348 2988 1414 3019 xv,
1448 2974 1669 3028 193Coloss.
1693 2988 1730 3024 ι,
1756 2972 1798 3013 6.
