2028 3354
353 229 477 259 PART.
516 229 546 257 1.
584 229 702 259 snc'r.
741 230 791 257 ιι.
829 229 925 257 CAP.
962 228 1011 256 u.
1054 206 1104 257 131³
1141 230 1321 260 Plutum.
1363 234 1542 266 PERPET.

1691 221 1784 269 385

92 341 245 389 desint
274 360 330 390 ex
363 343 638 407 antiquitate
668 343 945 391 documenta
969 380 980 400 a
1025 362 1049 391 e
1083 345 1250 409 quibus
1298 350 1541 410 novimus7
1587 355 1780 401 Romam

23 405 30 411 ¹
88 418 367 484 quandoque
399 419 641 482 Babylonis
676 421 865 467 nomine
903 420 1041 467 fuisse
1085 423 1388 486 significatam
1423 428 1509 490 (l).
1549 430 1779 492 Negamus

87 504 352 559 propterea,
387 494 514 541 nulla
541 495 673 541 nobis
696 504 966 559 argumenta
996 495 1162 544 biblica
1193 509 1441 563 suppetere
1470 504 1529 549 ad
1559 506 1779 554 evincen—

36 578 39 581 ’
87 568 199 616 dum
229 572 348 617 Petri
383 572 430 617 in
457 570 630 618 Urbem
665 571 921 620 adventum
942 571 1028 636 (2).

86 787 216 838 (cujus
242 788 526 827 delineationem
549 799 751 828 memoratae
778 787 893 840 ephe-

84 854 238 892 merides
260 855 463 905 exhibent)
494 857 767 906 inscriptionem
791 856 893 910 dete-

82 927 178 956 ctam
191 920 300 958 fuisse
317 934 326 957 :
342 920 448 959 Smon
465 920 596 958 Pmns
607 934 798 958 mscirnms
809 920 893 958 Jssu

81 996 137 1020 mc
154 997 272 1023 JACET.
294 984 455 1036 Scriptor
474 1000 577 1036 porro
601 987 744 1024 articuli
764 987 890 1024 obser-

82 1058 164 1095 vat,
191 1053 371 1103 ejusmodi
390 1054 666 1102 inscriptionem
685 1083 694 1098 ‚
723 1066 807 1105 quae
828 1068 893 1105 po-

81 1117 135 1152 nit
161 1116 366 1166 sepulcrum
392 1116 484 1155 Petri
508 1119 547 1153 in
567 1118 710 1155 diverso
737 1121 891 1156 omnino

78 1180 159 1218 loeo
180 1181 226 1218 ab
246 1195 310 1228 eo,
334 1195 443 1233 quem
465 1184 497 1220 ei
510 1184 670 1234 assignat
681 1186 889 1222 narratiun—

79 1246 161 1284 cula
175 1245 379 1296 (leqqenda)
394 1247 564 1285 Ecclesiae
574 1248 781 1297 catholica),
797 1252 889 1301 reip-

76 1325 115 1350 sa
147 1311 356 1363 probatione
391 1315 561 1362 destitui3
599 1323 759 1354 attamen
795 1317 889 1355 nihil

75 1390 150 1414 esse
185 1378 284 1429 quod
322 1393 403 1416 eam
434 1379 696 1417 incredibilem
725 1382 884 1430 efficiat3

75 1444 169 1479 tanti
209 1445 361 1493 proinde
394 1443 603 1482 faciendam
638 1459 714 1483 esse
758 1452 886 1499 quanti

73 1509 349 1546 narratiuncula
375 1509 486 1548 altera
504 1539 513 1554 ‚
547 1511 644 1562 quod
684 1510 776 1549 Petri
807 1528 883 1552 ossa

73 1571 199 1610 Romae
235 1576 448 1613 consistant.
476 1574 529 1612 Ex
559 1575 708 1615 historia
734 1577 884 1629 Aposto-

73 1636 194 1676 lorum
207 1641 377 1676 novimus
390 1668 403 1687 ,
422 1641 568 1679 Petrum
586 1642 703 1680 multo
722 1650 884 1696 tempore

73 1701 191 1754 Joppe
206 1713 462 1743 conversatum
485 1720 560 1744 esse
578 1720 588 1755 3
607 1709 697 1759 quid
712 1712 750 1746 ni
773 1711 882 1762 igitur

69 1767 206 1805 ibidem
233 1772 350 1820 potuit
374 1773 467 1809 mori
491 1786 533 1809 ac
550 1774 729 1824 sepeliri?
746 1774 874 1813 Hacte-

73 1847 143 1870 nus
166 1834 227 1872 hic
252 1844 392 1883 auctor,
411 1839 517 1888 cujus
541 1846 637 1888 patet
654 1839 880 1878 admirabilis

69 1897 188 1949 logica
207 1910 219 1939 ε
244 1900 436 1954 Inscriptio
456 1902 649 1954 Joppensis
672 1908 773 1943 omni
794 1921 877 1957 pro-

70 1962 219 2002 batione
249 1965 418 2006 destituta
444 1977 497 2006 est
525 1998 536 2015 ‚
567 1972 657 2007 tanti
688 1979 877 2022 propterea

70 2036 123 2066 est
146 2029 313 2070 facienda
336 2036 466 2085 quanti
491 2035 639 2073 historia
663 2037 708 2075 dc
729 2037 823 2075 Petri
838 2040 876 2076 in

68 2093 160 2132 urbe
180 2109 331 2136 romana
353 2100 526 2151 martyrio
539 2108 573 2138 et
587 2102 754 2152 sepulcro
768 2132 778 2150 ‚
792 2118 875 2155 quae

69 2161 179 2198 totius
204 2164 435 2214 antiquitatis
464 2167 671 2204 testimonio
698 2176 733 2205 et
762 2170 876 2207 docu-

69 2227 203 2263 mentis
225 2231 432 2280 omnigenis
457 2230 627 2270 fulcitur!
656 2232 792 2271 Verum
819 2249 876 2273 re-

69 2287 195 2327 daetor
217 2301 417 2341 protestans
444 2296 725 2346 ephemeridum
747 2299 875 2338 Darm-

69 2354 308 2395 stadiensium
324 2387 334 2404 ‚
354 2363 418 2412 qui
446 2376 508 2399 an.
538 2360 638 2401 1828
657 2377 676 2401 e
700 2364 874 2404 relatione

67 2417 221 2470 Augusti
253 2426 394 2463 comitis
430 2427 543 2466 Melin
580 2431 760 2481 ejusmodi
788 2432 872 2472 faeti

65 2484 240 2536 adjuncta
260 2489 406 2539 pagellis
429 2494 502 2530 suis
521 2495 631 2532 inseri
660 2506 870 2545 curaverat,

64 2549 231 2596 addidit,
248 2553 492 2604 fragmentum
506 2557 604 2597 illius
622 2562 874 2612 inscriptionis

64 2617 143 2654 sine
169 2616 245 2654 ulla
282 2619 506 2659 haesitatione
533 2625 573 2660 in
602 2638 756 2664 numero
782 2642 875 2679 apo-

64 2681 295 2733 cryphorum
328 2685 545 2724 habendum
584 2702 659 2726 esse
686 2691 873 2742 (All-qam.

63 2744 466 2802 Kircken-Zeitunq‚
511 2751 612 2793 1828
630 2785 640 2801 ‚
676 2770 715 2795 n.
758 2756 878 2808 134).

66 2810 144 2852 Cfn.
161 2813 393 2870 Roskovany‚
410 2833 471 2871 op.
484 2821 547 2858 cit.
562 2834 646 2872 pag.
665 2820 711 2860 15
728 2832 763 2861 et
773 2836 877 2877 seqq.

65 2886 144 2925 not,
165 2878 233 2929 41.
263 2904 267 2909 ·
803 2932 805 2934 r

122 2943 175 2995 (1)
207 2945 352 2986 Etenim
374 2953 412 2988 in
439 2952 466 2990 F
470 2956 668 3005 ragmentis
690 2957 839 3006 agrariis
862 2987 872 3003 ‚

65 3022 146 3060 quae
171 3009 303 3050 Fausto
328 3023 362 3053 et
399 3016 544 3059 Valerio
572 3017 617 3056 V
619 3018 674 3059 V.
702 3016 792 3060 ΡΡ.
816 3024 874 3059 in·

963 790 1173 828 scribuntur
1188 821 1199 838 ‚
1217 806 1300 844 pag.
1318 794 1412 847 307,
1431 797 1521 835 edit.
1536 799 1626 841 Wil.
1643 801 1776 850 Gnesii,

961 856 1012 892 sic
1039 856 1203 908 loquitur
1228 874 1237 896 ε
1261 855 1379 897 Circa
1413 862 1547 900 ‘arbem
1570 863 1780 916 Babylonis

962 918 1090 957 Romoe
1116 924 1358 962 maritimum
1393 927 1461 976 fiet
1487 935 1523 965 et
1550 929 1745 969 Gallicum
1761 950 1777 978 ,-

961 993 993 1021 et
1017 999 1098 1037 pag.
1125 985 1203 1025 266
1219 1019 1228 1035 ‚
1253 989 1306 1027 ib.
1333 989 1623 1044 Contra(urbi3
1645 996 1778 1048 Baby-

960 1048 1080 1100 lonis)
1105 1052 1264 1092 Romam
1297 1058 1492 1096 maritimi
1524 1058 1665 1100 limites
1682 1063 1780 1113 fient

957 1123 993 1152 et
1017 1115 1193 1155 Gallicas
1206 1121 1408 1172 impinget.
1429 1122 1481 1161 Ex
1499 1126 1637 1176 quibus
1652 1137 1748 1179 patet
1763 1159 1774 1179 ‚

957 1183 1159 1234 antiquitus
1187 1184 1426 1237 Babylonem
1453 1189 1614 1229 Romam
1634 1193 1772 1232 Urbem

958 1248 1074 1285 interd
1082 1263 1143 1286 um
1159 1260 1320 1290 vocatam
1335 1252 1467 1292 fuisse.
1485 1255 1559 1294 Cfr.
1577 1259 1650 1296 Rei
1659 1273 1773 1309 ayra-

954 1313 1027 1349 rioe
1048 1320 1218 1352 auctores
1230 1315 1398 1367 legesque
1413 1321 1533 1358 variae
1550 1352 1559 1369 ‚
1579 1337 1665 1362 cura
1686 1324 1766 1363 Wi-

954 1376 1055 1416 lelmi
1085 1377 1208 1418 Goesii
1226 1411 1235 1428 ‚
1280 1397 1353 1420 una
1386 1397 1473 1422 cum
1513 1390 1608 1426 notis
1643 1389 1767 1430 Nicol.

952 1441 1120 1494 Regaltii.
1150 1445 1266 1484 Amst.
1312 1446 1427 1499 1674.
1464 1449 1521 1489 Cl.
1552 1453 1769 1494 Mazochius

951 1509 990 1544 in
1026 1507 1239 1562 tS'pz‘cileqio
1275 1510 1410 1551 biblico
1424 1544 1433 1561 ‚
1475 1515 1593 1569 Neop.
1633 1518 1738 1574 1778
1754 1551 1764 1567 ‚

950 1582 1037 1613 tom.
1057 1589 1125 1624 ιιι,
1144 1591 1180 1628 p.
1199 1578 1297 1628 370,
1323 1583 1540 1632 suspicatur,
1566 1588 1766 1627 nonnullos

950 1648 1085 1679 veteres
1100 1642 1337 1694 Babylonem
1355 1647 1513 1685 Romam
1536 1651 1668 1691 dixisse
1682 1682 1695 1702 ‚
1723 1663 1763 1692 ut

947 1705 1044 1744 hanc
1056 1722 1076 1744 a
1090 1720 1187 1746 nova
1214 1711 1344 1748 Roma
1357 1738 1370 1758 ,
1395 1726 1477 1765 quae
1499 1715 1567 1754 fuit
1583 1717 1762 1757 Constan-

948 1773 1118 1820 tinopolis
1135 1803 1145 1820 ‚
1175 1766 1439 1817 discernerent.

999 1837 1053 1885 (2)
1084 1838 1166 1877 ch
1189 1841 1315 1879 referri
1342 1845 1474 1892 pariter
1500 1846 1633 1898 debet,
1661 1852 1759 1902 quod

947 1902 1081 1954 legitur
1099 1905 1208 1943 Joan.
1225 1920 1288 1945 xxi
1305 1936 1316 1953 ‚
1346 1907 1391 1946 18
1412 1938 1422 1958 ‚
1445 1924 1512 1964 19,
1530 1913 1670 1954 dictum
1691 1914 1758 1955 Pe-

945 1975 999 2005 tro
1013 1984 1032 2006 a
1049 1969 1234 2010 Domino:
1252 1973 1397 2022 Amen,
1416 1989 1546 2026 amen,
1557 1979 1643 2019 dico
1657 1982 1730 2020 tibi
1742 1999 1757 2021 τ

942 2047 1027 2072 eum
1044 2049 1139 2073 esses
1142 2040 1298 2089 junior,
1318 2041 1494 2092 cinqebas
1504 2052 1554 2095 te,
1566 2053 1603 2083 et
1621 2048 1759 2085 ambu-

942 2098 1061 2147 labas,
1079 2100 1148 2140 ubi
1158 2103 1323 2152 volebas;
1334 2118 1420 2143 eum
1428 2116 1555 2147 autem
1570 2115 1754 2158 senueris,

941 2167 1117 2205 extendes
1131 2182 1270 2208 manus
1282 2177 1382 2220 tuas,
1397 2180 1432 2210 et
1449 2174 1552 2214 alius
1564 2184 1598 2215 te
1610 2181 1752 2230 cinyet,

941 2236 975 2267 et
991 2231 1124 2281 clucet,
1148 2248 1220 2285 qao
1249 2243 1290 2273 tu
1314 2250 1393 2275 non
1414 2241 1484 2279 vis.
1514 2242 1601 2280 Hoc
1626 2252 1753 2283 autem

941 2296 1041 2334 discit
1053 2300 1067 2348 (
1079 2299 1203 2338 subdit
1218 2301 1443 2353 Evangelista
1454 2307 1481 2355 ),
1497 2307 1725 2358 siqnificans
1736 2341 1747 2356 ,

939 2376 1014 2412 qua
1043 2372 1159 2403 morte
1177 2373 1272 2404 esset
1293 2367 1578 2418 clarificaturus
1604 2374 1749 2415 Deum.

939 2428 1032 2466 Cum
1054 2444 1139 2469 vero
1167 2432 1243 2471 haec
1269 2435 1450 2485 scripserit
1481 2437 1641 2479 Joanues
1673 2453 1752 2494 post

942 2494 1034 2533 Petri
1060 2505 1217 2536 mortem
1247 2514 1309 2538 seu
1336 2503 1640 2547 crucifixionem.
1667 2523 1752 2561 quae

939 2563 1042 2612 juxta
1052 2566 1176 2601 omnia
1192 2562 1363 2604 historica
1384 2568 1605 2610 documenta
1624 2573 1750 2613 Romae

941 2629 1107 2678 contigit,
1123 2637 1235 2680 patet,
1252 2633 1386 2670 exinde
1397 2648 1535 2673 novum
1551 2651 1749 2689 argumen-

944 2700 1022 2740 tum
1037 2693 1218 2733 biblicum
1234 2696 1362 2735 haberi
1381 2699 1426 2736 de
1446 2700 1539 2738 Petri
1554 2704 1592 2740 in
1612 2704 1747 2744 Urbem

943 2757 1103 2797 adventu
1127 2769 1161 2798 et
1189 2764 1376 2813 martyrio.
1400 2764 1477 2802 Cfr.
1516 2766 1683 2807 Maldan.
1708 2773 1747 2809 in

942 2824 1044 2862 hune
1067 2824 1138 2865 loc.
1163 2841 1232 2866 nec
1256 2841 1331 2866 non
1353 2829 1565 2870 Mazochius
1583 2863 1593 2881 ,
1618 2849 1677 2887 op.
1713 2847 1749 2876 et

943 2889 1013 2927 loc.
1049 2891 1110 2929 cit.
1140 2905 1224 2944 pag.
1257 2893 1365 2941 213,
1391 2903 1426 2932 et
1455 2898 1495 2934 in
1532 2897 1677 2939 Comm.
1699 2903 1750 2939 ad

944 2953 1113 2996 Kalend.
1137 2970 1277 2998 marm.
1302 2957 1465 3011 Neapol.
1492 2962 1539 3000 ad
1562 2974 1616 3015 29
1631 2964 1716 3003 Jun.

1497 3090 1564 3146 25
