2028 3354
176 207 272 254 214
652 216 812 246 macr.
849 216 907 245 nn
941 216 1060 246 nocis
1094 192 1396 246 'maome-niis.

180 341 371 386 nomine
392 338 494 395 ejus
507 330 841 394 paenitentiam
863 336 908 373 et
924 331 1247 375 remissionem
1275 334 1579 392 peccatorum
1598 342 1692 388 per
1713 341 1866 372 omnes

175 421 348 478 gentes.
393 408 567 454 Omnes
595 412 752 469 ¹(lentes
785 412 905 449 totus
926 403 1141 449 mundus
1168 412 1246 450 est.
1281 404 1499 451 Ecclesia
1530 411 1680 448 totum
1713 403 1869 470 possi-

182 490 284 543 det,
307 484 436 548 quod
458 500 489 529 a
512 485 615 528 viro
644 497 728 527 suo
747 481 930 542 accepit
958 483 1013 525 in
1042 478 1207 524 dotem.
1233 479 1550 541 Quaecumque
1574 477 1871 541 conqreqatio

180 561 433 624 cujuslibet
445 558 636 604 lzoeresis
653 559 708 602 in
723 556 919 619 anyulis
931 555 1055 601 sedet
1064 570 1081 608 ,·
1094 555 1362 601 concubina
1374 564 1465 612 est,
1480 572 1575 602 non
1588 563 1828 600 matrona.
1840 588 1870 599 ..

185 638 506 701 Coqnoscatur
529 650 628 680 una
652 641 818 679 sancta
839 640 883 677 et
915 648 1026 677 vera
1055 634 1223 693 reyina
1260 630 1515 688 catholica,
1564 634 1650 677 cui
1675 645 1874 692 regnum

186 714 403 761 Christus
428 711 518 757 tale
546 709 700 764 dedit,
737 709 865 771 quod
887 725 985 755 eam
1008 724 1102 769 per
1129 715 1277 752 totum
1313 707 1550 752 mundum
1573 707 1875 769 diffindens,

181 791 245 837 ah
281 791 417 835 omni
448 787 642 833 macula
673 793 716 830 et
745 802 869 847 ruffa
900 784 1172 837 mundans,
1211 791 1355 829 totam
1379 783 1640 844 pulchram
1671 799 1757 829 suo
1788 782 1878 828 ad-

185 874 329 912 ventu
346 864 653 928 praeparavit
672 858 765 923 (1).
787 862 854 907 'De
877 859 1121 905 identitate
1146 874 1257 904 vero
1284 857 1506 903 doctrinae
1529 857 1657 903 testis
1680 866 1750 904 est
1773 857 1881 903 Vin·

186 941 363 989 centius
391 937 643 986 Lirinensis
675 935 789 981 dum
818 934 1036 1000 praeclare
1058 932 1218 980 scribit
1241 951 1252 979 ι
1280 934 1344 980 In
1377 935 1485 995 ipsa
1515 937 1627 980 item
1654 933 1883 979 catholica

185 1018 405 1066 Ecclesia
436 1029 720 1078 maqnopere
749 1012 1030 1058 curandum
1059 1019 1148 1066 est,
1177 1018 1232 1056 ut
1259 1011 1314 1056 id
1339 1018 1608 1064 teneamus,
1635 1010 1765 1072 quod
1779 1009 1887 1055 uhi-

184 1111 301 1157 que,
336 1090 467 1155 quod
492 1106 705 1152 semper,
742 1087 872 1150 quod
904 1088 967 1133 ab
1003 1087 1227 1132 omnibus
1269 1086 1508 1132 creditum
1542 1095 1608 1131 est
1627 1102 1643 1140 ,·
1697 1086 1781 1132 hoc
1822 1093 1889 1131 est

187 1172 360 1217 etenim
388 1184 490 1214 vere
511 1168 804 1229 proprieque
837 1164 1151 1217 catholicum3
1186 1163 1313 1225 quod
1336 1163 1445 1224 ipsa
1471 1165 1542 1207 vis
1565 1164 1776 1208 nominis
1800 1179 1888 1208 ra*-

191 1249 346 1308 tioque
368 1244 604 1296 declarat,
626 1257 734 1303 quoe
753 1242 917 1286 omnia
931 1242 1032 1301 fere
1057 1240 1400 1285 universaliter
1416 1238 1775 1300 comprehendit
1792 1238 1883 1300 (2).

258 1321 369 1368 325.
397 1319 521 1366 Licet
547 1334 657 1366 vero
678 1315 856 1372 Ariani,
879 1316 1219 1379 Imperatorum
1237 1314 1446 1379 potentia
1469 1313 1592 1372 freti,
1614 1312 1749 1375 longe
1768 1312 1889 1359 late-

196 1415 288 1463 que
312 1395 467 1442 diffusi
497 1393 557 1440 ad
587 1403 773 1456 tempus
799 1391 1068 1449 extiterint,
1103 1390 1200 1437 haec
1218 1426 1231 1448 .,
1264 1389 1333 1436 uti
1357 1388 1561 1435 ostendit
1590 1389 1659 1435 Cl.
1695 1389 1857 1436 Maran
1874 1423 1888 1446 .‚

193 1475 282 1521 fuit
308 1472 460 1539 potius
483 1470 687 1519 vafrities
710 1471 1060 1534 Epsscoporum,
1082 1467 1160 1531 qui
1178 1464 1509 1512 catholicorum
1531 1465 1663 1511 sedes
1685 1480 1890 1528 usurpa—

195 1550 339 1607 bant3
374 1547 488 1594 dum
524 1544 686 1610 populi
716 1545 894 1591 interea
923 1559 1108 1607 semper
1133 1542 1271 1589 alieni
1296 1541 1487 1587 fuerunt
1517 1540 1575 1587 ab
1606 1540 1686 1587 illa
1711 1549 1894 1586 contro-

196 1626 344 1675 versia
380 1622 468 1686 (3).
510 1622 654 1671 Divisi
692 1629 918 1686 praeterea
950 1628 1084 1667 erant
1123 1619 1171 1665 in
1219 1617 1378 1683 plures
1414 1627 1560 1665 sectas
1590 1616 1677 1664 sibi
1708 1616 1894 1664 invicen

200 1702 516 1751 adversantes.
556 1698 769 1762 Denique
806 1713 1049 1760 nunquam
1091 1696 1157 1742 ita
1197 1693 1356 1741 diffusi
1392 1702 1503 1740 sunt
1527 1729 1539 1753 .,
1577 1702 1629 1739 ut
1659 1692 1895 1739 catholicae

202 1778 412 1827 Ecclesiae
457 1774 808 1840 praevaluerint.
861 1774 930 1819 En
971 1771 1085 1836 quid
1132 1773 1178 1818 S.
1210 1770 1488 1818 Athanasius
1528 1770 1658 1816 testis
1700 1769 1895 1816 ocularis

202 1854 374 1902 scribat
391 1852 451 1899 ad
470 1853 806 1915 Imperatorem
822 1850 849 1895 J
853 1848 1075 1895 ovianum
1091 1866 1101 1893 :
1118 1849 1242 1895 Scito
1254 1885 1267 1902 ,
1284 1848 1639 1909 reliyiosissime
1657 1846 1871 1908 Auyuste
1883 1883 1897 1902 ‚

204 1932 303 1978 hoec
325 1931 387 1976 ab
408 1930 544 1974 omni
561 1943 655 1974 aevo
679 1942 770 1971 esse
796 1924 1070 1988 praedicata
1085 1961 1099 1979 ‚
1123 1924 1340 1986 hancque
1360 1926 1517 1985 ipsam
1532 1922 1676 1985 fidem
1702 1922 1899 1978 Patres,

205 2011 297 2071 qui
319 2005 501 2054 Nioaeae
520 2009 862 2061 convenerunt,
895 2002 1121 2062 confessos
1135 2003 1291 2061 fuisse
1306 2035 1319 2058 a
1340 2015 1537 2060 eamque
1562 1999 1794 2061 suffraqio
1816 2015 1901 2045 suo

207 2082 513 2145 comprobare
542 2080 791 2125 universas
821 2080 964 2123 totius
987 2077 1117 2123 orbis
1139 2076 1399 2128 Ecclesias,
1422 2091 1587 2136 nempe
1610 2074 1899 2136 Hispaniae,

209 2160 513 2216 Britannice,
546 2155 742 2210 Galliae,
770 2158 913 2199 totius
935 2153 1119 2213 Italiae,
1160 2151 1420 2199 Dalmatioe
1432 2185 1450 2207 ,
1481 2151 1673 2205 Dacioe,
1699 2152 1867 2213 Mysioe
1881 2184 1900 2207 ,

210 2236 528 2291 Macedoniae,
551 2231 851 2292 Groeciaeque,
869 2238 912 2275 et
926 2229 1112 2292 Africae
1134 2230 1396 2285 universae,
1425 2243 1606 2273 necnon
1625 2227 1901 2282 Sardiniae,

218 2313 395 2376 Cypri,
424 2311 568 2358 Cretoe
581 2345 595 2364 ,
614 2306 922 2370 Pamphylia,²
935 2339 954 2362 ,
973 2306 1130 2369 Lycioe
1143 2339 1162 2362 ,
1197 2306 1407 2352 Isauriae
1420 2340 1434 2359 ‚
1451 2303 1659 2367 AEqypti
1671 2339 1685 2358 ‚
1712 2303 1903 2366 Lybioe,

266 2473 321 2524 (l)
350 2472 468 2512 Serm.
505 2485 541 2511 lv
557 2502 568 2521 ,
604 2471 669 2510 De
697 2469 862 2522 symbolo
890 2469 941 2506 ad
963 2483 1027 2508 ca·
1089 2470 1189 2520 festa
1203 2470 1246 2507 in
1259 2467 1477 2520 Scripturis
1490 2473 1525 2504 et
1535 2466 1763 2516 traditione,
1781 2466 1847 2505 lib.
1858 2474 1902 2514 ιι,

215 2538 452 2578 techumenos
469 2567 480 2586 ‚
497 2553 538 2577 n.
559 2537 618 2577 13.
640 2537 678 2575 Si
693 2544 819 2575 tamen
837 2537 896 2573 hio
910 2549 1028 2574 sermo
1094 2548 1174 2586 cap.
1190 2533 1239 2583 6,
1259 2533 1319 2587 §4
1334 2547 1344 2572 ε
1358 2534 1438 2579 ubi,
1464 2533 1563 2570 Tota
1575 2562 1586 2582 ‚
1608 2535 1730 2586 inquit
1745 2562 1756 2581 ‚
1771 2545 1830 2570 res
1845 2532 1902 2569 vi·

216 2606 400 2657 genuinus
428 2611 480 2642 est
503 2603 544 2641 S.
569 2601 766 2654 Augustini
793 2602 918 2639 foetus.
947 2600 1027 2639 Cfr.
1095 2600 1205 2639 detur
1227 2602 1329 2637 inter
1346 2598 1566 2637 Sacerdotes
1592 2603 1807 2641 transacta,
1828 2610 1901 2649 po-

218 2670 419 2709 admonitio
455 2668 614 2705 Maurin.
646 2667 732 2705 edit.
761 2668 802 2703 in
830 2665 1030 2704 Sermones
1089 2665 1196 2718 pulis
1216 2666 1376 2702 interim
1402 2664 1449 2702 ab
1469 2664 1540 2703 hac
1560 2670 1665 2716 peste
1683 2663 1844 2712 intoqris
1867 2669 1902 2700 et

219 2734 266 2773 de
299 2731 463 2786 symbolo
497 2732 547 2770 ad
583 2730 881 2770 catechumenos.
921 2731 1034 2771 Auti-
1100 2732 1271 2769 intactis.
1299 2730 1404 2769 Nam
1418 2729 1568 2781 plebem
1595 2726 1738 2766 occulta
1765 2734 1800 2764 et
1820 2726 1903 2765 dis-

220 2803 388 2854 quissimi
404 2799 532 2837 saltem
551 2801 708 2837 auctoris
726 2806 793 2836 est.
1099 2798 1284 2835 simulata
1305 2795 1485 2847 impietas
1503 2792 1567 2831 nil
1596 2791 1755 2830 loedehat
1768 2821 1779 2840 ,
1795 2806 1905 2845 aper-

274 2868 326 2919 (2)
349 2866 575 2906 Commonit.
594 2879 671 2917 cap.
694 2864 847 2916 2‚apud
861 2863 1030 2903 Galland.
1067 2883 1072 2887 ’-
1098 2864 1175 2900 tior
1197 2870 1232 2900 et
1254 2860 1441 2899 audacior
1469 2858 1521 2896 ad
1544 2857 1789 2895 iracundiam
1814 2865 1905 2896 con-

220 2933 379 2972 Bibliot.
405 2931 573 2969 Patrum
597 2931 698 2969 min.
724 2938 817 2969 tom.
840 2945 877 2968 x.
1097 2928 1240 2965 citabat
1252 2944 1267 2973 ,·
1284 2925 1383 2979 quod
1405 2923 1538 2962 deinde
1550 2922 1719 2961 adductis
1734 2932 1904 2964 veterum

272 3000 327 3051 (3)
355 2997 556 3038 Divinitas
590 2995 638 3036 D.
665 2995 718 3033 N.
747 2994 777 3032 J
781 3025 789 3033 .
827 2994 872 3034 C.
903 2996 1030 3034 mani-
1097 2995 1310 3032 testimoniis
1329 2990 1552 3029 lucidissime
1573 2989 1748 3030 ostendit.
