2028 3354
278 209 405 239 PART.
448 210 479 239 1.
519 208 636 238 SEGT.
672 208 719 237 11.
756 208 852 238 GAP.
893 209 962 236 111.
1004 209 1056 236 DE
1092 208 1195 236 ΝΑΤ,
1237 208 1288 236 ET
1325 206 1423 236 JUR.
1464 206 1587 234 PRIM.
1669 188 1762 236 447

84 337 183 385 quae
230 321 430 385 aliquam
485 317 698 366 obtineat
745 319 1062 366 auctoritatem
1089 356 1101 378 7
1151 337 1254 382 nef).
1314 319 1496 365 Etenim
1544 318 1603 364 ad
1641 335 1758 366 rom.

83 397 328 444 Pontifices
370 394 493 460 quod
524 404 733 460 spectat,
781 396 890 442 satis
928 395 1003 442 hic
1041 395 1099 442 sit
1137 394 1275 443 verba
1312 394 1560 454 adducere,
1596 394 1764 459 quibus

84 475 189 521 Pius
223 475 309 533 Vl,
345 474 394 520 in
426 473 608 519 constit.
654 473 910 521 Auctorem
945 473 1061 535 fidei
1082 507 1101 529 ,
1136 472 1365 536 synodum
1407 472 1760 532 Pistoriensem,

82 566 184 615 quae
230 549 362 596 illam
399 550 757 599 declarationem
789 548 1090 614 adoptaverat
1111 583 1123 607 ‚
1163 547 1435 611 perstrinxit
1467 565 1478 594 τ
1523 549 1766 611 Quamob-

83 643 184 672 rem
221 643 323 689 quoe
355 636 466 675 acta
494 634 745 676 conventus
775 626 1051 679 Gallicani,
1082 639 1190 670 moa
1217 633 1272 668 ut
1293 625 1604 685 prodierunt,
1627 643 1762 688 pree-

14 739 17 741 .
84 702 290 749 decessor
335 712 492 750 noster
535 721 638 750 ven.
684 702 991 749 Innocentius
1033 700 1114 746 XI
1146 715 1240 762 per
1285 700 1469 746 litteras
1512 705 1565 746 in
1602 703 1768 762 for-ma

86 778 237 825 brevis
286 780 362 826 die
420 780 484 827 II
531 779 716 843 Aprilis
765 778 891 822 anni
928 774 1053 821 1682
1077 808 1095 830 ,
1133 782 1240 837 post
1285 782 1446 820 autem
1505 781 1772 837 expressius

85 854 361 901 Ateoeander
414 855 550 903 VIII
561 890 573 914 ‚
616 854 793 900 constit.
838 851 976 897 INTER
1005 867 1329 910 mummucm,
1372 851 1448 896 clie
1486 850 1515 897 4
1560 853 1775 915 Augusti

85 948 171 977 an.
201 930 324 978 1690
347 966 359 989 ‚
385 948 477 994 pro
506 929 748 993 apostolici
782 931 865 974 sui
905 930 1122 973 muneris
1165 929 1351 973 ratione
1385 928 1732 989 improbarunt
1758 965 1770 987 .,

86 1008 407 1065 resciderunt,
445 1006 651 1057 nullaet
685 1007 832 1049 irrita
870 1003 1185 1049 declararunt
1204 1038 1216 1062 ,
1249 1004 1396 1049 multo
1419 1004 1601 1065 fortius
1629 1007 1775 1068 eoeiyit

84 1102 115 1130 a
144 1084 281 1130 nobis
296 1082 553 1146 pastoralis
572 1079 838 1127 sollicitudo
866 1087 1094 1124 recentem
1117 1079 1290 1125 horum
1308 1081 1494 1140 factam
1527 1082 1582 1126 in
1601 1082 1775 1143 synodo

83 1168 147 1207 tot
173 1162 300 1205 vitiis
328 1158 541 1220 affectam
573 1156 871 1218 adoptionem
904 1157 1031 1201 velut
1048 1158 1390 1211 temerariam,
1416 1157 1771 1217 scandalosam,

83 1253 141 1282 ac
159 1235 424 1297 proesertim
441 1240 547 1294 post
568 1233 970 1295 praedecessorum
1001 1241 1273 1278 nostrorum
1296 1232 1480 1278 decreta
1513 1232 1628 1279 huic
1651 1250 1774 1297 apo-

82 1312 249 1358 stolicoe
270 1310 383 1356 Sedi
397 1325 691 1371 summopere
707 1309 996 1369 injuriosam
1010 1308 1264 1369 reprobare
1282 1324 1339 1354 ao
1355 1308 1612 1368 damnare,
1628 1317 1777 1372 prout

51 1422 55 1427 .
82 1404 182 1433 eam
209 1387 442 1448 proesenti
467 1385 555 1431 bac
587 1392 749 1430 nostra
786 1386 1114 1431 constitutione
1143 1384 1455 1446 reprobamus
1494 1392 1537 1429 et
1563 1386 1774 1433 damna·

83 1480 218 1517 mus,
247 1480 303 1507 ac
321 1479 412 1525 pro
444 1461 697 1524 reprobata
729 1468 772 1506 et
793 1461 1030 1506 damnata
1062 1460 1234 1505 haberi
1250 1461 1484 1507 volumus.
1511 1460 1647 1518 Quod
1664 1478 1775 1509 vero

81 1539 250 1585 attinet
287 1537 345 1584 ad
362 1528 577 1584 'auctores
608 1535 930 1583 declarationis
947 1573 960 1594 Ἰ
984 1536 1033 1581 in
1054 1536 1189 1601 epist.
1220 1534 1327 1582 data
1353 1553 1431 1582 an.
1459 1536 1581 1583 1693
1610 1537 1669 1584 ad
1695 1539 1775 1586 In·-

84 1615 351 1662 nocentium
384 1614 500 1659 XII:
529 1614 819 1676 Profitemur
838 1648 851 1671 a
888 1611 1126 1671 scribunt,
1164 1621 1208 1658 et
1241 1613 1544 1677 declaramus
1575 1630 1660 1661 nos
1704 1631 1775 1662 ve-

84 1691 322 1736 hementer
349 1690 539 1752 quidem
561 1724 577 1745 ,
605 1698 648 1735 et
673 1705 825 1753 supra
852 1689 908 1735 id
939 1689 1068 1751 quod
1090 1689 1192 1735 diei
1206 1696 1383 1752 potestq
1411 1706 1467 1735 em
1496 1694 1661 1736 animo
1690 1691 1775 1737 do-

83 1767 174 1812 lere
217 1766 272 1811 de
318 1766 461 1812 rebus
493 1767 636 1829 gestis
678 1768 733 1811 in
775 1767 981 1812 comitiis
1018 1766 1269 1827 praedictis
1302 1801 1313 1817 ,
1363 1782 1467 1827 quoe
1517 1767 1778 1814 Sanctitati

83 1851 243 1888 vestrae
291 1852 336 1888 et
378 1845 477 1889 suis
506 1843 926 1904 praedecessoribus
963 1842 1301 1904 displicuerint
1349 1858 1681 1906 summopere,·
1718 1860 1776 1891 ac

79 1920 287 1981 proinde
317 1919 558 1980 quidquid
588 1920 642 1964 in
664 1920 783 1981 ipsis
811 1921 1018 1964 comitiis
1040 1919 1171 1964 circa
1191 1919 1552 1965 ecclesiasticam
1570 1928 1774 1982 potesta-

87 2002 202 2048 tem,
229 2002 273 2039 et
292 1994 591 2055 pontificiam
625 1998 957 2041 auctoritatem
987 1994 1227 2040 decretum
1261 1999 1445 2041 censeri
1459 1998 1647 2058 potuit,
1679 2012 1774 2058 pro

87 2085 183 2115 non
213 2070 390 2115 decreto
418 2069 644 2116 habemus
690 2079 733 2116 et
760 2070 1033 2116 babendum
1064 2086 1155 2116 esse
1183 2070 1486 2117 declaramus
1507 2069 1593 2133 (l).
1619 2071 1775 2118 Ludo—

89 2144 214 2190 vicus
244 2146 344 2191 XIV
366 2144 542 2209 pariter
561 2146 829 2192 retractavit
859 2144 1062 2192 edictum
1081 2179 1098 2201 ,
1121 2162 1212 2211 quo
1236 2145 1595 2193 declarationem
1618 2147 1667 2193 in
1686 2165 1776 2211 pu-

90 2218 220 2265 blicis
247 2220 414 2268 scholis
438 2230 485 2269 et
505 2221 748 2268 academiis
771 2220 891 2268 tradi
916 2230 1197 2285 praeceperat
1216 2220 1307 2284 (2).
1350 2223 1550 2269 Demum
1573 2221 1647 2269 vel
1675 2224 1776 2288 ipse

90 2296 330 2344 Bossuetus
360 2315 458 2345 non
494 2299 592 2345 sine
621 2297 857 2344 stomacho
879 2315 890 2343 z
917 2296 1073 2343 Abeat
1095 2314 1200 2360 erqo
1217 2333 1230 2356 ‚
1264 2297 1532 2362 inquiebat,
1555 2300 1775 2346 declara-

91 2373 185 2430 tio,
220 2390 311 2434 quo
339 2375 538 2422 libuerit
562 2373 650 2437 (3).
682 2375 903 2432 Quaenam
944 2374 1082 2437 igitur
1117 2382 1326 2437 superest
1367 2372 1665 2421 declarationi
1709 2374 1775 2422 illi

93 2447 338 2494 auctoritas
356 2483 369 2508 ‚
399 2458 450 2496 ut
473 2454 579 2512 jure
599 2449 735 2512 obJ'ici
761 2448 944 2515 possit?

156 2523 265 2570 649.
306 2524 410 2586 Obj.
439 2535 620 2590 quarta.
654 2534 698 2572 10
731 2527 809 2573 Vel
831 2526 930 2592 ipsa
965 2527 1082 2573 ratio
1106 2535 1151 2573 et
1174 2543 1334 2574 sensus
1360 2536 1539 2576 naturae
1561 2544 1775 2575 commu-

147 2719 198 2770 (1)
230 2719 308 2758 Cfr.
327 2720 423 2771 apud
454 2718 565 2758 Card.
593 2719 686 2758 Litta
704 2750 714 2767 ‚
746 2733 809 2770 op.
832 2719 898 2759 cit.
967 2733 1052 2772 pag.
1069 2719 1176 2775 6373
1199 2721 1391 2769 zaccaria,
1420 2725 1461 2761 in
1484 2723 1776 2774 Antisebbronio

92 2782 261 2830 Lettere,
285 2793 354 2824 etc.
388 2785 465 2824 lett.
498 2782 524 2834 4
538 2814 549 2832 ,
573 2797 656 2836 pag.
685 2783 735 2834 24
757 2792 793 2822 et
820 2798 899 2837 seq.
967 2794 1100 2825 tom.11
1114 2816 1124 2833 ,
1148 2787 1237 2825 diss.
1261 2800 1305 2830 2,
1323 2801 1403 2838 cap.
1424 2800 1486 2833 ιο,
1501 2803 1541 2826 n.
1562 2787 1637 2827 8et
1650 2803 1775 2842 seqq.;

149 2850 201 2901 (2)
233 2851 329 2889 Ibid.
357 2865 442 2903 pag.
469 2863 536 2890 21.
967 2864 1035 2889 nec
1057 2865 1132 2891 non
1153 2851 1209 2891 De
1231 2851 1399 2900 Minime,
1424 2851 1479 2891 Dc
1494 2852 1657 2904 l'quise
1680 2853 1775 2892 Gal-

148 2915 202 2967 (3)
234 2916 330 2956 ibid.
357 2931 393 2969 p.
423 2929 501 2967 2²3
526 2917 592 2955 cfr.
619 2916 666 2955 de
682 2916 751 2954 hac
765 2915 904 2954 Decla-
967 2914 1118 2965 licam,
1142 2916 1211 2956 lib.
1239 2930 1291 2964 n,
1316 2917 1379 2955 ch.
1406 2918 1429 2956 3
1449 2925 1486 2956 et
1504 2920 1597 2957 suiv.

93 2982 240 3020 ratione
266 2980 310 3020 P.
339 2981 492 3021 Bianchi
510 3012 520 3030 ‚
548 2995 634 3033 opp.
655 2982 716 3019 cit.
737 2988 827 3019 tom.
848 2994 873 3019 n
890 3010 901 3028 ‚
