2028 3354
223 178 320 227 342
690 194 843 225 ruer.
879 196 934 223 DE
971 197 1088 225 iocus
1123 196 1421 227 rnnoiocxcm.

289 310 399 357 505.
436 308 607 367 Quinta
639 307 793 354 classis
819 308 1114 372 componitur
1139 326 1197 356 ex
1217 309 1271 356 iis
1288 346 1301 370 ‚
1346 311 1424 375 qui
1452 308 1663 356 absolute
1702 310 1838 355 Petro
1862 324 1916 355 ea-

226 385 441 433 tribuunt
486 383 692 448 epitheta
709 419 722 442 ,
776 400 879 448 quae
926 383 1113 430 nonnisi
1161 401 1373 449 suprema
1415 385 1688 433 auctoritate
1720 383 1917 449 praedito

225 467 487 525 competere
513 469 710 524 possunt
726 495 737 517 a
759 461 825 506 uti
845 478 950 507 cum
973 468 1140 507 vocant
1159 461 1349 508 Petrum
1376 467 1554 526 Caput,
1584 462 1916 525 Apostolorum

219 540 493 600 principem
506 574 519 591 ,
551 537 883 599 Apostolorum
904 539 1123 582 verticem
1144 573 1157 591 ‚
1179 545 1224 583 et
1242 553 1289 583 os
1317 540 1643 599 Apostolorum
1658 572 1675 594 ,
1694 540 1922 600 primum

224 615 403 660 mundi
415 614 674 676 praesidem
694 628 710 667 ;
742 612 898 677 quales
938 613 1062 659 inter
1104 621 1281 659 ceteros
1322 622 1432 659 sunt
1460 601 1768 677 Hieronymus
1814 612 1916 676 (1),

226 689 426 736 Hilarius
455 690 527 751 (2)
542 725 555 745 ,
582 688 935 752 Chrysostomus
956 687 1055 751 (3),
1080 689 1169 735 Leo
1190 689 1250 735 M.
1280 687 1349 750 (4)
1364 723 1380 744 ,
1402 686 1569 753 aliique
1587 690 1787 753 passim3
1818 704 1925 735 cum

227 783 336 814 eum
366 764 528 811 dicunt
549 769 822 828 primatum
849 782 994 828 super
1021 765 1281 827 discipulos
1308 765 1531 811 habuisse
1543 798 1558 820 ,
1590 774 1728 829 atque
1748 772 1926 827 aposto-

226 844 662 905 latrzsprzfflatum,
693 849 744 887 ut
770 841 1048 903 Augustinus
1074 841 1143 903 (5)
1161 860 1173 897 z,
1192 857 1298 886 cum
1334 857 1441 887 eum
1476 839 1717 904 appellant
1736 849 1927 902 petram

229 919 481 973 Ecclesioe,
510 927 704 980 petram
732 917 1099 980 infranyibilom
1114 952 1127 977 ,
1140 917 1518 978 fundamentum
1541 952 1552 975 7
1584 924 1771 978 petram
1786 916 1904 977 fidei
1915 951 1928 967 ,

227 1003 279 1040 ut
313 990 557 1058 Origenes,
606 992 959 1056 Chrysostomus
982 1028 994 1050 ἦ
1033 1001 1121 1038 etc.
1161 992 1257 1055 (6);
1297 1009 1402 1039 cum
1428 994 1617 1039 Petrum
1656 999 1932 1055 nuncupant

227 1070 604 1116 clavicularium
640 1072 889 1122 coelorum,
927 1067 1001 1114 vel
1035 1069 1312 1131 clavi-qerztn
1327 1102 1344 1124 ,
1392 1069 1496 1114 coeli
1513 1071 1801 1130 janitorem,
1829 1067 1934 1113 cla-

230 1165 330 1194 vem
365 1148 432 1193 ad
462 1163 666 1210 reglau-m
686 1180 702 1202 ,
740 1155 826 1193 etc.
853 1146 938 1208 (7).

296 1223 407 1270 506.
431 1224 565 1270 Sexta
586 1221 739 1269 classis
760 1215 990 1270 conflatur
1008 1239 1062 1269 ex
1074 1221 1162 1287 illis
1186 1220 1423 1281 Patribus,
1446 1221 1525 1286 qui
1538 1222 1728 1268 Petrum
1749 1236 1935 1286 semper

229 1300 282 1346 in
320 1298 428 1347 sede
461 1316 540 1346 sua
586 1299 744 1346 vivere
775 1308 822 1345 et
858 1316 1021 1346 omnes
1056 1298 1301 1346 veritatem
1329 1306 1586 1361 quaerentes
1625 1297 1788 1344 docere
1810 1332 1822 1355 a
1854 1296 1935 1360 qui

234 1378 424 1423 Petrum
450 1392 534 1440 per
553 1376 754 1421 Leonem
772 1411 784 1433 ,Ι
812 1376 843 1420 A
851 1375 1100 1437 gathonem
1116 1408 1128 1431 ,
1150 1372 1319 1420 aliosve
1350 1373 1595 1419 Pontifices
1614 1373 1824 1419 locutum
1838 1388 1937 1419 esse

233 1451 470 1499 affirmant
489 1487 501 1510 ·,
538 1460 591 1496 ut
619 1452 666 1499 S.
700 1452 864 1497 Petrus
896 1449 1202 1514 Chrysologus
1225 1448 1321 1511 (8),
1353 1450 1511 1495 Patres
1532 1447 1722 1495 Concilii
1743 1446 1937 1494 Chalce-

234 1527 452 1574 donensis
484 1526 556 1589 (9)
596 1535 642 1572 et
684 1527 842 1573 Patres
879 1524 1070 1572 Concilii
1104 1525 1377 1572 oecumenici
1421 1525 1478 1571 VI
1507 1523 1638 1588 (10),
1671 1539 1771 1587 quae
1794 1522 1937 1569 fusius

236 1620 318 1650 suo
338 1603 440 1649 loco
468 1601 805 1669 expendemus.
998 1589 1001 1593 ’

301 1678 415 1726 507.
454 1680 659 1743 Septima
679 1677 871 1725 demum
894 1677 1022 1726 exiis
1051 1676 1309 1737 conficitur,
1330 1676 1405 1741 qui
1433 1674 1665 1723 extollunt
1680 1676 1939 1722 Romanam

237 1875 349 1913 Paris.
388 1872 514 1927 1572,
543 1886 624 1925 pag.
653 1872 755 1924 354,
796 1875 869 1913 col.
911 1887 959 1920 2,
985 1873 1050 1912 ubi

238 1941 317 1978 haec
346 1940 520 1991 leguntur
545 1953 555 1977 :
586 1940 700 1978 Petro
718 1953 804 1977 cum
829 1953 978 1977 surmna
995 1953 1053 1977 re-

1173 1874 1224 1925 (6)
1267 1872 1342 1911 Cfr.
1381 1873 1606 1924 Theophilus
1624 1872 1876 1925 Raynaudus‚
1902 1874 1943 1911 in

1120 1952 1181 1986 op.
1219 1940 1278 1976 cit.
1325 1938 1476 1976 Corona
1511 1951 1628 1975 aurea
1677 1951 1793 1990 svper
1826 1944 1944 1990 caput

240 2018 328 2043 rum
360 2004 404 2042 de
426 2004 629 2057 pascendis
651 2004 783 2042 ovibus
813 2006 1026 2043 traderetur
1041 2035 1051 2052 ‚
1119 2019 1214 2043 rom.
1233 2002 1440 2054 Pontificio
1458 2034 1468 2051 ‚
1489 2019 1579 2056 opp.
1601 2013 1690 2043 tom.
1707 2018 1747 2053 x,
1769 2019 1849 2056 pag.
1865 2017 1935 2055 90,

237 2078 274 2109 et
303 2083 420 2123 super
453 2073 582 2123 ipsam
626 2071 727 2108 velut
761 2084 876 2123 super
914 2079 1053 2109 terram.

239 2139 252 2186 (
279 2137 370 2174 forte
402 2138 564 2188 petram)
588 2137 824 2188 fundaretur
854 2135 1053 2184 Ecclesia,

239 2200 388 2239 nullius
421 2200 607 2253 confess-io
642 2202 797 2238 virtutis
829 2201 988 2240 alterius
1010 2201 1059 2239 ab

242 2281 283 2305 eo
303 2268 390 2304 m'si
411 2267 582 2305 charitas
602 2267 784 2317 eaeiyitur.

297 2333 351 2382 (1)
372 2331 485 2371 Tom.
498 2345 526 2369 u
543 2362 553 2379 ,
568 2346 652 2384 pag.
675 2344 754 2383 279
772 2362 781 2378 ,
797 2332 885 2370 edit.
900 2331 1056 2372 vallars.

300 2398 349 2448 (Ξ)
380 2397 481 2437 Edit.
508 2397 646 2436 Veron.
676 2406 765 2435 tom.
795 2410 831 2445 ι,
860 2395 931 2435 col.
964 2396 1057 2451 749,

243 2477 288 2502 n.
322 2476 362 2512 7.

302 2524 354 2578 (33)
386 2527 486 2565 Edit.
507 2527 626 2566 Maur.
645 2535 737 2565 tom.
766 2540 815 2564 vn
833 2556 844 2573 ‚
866 2542 947 2578 pag.
965 2526 1060 2581 549.

297 2592 349 2642 (lt)
381 2592 486 2630 Locis
506 2594 582 2631 citt.
610 2592 675 2630 His
701 2592 794 2629 adde
817 2591 1060 2643 Cassianum,

246 2660 335 2698 edit.
372 2660 434 2697 cit.
464 2673 547 2710 pag.
572 2657 683 2711 9363
721 2659 1060 2710 Tlxeophylactum‚

243 2725 317 2763 loc.
337 2727 402 2762 cit.
428 2733 464 2762 et
488 2733 572 2762 ante
598 2724 664 2761 lios
689 2724 729 2763 S.
753 2724 862 2776 Greg.
885 2725 1062 2764 Nazianz.

247 2793 311 2843 qui
328 2793 366 2828 in
391 2789 572 2827 Carmine
587 2790 676 2828 vitae
690 2803 768 2827 snoe
789 2799 893 2828 vocat
914 2790 1062 2830 Petrum

255 2855 440 2895 Universa·
451 2855 671 2907 proesidem.

304 2921 354 2972 (5)
383 2919 572 2959 Enarrat.
595 2921 653 2958 in.
674 2921 745 2958 Pe.
763 2933 869 2969 cvm,
894 2936 934 2959 n.
963 2934 978 2960 1
993 2950 1005 2972 ,
1028 2930 1065 2960 et

257 2987 390 3025 Tract.
414 3000 522 3025 cxxiv
545 2987 589 3024 in
601 2987 712 3024 Joan.
737 2999 775 3023 n.
797 2983 822 3024 5
837 3016 847 3035 ‚
876 2986 947 3026 col.
966 2985 1061 3025 822.

1121 2084 1167 2124 91
1195 2080 1230 2109 et
1241 2085 1345 2123 seqq.
1369 2071 1434 2108 ubi
1450 2073 1646 2108 innumera
1663 2082 1776 2121 prope
1791 2069 1943 2109 Pati-um

1123 2145 1158 2175 et
1195 2139 1414 2188 scriptorum
1462 2135 1693 2174 ecclesiastic.
1733 2136 1944 2174 testimonia

1123 2204 1306 2253 congessit
1338 2202 1383 2239 de
1417 2199 1602 2252 ejusmodi
1631 2199 1771 2246 titulis,
1807 2201 1944 2253 quibus

1124 2267 1163 2306 S.
1185 2268 1279 2306 Petri
1301 2267 1490 2319 privilegia
1508 2267 1648 2304 ratione
1671 2267 1785 2316 ipsius
1803 2267 1944 2317 prima·

1125 2341 1186 2371 tus
1228 2332 1465 2371 celebrantur
1487 2361 1497 2380 ‚
1540 2331 1586 2370 de
1634 2331 1772 2383 quibus
1810 2333 1944 2370 iterum

1125 2399 1239 2450 paulo
1260 2405 1351 2449 post.

1180 2464 1234 2515 (7)
1266 2463 1362 2501 lbid.
1387 2475 1475 2515 pag.
1504 2461 1571 2502 23.
1588 2461 1666 2500 cfr.
1701 2462 1811 2500 etiam
1828 2460 1947 2498 Bene-

1127 2530 1216 2567 dict.
1242 2527 1476 2567 Justinianus
1493 2558 1504 2575 ‚
1536 2541 1598 2579 op.
1625 2528 1690 2565 cit.
1728 2525 1869 2576 Prolog.
1887 2522 1946 2563 De

1129 2594 1377 2647 Apostolatu‚
1403 2593 1497 2645 disp.
1527 2602 1563 2640 i,
1585 2606 1666 2644 cap.
1696 2604 1758 2629 10.

1185 2659 1236 2710 (8)
1268 2660 1311 2698 In
1341 2658 1471 2711 Epist.
1485 2658 1542 2697 acl
1571 2655 1790 2708 Eutychen.
1812 2683 1823 2701 ‚
1852 2655 1947 2693 inter

1130 2727 1235 2778 epist.
1257 2725 1297 2764 S.
1327 2725 1459 2764 Leonis
1477 2755 1487 2772 ‚
1530 2725 1615 2764 edit.
1647 2721 1817 2760 Ballerin.
1847 2736 1944 2771 xxv,

1131 2805 1212 2843 cap.
1230 2804 1268 2839 2,
1297 2791 1368 2830 col.
1395 2804 1491 2843 779.

1188 2856 1241 2906 (9)
1286 2856 1373 2894 Aet.
1421 2855 1536 2893 Cone.
1587 2851 1703 2890 Hard.
1741 2859 1833 2891 tom.
1875 2865 1905 2889 11
1930 2879 1945 2897 ,

1132 2919 1203 2959 col.
1234 2920 1328 2960 306.

1188 2986 1268 3036 (10)
1298 2984 1394 3024 Ibid.
1422 2992 1510 3023 tom.
1541 2995 1583 3021 m
1601 3011 1614 3029 ,
1636 2982 1708 3022 col.
1736 2980 1849 3032 1423.
