2028 3354
267 192 361 240 366

779 214 940 244 TRAGT.
974 215 1031 246 DE
1064 218 1183 249 LOCIS
1220 220 1516 252 THEOLOGmlS.

264 330 498 389 crzyinem
527 325 790 372 institueret
828 336 874 373 et
908 345 1051 374 unam
1080 330 1345 393 Ecclesiam,
1375 336 1443 382 uti
1476 337 1731 401 Cyprianus
1760 340 1854 400 (1>;
1875 339 1951 386 alii

264 404 381 449 hono
397 403 602 447 unitatis
619 402 678 448 B.
707 403 908 450 Petram
934 405 1172 467 Apostolus
1200 412 1422 458 omnibus
1441 416 1677 476 praeferri
1695 417 1950 472 meruisse,

263 478 330 522 uti
350 478 547 541 Optatus
569 476 664 540 (⁵203
694 478 770 525 alii
800 488 856 526 vt
880 484 1119 529 unitatem
1146 485 1381 545 fundaret
1405 506 1461 534 ea·
1489 507 1612 544 unc,
1643 499 1693 537 ut
1723 493 1768 538 S.
1803 493 1955 539 Pacia-

261 571 348 599 nus
379 551 472 617 (3);
501 553 576 600 alii
611 564 662 600 ut
696 555 925 603 inferrent
946 593 958 615 ‚
984 557 1048 604 ibi
1088 576 1187 606 esse
1212 561 1476 610 Ecclesiam
1494 600 1506 623 .,
1533 567 1622 612 ubi
1657 576 1724 613 est
1749 568 1924 614 Petrus
1935 603 1951 625 ,

257 629 326 675 uti
350 630 395 676 S.
423 629 691 677 Ambrosius
720 631 818 704 (ὣς
852 631 928 679 alii
961 643 1012 680 ut
1044 635 1094 681 in
1114 652 1210 682 ano
1233 637 1375 684 Petro
1398 642 1635 700 for-maret
1655 644 1921 690 Ecclesiam
1940 678 1951 697 ,

257 707 651 771 quemadmodum
672 709 717 754 S.
745 709 1028 773 Augustinus
1052 711 1149 776 (5);
1175 721 1314 778 atque
1338 714 1404 760 uti
1424 716 1650 764 unitatem
1671 720 1952 783 significaret

313 860 365 912 (l)
397 860 513 910 Epist.
551 874 582 897 u
623 870 657 899 et
698 863 804 912 epist.
842 875 907 901 Lxx
932 876 943 912 3
987 864 1075 901 item

256 927 296 963 in
329 926 393 964 lib.
431 925 483 964 De
519 927 670 964 unitate
704 915 854 966 Eccles.
889 928 977 967 edit.
1009 930 1073 967 cit.

256 1005 340 1043 pag.
368 991 441 1044 ¹95
456 1022 466 1039 ‚
491 1001 535 1047 etv
552 992 640 1029 alibi
661 993 814 1043 passim.

313 1057 366 1107 (2)
397 1056 502 1094 Ado.
527 1055 718 1094 Parmen.
746 1056 840 1095 edit.
879 1056 1074 1109 Albaspin.

258 1123 329 1161 lib.
358 1135 433 1168 vn,
461 1135 547 1174 pag.
581 1135 651 1174 107
672 1152 681 1169 ‚
710 1125 774 1173 qui
802 1130 976 1173 praeterea
999 1127 1073 1175 jam

258 1190 482 1241 praemiserat
497 1214 509 1236 ,
532 1187 600 1224 lib.
617 1198 643 1224 11
662 1217 671 1233 ‚
698 1202 784 1238 pag.
813 1187 865 1237 48
888 1202 897 1225 :
925 1189 1074 1238 Neqare

258 1268 337 1293 non
352 1261 461 1307 potes
476 1283 487 1302 ‚
509 1254 606 1292 scire
621 1254 665 1290 in
677 1261 709 1291 te
723 1253 813 1290 urbe
827 1254 947 1291 Roma
961 1253 1073 1293 Petro

251 1323 384 1374 primo
409 1319 624 1358 cathedram
639 1318 894 1371 episcopalem
914 1333 992 1358 esse
1003 1320 1074 1359 col·

259 1385 375 1424 latam
391 1416 401 1434 ‚
416 1387 462 1423 in
473 1399 548 1436 qua
562 1385 698 1423 sederit
710 1386 885 1423 omnium
901 1385 940 1423 A
943 1394 1072 1437 posto-

258 1451 381 1489 lorum
405 1452 531 1503 Caput
549 1449 686 1488 Petras
701 1480 711 1495 ‚
742 1450 845 1488 unde
868 1458 902 1488 et
924 1450 1073 1503 Cepha-s

259 1518 468 1571 appellat-as
508 1525 561 1556 est
585 1534 599 1563 ;
640 1519 685 1554 in
724 1531 800 1568 qua
832 1531 911 1555 una
941 1517 1067 1557 cathe-

261 1585 332 1623 dra
350 1586 480 1622 unitas
502 1583 549 1622 ab
567 1583 743 1622 omnibus
765 1591 979 1621 servaretur
990 1613 1003 1633 ,
1025 1598 1072 1622 ‘ne

261 1652 376 1690 ceteri
413 1648 586 1703 Apostoli
624 1648 798 1699 singulas
850 1649 926 1686 sibi
968 1651 1072 1700 qais-

259 1730 331 1768 que
350 1714 614 1767 defenderent;
650 1721 693 1752 ut
704 1715 790 1766 jam
806 1715 1071 1753 schismaticus

261 1791 296 1821 et
299 1788 483 1835 peccator
491 1789 598 1829 esset,
611 1783 679 1831 qai
692 1786 822 1819 contra
836 1780 1071 1832 sinqularem

259 1849 479 1887 cathedram
510 1847 669 1885 alteram
705 1845 918 1886 collocaret.
965 1845 1069 1898 Erqo

258 1914 439 1952 cathedra
472 1926 550 1951 una
582 1919 658 1961 est,
681 1926 765 1963 quoe
787 1919 841 1950 est
868 1914 998 1963 prima
1023 1913 1069 1950 de

257 1979 407 2018 dotibus
423 2007 435 2027 ‚
456 1987 529 2018 etc.
548 1978 658 2016 Haud
680 1980 809 2029 ignoro
826 2005 839 2026 ‚
868 1977 1069 2016 nonnullos

258 2053 501 2097 protestantes
515 2073 527 2093 ‚
544 2058 637 2095 quos
659 2046 755 2081 inter
771 2044 951 2095 praecipue
962 2043 1067 2081 Chit-

204 2103 212 2109 ’
257 2112 451 2165 lingworth
465 2142 475 2160 ‚
501 2126 544 2150 ac
554 2111 742 2150 aetateaehac
756 2120 877 2149 nostra
896 2108 1067 2162 ejusdem

256 2181 405 2230 vestigia
437 2192 608 2231 premens
648 2180 814 2216 minister
852 2179 1066 2231 anglicanus

258 2244 308 2283 D.
338 2245 472 2292 Poole,
513 2244 557 2283 ad
583 2244 790 2282 elidendam
826 2244 939 2294 hujus
970 2246 1069 2282 testi-

259 2312 375 2348 monii
409 2311 483 2349 vim
498 2340 508 2357 ‚
545 2309 769 2348 contendere
784 2339 794 2356 ‚
821 2307 1003 2361 quidquid
1024 2323 1066 2348 eo

257 2377 298 2412 in
319 2376 399 2412 loco
418 2376 463 2414 de
490 2389 642 2413 romana
675 2372 786 2414 Petri
810 2374 986 2412 cathedra
1012 2384 1067 2413 at-

259 2454 331 2491 que
345 2442 493 2478 unitate
511 2442 695 2492 scripserit
707 2439 861 2490 Optatus
874 2469 886 2488 ,
903 2454 978 2477 non
993 2440 1064 2478 Ec-

256 2504 407 2543 clesiam
432 2507 642 2544 universam
668 2512 851 2555 spectare,
886 2505 948 2543 sed
972 2506 1064 2544 illud

255 2568 453 2607 dumtaxat
485 2571 668 2621 peculiare
698 2569 854 2607 schisma
889 2569 1017 2609 Romae
1043 2585 1064 2609 a

255 2634 458 2673 Donatistis
470 2636 783 2682 excitatum‚dum
797 2635 908 2674 alium
924 2624 1063 2675 ibidem

255 2702 425 2739 factionis
444 2714 516 2738 suae
540 2704 750 2752 episcopum
770 2730 780 2748 ,
807 2700 1035 2740 Macrobium
1050 2731 1062 2752 ,

254 2765 489 2805 collocaram.
528 2765 600 2804 Sed
639 2768 749 2804 nimis
791 2766 829 2803 id
862 2782 882 2805 a
913 2769 1065 2806 veritate

253 2830 440 2870 abhorret.
478 2831 624 2869 Etenim
659 2830 811 2882 Optatus
843 2839 881 2869 1⁰
902 2833 1063 2886 loquitur

253 2897 424 2935 adversus
435 2897 646 2935 Donatistas
659 2896 705 2934 de
717 2898 813 2934 notis
825 2925 835 2943 ,
849 2898 984 2949 quibus
1001 2912 1061 2937 ca-

255 2965 387 3003 tholica
402 2979 446 3003 ac
467 2978 549 3003 vera
567 2964 700 3003 Christi
715 2962 875 3001 Ecclesia
900 2965 1069 3003 discerni

252 3039 394 3082 posset,
421 3043 465 3069 ac
491 3032 608 3082 primo
631 3029 728 3068 inter
742 3028 823 3068 illas
839 3029 1056 3069 cathedram

1142 873 1318 904 recenset.
1348 865 1403 904 De
1426 880 1467 904 ea
1495 868 1607 919 igitur
1642 869 1809 908 cathedra
1831 884 1950 909 sermo

1142 937 1245 975 erat,
1277 943 1360 982 quae
1384 939 1497 970 totam
1529 941 1707 983 spectaret
1732 933 1948 975 Ecclesiam.

1143 1000 1184 1031 2⁰
1205 994 1386 1047 Loquitur
1413 997 1459 1034 de
1478 996 1572 1035 Sede
1596 1012 1750 1037 romana
1772 1007 1950 1052 tanquam

1140 1061 1257 1098 unica
1297 1070 1332 1100 et
1364 1063 1555 1113 sinqalari
1587 1065 1697 1103 relate
1725 1067 1771 1104 ad
1795 1075 1953 1105 caeteras

1140 1125 1242 1164 sedes
1259 1155 1269 1172 ‚
1292 1126 1338 1164 ab
1357 1126 1447 1164 aliis
1461 1128 1654 1179 Apostolis
1677 1140 1812 1169 erectas
1832 1162 1840 1177 ‚
1864 1133 1951 1169 nul-

1141 1190 1290 1244 lamque
1305 1223 1315 1239 ,
1337 1193 1420 1230 licet
1443 1193 1687 1245 apostolicam
1700 1225 1709 1242 ‚
1723 1196 1895 1235 adversus
1911 1199 1949 1235 il-

1139 1254 1214 1293 lam
1235 1259 1313 1294 sine
1333 1257 1535 1296 schismatis
1549 1268 1634 1297 nota
1656 1272 1827 1310 exurgere
1847 1276 1949 1312 posse

1138 1321 1309 1360 affirmat.
1334 1322 1388 1360 De
1416 1337 1458 1360 eo
1485 1324 1596 1374 igitur
1622 1326 1772 1362 unitatis
1804 1325 1949 1365 disserit

1139 1395 1262 1424 centro
1280 1417 1288 1432 ‚
1305 1389 1343 1424 in
1360 1388 1461 1439 quod
1474 1395 1610 1426 caeterae
1624 1389 1733 1427 simul
1746 1394 1944 1430 convenire

1138 1451 1315 1490 deberent
1337 1451 1520 1491 Ecclesiae.
1546 1452 1587 1490 3⁰
1611 1454 1789 1506 Loquitur
1812 1456 1857 1493 de
1879 1470 1942 1494 ca-

1137 1516 1264 1554 thedra
1283 1517 1344 1555 illa
1368 1516 1465 1555 Petri
1483 1547 1492 1564 ,
1506 1531 1577 1568 per
1599 1532 1713 1569 quam
1738 1532 1858 1557 unam
1874 1534 1945 1559 cae-

1136 1588 1218 1619 terae
1244 1581 1412 1620 Ecclesiae
1431 1590 1526 1620 notae
1553 1585 1664 1620 simul
1682 1585 1944 1635 probarentur.

1136 1646 1271 1685 Subdit
1289 1650 1389 1686 enim
1415 1663 1428 1685 .·
1460 1648 1517 1685 Et
1534 1662 1608 1701 per
1624 1649 1845 1688 cathedram
1869 1650 1945 1691 Pe-

1137 1714 1204 1760 tri,
1228 1726 1312 1764 quoe
1325 1720 1455 1751 nostra
1466 1718 1522 1751 est
1533 1744 1543 1757 ,
1558 1728 1632 1766 per
1651 1718 1775 1767 ipsam
1789 1722 1826 1754 et
1839 1725 1945 1755 σωτε-

1134 1791 1199 1816 ras
1211 1779 1311 1817 dotes
1323 1778 1428 1830 apud
1441 1792 1509 1817 nos
1520 1792 1599 1817 esse
1616 1808 1627 1830 ‚
1647 1793 1729 1832 cap.
1753 1794 1779 1834 9
1790 1811 1800 1829 ‚
1821 1796 1859 1833 p.
1874 1781 1941 1833 38,

1135 1843 1225 1882 edit.
1250 1843 1390 1895 Dupiu.
1408 1843 1529 1895 Optati
1550 1853 1711 1884 mentem
1727 1846 1842 1884 solide
1860 1850 1942 1885 vin-

1135 1909 1284 1956 dicavit,
1306 1910 1475 1947 adversus
1489 1910 1615 1957 Poole,
1642 1913 1803 1963 egregius
1828 1911 1872 1951 F.
1894 1911 1943 1952 C.

1136 1973 1353 2013 Husenbeth
1367 2004 1377 2022 ‚
1395 1973 1596 2014 catholicus
1617 1977 1779 2015 sacerdos
1807 1977 1942 2030 anglus

1128 2041 1172 2095 ¹in
1186 2054 1293 2092 opere
1312 2041 1369 2079 St.
1398 2040 1571 2092 Cyprian
1592 2041 1815 2079 vindicated
1823 2069 1837 2090 ‚
1868 2050 1940 2082 etc.

1133 2120 1197 2144 seu
1213 2105 1256 2144 S.
1280 2105 1503 2158 Cyprianus
1523 2106 1744 2144 vindicatas
1757 2107 1940 2146 adversus

1132 2171 1318 2223 quasdam
1347 2171 1532 2209 doctrinm
1565 2172 1647 2223 ejas
1676 2173 1939 2223 perversioaes

1127 2237 1252 2288 factas
1270 2239 1313 2274 in
1333 2235 1428 2275 libro
1442 2249 1518 2275 rev.
1543 2236 1593 2275 G.
1613 2234 1665 2275 A.
1683 2234 1796 2275 Poole
1811 2267 1821 2285 ‚
1844 2237 1938 2275 Nor-

1131 2303 1223 2340 wich
1251 2301 1352 2355 1839
1369 2330 1381 2352 ‚
1409 2317 1445 2354 p.
1464 2300 1518 2352 64
1540 2310 1576 2341 et
1594 2317 1700 2355 seqq.
1721 2303 1800 2342 Cfr.
1825 2305 1937 2342 etiam
1991 2354 1994 2357 ἱ

1131 2367 1286 2407 Dublin’
1319 2368 1469 2406 Review
1488 2398 1498 2416 ‚
1534 2367 1683 2419 August.
1726 2365 1830 2422 1839
1850 2396 1863 2413 ,
1897 2370 1937 2405 in

1129 2435 1300 2486 praeclaro
1332 2434 1486 2472 articulo
1515 2434 1689 2472 adversus
1711 2429 1935 2472 oxonienses

1128 2502 1265 2538 inserto
1302 2530 1313 2547 ‚
1361 2502 1467 2553 cujus
1503 2507 1630 2538 auctor
1672 2507 1726 2538 est
1763 2498 1933 2537 Nicotaus

1129 2566 1323 2606 Wiseman
1348 2596 1359 2612 ‚
1391 2566 1438 2606 R.
1470 2566 1672 2618 Episcopus
1713 2565 1895 2615 Mellipot.
1916 2595 1927 2613 ‚

1131 2644 1301 2673 strenuus
1316 2636 1366 2672 rei
1382 2633 1566 2672 catholicae
1587 2639 1830 2684 propugnator
1840 2658 1851 2669 .

1187 2700 1242 2751 (3)
1269 2699 1400 2752 Epist.
1417 2713 1475 2747 lu,
1497 2699 1550 2738 ad
1568 2696 1774 2750 Sympron.
1793 2699 1831 2734 in
1857 2697 1930 2734 Bi-

1129 2766 1260 2805 blioth.
1284 2763 1465 2804 Petram.
1489 2764 1624 2811 Colon,
1645 2761 1789 2814 Agripp.
1812 2760 1929 2811 1618,

1129 2840 1223 2871 tom.
1254 2845 1316 2879 iv,
1337 2845 1421 2883 pag.
1449 2829 1525 2887 241
1542 2859 1553 2876 ‚
1574 2828 1646 2866 col·
1673 2840 1703 2864 ι.

1181 2895 1236 2947 (14)
1266 2896 1321 2934 In
1337 2894 1485 2934 Psalm.
1506 2906 1549 2931 xi.
1568 2922 1579 2941 ,
1600 2908 1640 2932 n.
1658 2894 1709 2932 30
1723 2923 1734 2941 ‚
1749 2893 1821 2931 col.
1834 2891 1933 2945 879.

1180 2961 1234 3012 (ὅ)
1265 2962 1389 3001 Serm‚
1402 2971 1564 3007 cxxxvn,
1584 2958 1648 2997 De
1661 2959 1785 2998 verbis
1797 2970 1933 3009 evanq.

1123 3027 1242 3067 Joan.
1264 3042 1306 3070 n.
1329 3027 1353 3066 3
1369 3056 1381 3076 ,
1406 3034 1498 3066 tom.
1522 3040 1561 3075 v,
1580 3027 1647 3066 col.
1662 3024 1757 3076 664.
