2028 3354
489 212 619 242 mnr-
657 212 693 241 1.
728 212 826 242 car.
862 212 934 241 111.
969 213 1024 242 mi
1059 211 1275 244 eccznslffi
1308 214 1453 244 noris.
1716 198 1809 245 211

131 327 399 375 diernorum
426 334 663 393 pastorum
696 325 855 385 dictis:,
897 343 983 374 nec
1011 326 1146 375 aliter
1179 328 1270 376 dici
1301 337 1456 394 potest
1488 338 1596 394 post
1624 339 1811 378 tantum

130 405 351 469 temporis
386 403 686 452 intervallum
714 402 773 450 ab
803 402 1129 468 Apostolorum
1162 413 1314 452 aetate.
1343 405 1460 451 Cum
1490 421 1602 453 vero
1623 406 1814 471 Aposto-

130 479 282 527 lorum
328 480 497 544 scripta
537 479 754 527 omnibus
790 479 1016 543 pateant,
1053 480 1144 526 illae
1183 480 1422 527 societates
1455 480 1662 529 dicendae
1703 491 1814 529 sunt

130 555 416 621 apostolicae,
460 573 594 620 quas,
628 573 683 602 ex
712 554 954 601 collatione
986 554 1205 601 doctrinae
1234 572 1343 601 cum
1378 554 1588 603 doctrina
1617 559 1815 622 Aposto-

130 631 280 677 lorum
320 632 579 677 constiterit
608 631 839 693 integrum
881 646 1143 692 purumque
1174 630 1257 675 Dei
1289 628 1487 677 verbum
1517 648 1817 694 conservare,

128 715 268 772 prout
309 706 367 753 de
398 705 759 771 protestantibus
795 702 1049 767 ceterisque
1086 702 1322 761 Ecclesiis‚
1369 721 1473 768 quae
1512 706 1754 756 inductam
1791 728 1818 757 a

127 800 321 830 romana
361 782 557 829 Ecclesia
609 779 951 843 corruptionem
1003 777 1323 838 sustulerunt,
1375 778 1579 827 dubitari
1633 785 1812 849 nequit.

128 859 182 905 '70
209 858 373 922 Ecquis
398 859 522 905 enim
549 873 684 903 sanus
722 853 873 913 dicat,
905 854 1041 900 unius
1074 854 1283 902 Ecclesiae
1315 872 1518 904 romanae
1551 859 1818 908 testimonio

129 934 348 981 standum
367 950 465 981 esse
487 933 601 979 circa
625 930 1025 977 conservationem
1049 930 1313 996 apostolicae
1331 931 1582 992 doctrinae3
1609 951 1717 982 cum
1744 953 1819 983 ex-

127 1010 363 1075 ploratum
384 1010 466 1070 sit,
486 1007 730 1073 plerasque
758 1006 979 1054 Ecclesias
1001 1007 1275 1072 apostolicas
1300 1006 1359 1055 ab
1383 1009 1713 1074 Apostolorum
1733 1011 1821 1059 do-

130 1086 276 1133 ctrina
297 1084 550 1132 defecisse?
579 1084 711 1145 Ergo.

194 1161 303 1208 320.
342 1162 478 1225 Resp.
502 1158 570 1206 Ad
596 1160 678 1218 1¹¹¹,
701 1159 824 1207 Dist.
848 1159 912 1205 Eo
932 1158 1135 1205 tendunt
1160 1167 1294 1207 sectae
1314 1196 1326 1219 ,
1353 1168 1406 1206 ut
1426 1159 1641 1210 homines
1666 1172 1819 1211 retra-

128 1237 243 1286 hant
272 1254 297 1284 a
327 1238 446 1286 vitiis
474 1245 521 1285 et
545 1236 799 1283 informent
821 1234 881 1281 ad
903 1235 1238 1294 sanctitatem,
1277 1235 1464 1301 qualem
1488 1236 1575 1284 sibi
1603 1240 1817 1303 fingunt,

127 1331 180 1361 ac
200 1330 284 1378 per
306 1312 483 1373 media,
505 1329 607 1377 quae
633 1311 763 1358 illam
790 1309 1062 1370 destruunt,
1089 1327 1244 1365 conc.,·
1265 1329 1372 1360 vere
1399 1321 1446 1360 et
1473 1316 1688 1379 proprie,
1710 1334 1814 1380 neq.

129 1391 181 1437 In
206 1390 369 1455 primis
387 1389 713 1447 observamus,
742 1387 829 1434 hoc
850 1388 1003 1452 ipsum
1030 1386 1256 1451 professas
1280 1405 1379 1435 esse
1409 1406 1571 1437 omnes
1605 1393 1819 1457 antiquas

127 1475 271 1514 sectas
284 1502 296 1525 ,
326 1483 522 1531 quarum
541 1463 670 1511 nulla
691 1463 845 1510 extitit
863 1481 1073 1528 unquam
1091 1500 1102 1522 ,
1128 1480 1232 1528 quae
1250 1463 1338 1511 sibi
1355 1476 1638 1530 apparenter
1653 1468 1819 1516 saltem

129 1558 226 1587 non
256 1541 549 1607 proposuerit
577 1540 789 1586 homines
822 1538 882 1585 ad
913 1540 1137 1586 virtutem
1165 1549 1214 1587 et
1248 1541 1546 1589 sanctitatem
1566 1543 1819 1593 informare

130 1628 269 1683 atque
294 1636 319 1665 a
356 1619 479 1666 vitiis
507 1616 734 1664 abducere
760 1617 862 1679 (1),
888 1633 1002 1680 quas
1031 1623 1190 1663 tamen
1216 1616 1454 1665 hodiernae
1475 1628 1606 1666 sectae
1631 1622 1701 1667 uti
1721 1620 1822 1668 hae-

130 1695 294 1741 reticas
315 1703 361 1741 et
377 1694 541 1757 impias
555 1701 840 1739 execrantur.
864 1692 1042 1738 Deinde
1060 1692 1495 1753 animadvertimus,
1516 1712 1822 1761 unamquam-

129 1788 219 1836 que
244 1779 414 1818 sectam
438 1769 678 1833 concipere
701 1767 1010 1827 sanctitatem,
1031 1777 1171 1830 prout
1196 1767 1311 1815 libet
1326 1804 1338 1828 ,
1359 1785 1553 1833 quaeque
1572 1773 1820 1822 consistere

128 1847 274 1912 possit
298 1863 402 1893 cum
436 1844 634 1910 propriis
664 1841 1017 1908 cupiditatibus,
1041 1853 1094 1890 ut
1123 1852 1253 1907 patet
1282 1861 1338 1891 ex
1367 1845 1448 1902 iis,
1479 1862 1579 1910 quae
1607 1849 1819 1912 superius

131 1921 269 1969 allata
291 1930 426 1981 sunt,
450 1920 809 1986 protestantium
836 1919 1074 1984 principiis
1094 1956 1106 1978 ,
1132 1919 1247 1967 adeo
1273 1929 1325 1966 ut
1348 1921 1457 1966 satis
1476 1921 1586 1985 ipsis
1606 1924 1666 1969 sit
1690 1924 1820 1971 Chri-

132 2008 257 2046 stum
282 1997 633 2065 apprehendere
654 1994 889 2061 perfidem
907 2031 919 2054 ,
939 2005 992 2041 ut
1015 1996 1171 2057 magni
1194 1997 1352 2042 statim
1366 1997 1516 2043 sancti
1531 1997 1792 2046 efficiantur
1806 2035 1819 2058 ‚

131 2076 345 2141 quamvis
379 2075 472 2121 sint
505 2072 720 2120 omnibus
750 2070 999 2119 sceleribus
1034 2071 1284 2136 inquinati.
1321 2072 1576 2119 Commoda
1611 2076 1820 2138 profecto

135 2152 367 2198 sanctitas.
384 2152 583 2197 Demum
595 2149 791 2196 dicimus
807 2183 819 2205 ,
837 2163 1028 2195 omnem
1045 2148 1341 2194 sanctitatem
1357 2149 1504 2196 everti
1517 2165 1602 2213 per
1621 2150 1821 2198 ferream

136 2244 275 2292 quam
322 2225 551 2274 inducunt
598 2224 918 2273 necessitatem
964 2223 1196 2288 pleraeque
1238 2224 1405 2270 saltem
1458 2228 1821 2289 protestantium

136 2302 344 2361 familiae,
379 2303 475 2351 sive
504 2303 555 2348 in
578 2300 739 2348 ordine
767 2298 827 2345 ad
851 2299 1029 2347 bonum
1048 2333 1061 2358 ,
1088 2300 1187 2347 sive
1209 2300 1260 2346 in
1288 2299 1452 2346 ordine
1473 2300 1533 2348 ad
1560 2311 1818 2365 peccatum.
1877 2340 1880 2342 Α

137 2379 296 2443 Neque
314 2378 429 2426 illud
445 2376 761 2425 omittendum
780 2384 864 2436 est,
885 2376 1122 2423 neminem
1142 2393 1197 2423 ex
1218 2375 1452 2422 catholicis
1479 2386 1821 2441 protestantem

138 2471 219 2503 seu
236 2454 478 2503 sectarium
495 2454 611 2513 fieri,
626 2463 678 2500 ut
699 2451 859 2500 melior
877 2451 1068 2512 evadat,
1086 2451 1167 2499 sed
1187 2468 1372 2517 semper
1391 2460 1444 2498 ut
1463 2451 1651 2501 liberius
1664 2455 1817 2515 vivat,

192 2664 248 2714 (1)
276 2663 332 2701 Ita
351 2661 565 2708 ManichaeI‚
586 2660 784 2699 Donatistae
797 2690 807 2708 ‚
823 2660 945 2698 Nova·
1012 2659 1187 2709 perfectos
1209 2660 1401 2712 jactabant
1416 2690 1427 2708 ,
1454 2661 1543 2699 adeo
1563 2670 1603 2700 ut
1624 2662 1748 2703 Patres
1773 2679 1816 2704 ac

142 2730 232 2767 tiani
250 2730 379 2780 primis
399 2728 569 2767 Ecclesiae
588 2726 727 2765 saeculis
742 2739 752 2774 ;
768 2726 916 2765 Cathari
932 2753 943 2771 ‚
1011 2723 1169 2777 theologi
1179 2725 1376 2764 debuerint
1390 2722 1574 2778 ejusmodi
1594 2728 1736 2768 diluere
1745 2729 1821 2768 dif-

146 2792 376 2846 Albigenses,
394 2793 610 2832 waldenses
625 2822 635 2840 ,
654 2792 806 2843 aliaeque
831 2792 947 2830 innu-
1013 2789 1224 2830 ficultatem.
1240 2790 1412 2829 Ceterum
1437 2795 1590 2843 quinam
1607 2794 1744 2832 suerint
1756 2796 1817 2832 in-

148 2871 254 2897 merae
275 2873 383 2912 prope
411 2868 511 2898 sectae
541 2858 662 2897 medio
689 2871 763 2896 aevo
787 2864 916 2895 exortae
930 2886 941 2904 ,
1010 2858 1169 2907 corrupti
1186 2870 1304 2896 mores
1324 2857 1492 2906 istorum,
1507 2860 1624 2911 quise
1642 2860 1821 2911 perfectos

147 2936 228 2975 quae
239 2937 365 2963 omnes
376 2924 643 2977 exprobrarunt
652 2922 849 2962 Catholicis
867 2935 946 2960 ma·
1012 2920 1199 2973 jactabant
1213 2953 1225 2973 ,
1249 2937 1292 2963 ex
1318 2923 1472 2962 historia
1499 2932 1729 2977 compertum
1752 2933 1818 2963 est.

149 2989 221 3026 lam
241 2991 387 3029 vivendi
408 2992 586 3030 rationem
601 3017 615 3038 ‚
645 3002 758 3041 seque
782 3002 893 3041 puros
913 2995 950 3026 et

1543 3051 1621 3098 14.
