2028 3354
182 222 243 270 60

651 237 809 270 TRACT.
847 238 901 268 DE
936 239 1052 271 LOCIS
1086 239 1385 272 THEOLOGICIS·

185 362 473 413 censeretur,
506 350 631 416 quod
653 358 814 397 contra
848 360 1096 417 utrumque
1115 358 1191 416 jus
1212 355 1356 402 fieret.
1380 356 1522 401 Porro
1539 391 1551 414 7
1570 363 1738 419 praeter
1767 354 1858 403 duo

183 430 261 478 illa
290 431 406 478 facta
433 445 489 475 ex
529 428 627 473 Act.
661 427 680 472 I
713 435 760 473 et
788 427 847 474 VI
877 426 1008 473 nobis
1038 428 1238 490 objecta,
1266 430 1449 476 nullum
1479 430 1604 477 aliud
1634 431 1858 492 ejusmodi

185 507 382 554 occurrit
413 501 682 567 exemplum
717 502 775 549 de
808 510 988 550 servata
1015 502 1094 549 illa
1126 503 1358 551 electionis
1392 505 1566 564 formag
1602 507 1695 553 imo
1724 515 1777 552 ut
1805 523 1862 553 ex

187 582 334 628 allatis
364 578 716 646 probationibus
739 588 919 625 constat
940 614 952 637 .,
984 588 1064 625 aut
1093 578 1187 625 sola
1219 579 1457 628 voluntate
1481 583 1564 628 Dei
1592 581 1862 630 immediate

189 673 403 722 expressa
418 691 431 715 ‚
452 663 531 701 aut
550 672 575 701 a
599 653 706 701 solis
726 654 972 719 Apostolis,
993 663 1074 700 aut
1093 654 1186 701 sola
1207 654 1406 718 denique
1426 657 1663 704 voluntate
1682 675 1861 718 eorum,

185 734 264 797 qui
290 732 348 780 ab
372 730 601 796 Apostolis
626 730 826 796 praefecti
851 729 1056 776 Ecclesiis
1086 740 1243 789 erant,
1269 735 1403 792 juxta
1436 730 1557 794 leges
1578 733 1665 779 sibi
1688 735 1865 780 consti-

183 818 306 856 tutas
332 809 446 855 facta
468 806 691 869 ejusmodi
712 806 873 854 electio
894 815 978 852 est.
1012 807 1170 852 Restat
1199 806 1362 869 igitur,
1380 815 1432 852 ut
1452 807 1680 868 dicamus,
1705 810 1754 855 in
1775 809 1866 855 du-

183 884 292 951 plici
325 885 403 931 illo
434 901 539 930 casu
571 885 634 930 ita
672 901 724 931 sev
750 883 942 946 gessisse
975 881 1216 947 Apostolos
1245 899 1300 928 ex
1335 882 1555 946 peculiari
1584 884 1785 948 quadam
1816 902 1868 932 ac

182 959 403 1026 prudenti
440 959 698 1007 oeconomia
720 995 732 1018 ‚
781 959 893 1024 quin
926 958 1160 1007 voluerint
1196 975 1410 1005 normam
1457 976 1537 1005 seu
1593 959 1743 1023 legem
1777 961 1868 1007 im·-

184 1036 459 1084 mutabilem
494 1036 774 1083 constituere
794 1072 806 1094 ,
834 1034 983 1082 multo
1022 1052 1132 1083 vero
1163 1035 1316 1080 minus
1345 1034 1393 1079 id
1416 1034 1572 1081 fecisse
1602 1037 1872 1083 necessitate

186 1113 476 1178 compulsos,
511 1130 564 1160 eo
595 1112 719 1177 quod
750 1112 814 1158 ita
843 1119 1111 1176 exposceret
1151 1108 1361 1157 naturale
1405 1118 1484 1155 aut
1523 1110 1739 1157 divinum
1763 1115 1869 1174 jus3

187 1188 391 1256 alioquin
411 1190 499 1255 ipsi
520 1206 567 1237 se
587 1190 704 1251 juris
729 1188 935 1251 ejusdem
960 1187 1202 1236 violatores
1224 1186 1569 1234 constituissent
1598 1186 1682 1250 (l).

243 1385 294 1438 (l)
324 1385 415 1438 Quae
459 1394 500 1424 ut
540 1385 672 1424 melius
707 1382 957 1435 intelligantur
983 1414 994 1432 ,

183 1451 434 1490 revocandum
482 1453 522 1488 in
557 1458 718 1487 mentem
755 1456 811 1487 est
842 1457 998 1501 systema

188 1516 474 1555 Protestantium
505 1517 600 1553 circa
632 1514 883 1553 Sacerdotium
908 1543 920 1564 ‚
955 1527 998 1551 ex

191 1595 266 1634 quo
289 1581 424 1633 pendet
454 1581 675 1619 hierarchia.
712 1579 806 1617 Cum
832 1578 1000 1617 Christus

188 1650 291 1702 juxta
310 1650 407 1700 ipsos
426 1646 585 1686 noluerit
614 1647 797 1699 peculiare
821 1646 998 1684 Sacerdo-

191 1715 285 1752 tium
316 1718 509 1752 externum
535 1718 573 1751 et
599 1710 741 1751 visibile
772 1713 962 1749 instituere
987 1741 998 1759 ‚

192 1780 256 1819 sed
270 1780 396 1819 fideles
417 1793 544 1818 omnes
566 1779 717 1817 voluerit
737 1778 907 1829 praeditos
943 1791 1001 1815 sa—

195 1845 356 1884 cerdotio
383 1844 419 1882 vi
449 1845 655 1896 baptismi,
692 1844 733 1881 fit
763 1851 802 1880 ut
829 1842 1003 1881 omnibus

197 1919 378 1962 competat
407 1909 465 1962 jus
486 1917 521 1948 et
549 1917 705 1961 potestas
729 1909 1001 1954 concionandi,

198 1975 450 2021 consecrandi,
462 1974 743 2012 administrandi
754 1973 1002 2019 Sacramenta,

197 2049 392 2093 ceteraque
415 2042 542 2077 munia
565 2040 800 2078 sacerdotalia
822 2038 998 2077 obeundi.

199 2106 371 2145 Attamen
396 2120 505 2143 nemo
520 2105 733 2156 singillatim
751 2103 809 2154 jus
829 2104 925 2142 istud
938 2117 1005 2155 po-

201 2182 269 2212 test
288 2176 327 2211 in
353 2174 494 2225 praxim
521 2171 701 2209 deducere
733 2173 805 2208 nisi
829 2184 875 2208 ex
909 2170 1007 2208 dele-

201 2241 345 2291 gatione
368 2239 642 2277 communitatis
659 2266 669 2284 ‚
700 2250 780 2288 quae
806 2237 944 2286 accepit
967 2237 1009 2273 in

203 2304 361 2342 solidum
390 2303 488 2340 hanc
513 2309 748 2353 potestatem3
785 2314 831 2338 ex
854 2314 928 2351 quo
950 2314 1008 2338 se-

203 2369 351 2422 quitur,
368 2368 583 2419 suffragium
607 2366 734 2419 populi
758 2365 804 2404 ad
823 2365 1007 2415 eligendos

204 2437 389 2472 ministros
421 2448 494 2471 esse
528 2434 772 2471 necessarium
798 2431 1012 2469 necessitate

204 2500 399 2538 intrinseca
424 2507 458 2536 et
481 2497 688 2542 essentiali,
713 2499 762 2534 ita
792 2505 832 2534 ut
855 2496 955 2533 nulla
978 2504 1012 2534 et

205 2562 369 2615 invalida
416 2564 462 2600 sit
497 2564 623 2602 electio
673 2562 809 2613 absque
840 2561 1013 2613 suffragio

207 2630 480 2669 communitatis
496 2659 506 2676 ‚
524 2637 586 2667 aut
602 2631 681 2680 ejus
701 2628 829 2667 saltem
853 2629 918 2679 qui
931 2640 1012 2666 eam

207 2701 458 2746 repraesentat3
470 2695 617 2732 nullum
636 2694 744 2746 plane
758 2701 794 2732 et
808 2693 1013 2732 invalidum

209 2774 355 2813 prorsus
384 2761 429 2798 sit
455 2759 593 2811 absque
629 2758 809 2811 ejusmodi
840 2759 1016 2798 electione

211 2824 475 2865 ministerium.
506 2824 550 2862 In
584 2827 748 2876 ipsorum
771 2826 871 2863 enim
895 2825 1015 2877 hypo-

215 2893 308 2932 thesi
339 2897 497 2945 systema
528 2891 813 2929 ecclesiasticum
850 2898 902 2928 est
937 2905 1018 2929 om-

219 2960 309 2997 nino
341 2957 628 2996 democraticum
646 2985 657 3004 ,
688 2963 731 2993 ut
762 2958 802 2993 in
830 2955 1016 3007 republica

216 3038 272 3062 ex.
317 3036 373 3074 gr.
408 3021 620 3060 Atheniensi
657 3020 849 3073 quondam
889 3022 1016 3072 viguit.

1062 1383 1290 1435 Quapropter
1337 1383 1460 1420 omnia
1498 1390 1705 1434 congerunt
1749 1382 1874 1421 Prote-

1065 1458 1200 1488 stantes
1223 1463 1270 1488 ex
1298 1451 1408 1486 sacris
1430 1449 1571 1487 Litteris
1596 1457 1706 1500 atque
1727 1461 1768 1486 ex
1795 1449 1874 1486 his-

1064 1517 1156 1553 toria
1183 1514 1420 1553 ecclesiastica
1444 1514 1665 1551 documenta
1698 1542 1709 1561 ‚
1743 1513 1878 1565 quibus

1064 1582 1162 1619 hanc
1175 1581 1350 1618 suadeant
1363 1581 1611 1617 necessitatem
1623 1578 1849 1617 essentialem
1865 1593 1876 1628 ;

1067 1649 1151 1700 quia
1166 1676 1177 1695 ‚
1207 1648 1278 1684 nisi
1301 1659 1383 1683 eam
1407 1645 1621 1691 adstruant,
1650 1643 1743 1682 nihil
1765 1643 1878 1696 profi—

1066 1715 1194 1760 ciunt,
1219 1719 1255 1749 et
1285 1718 1404 1748 totum
1423 1712 1559 1748 corruit
1579 1712 1741 1760 ipsorum
1762 1709 1879 1747 aedifi-

1067 1780 1182 1816 cium,
1216 1776 1312 1814 Cum
1342 1789 1429 1814 vero
1462 1775 1688 1826 impossibile
1719 1775 1758 1812 id
1786 1775 1873 1825 ipsis

1069 1843 1169 1880 factu
1200 1841 1273 1890 sit,
1294 1842 1472 1892 quoniam
1498 1855 1540 1879 ex
1564 1840 1759 1891 Scripturis
1775 1847 1810 1877 et
1830 1851 1877 1876 ex

1069 1907 1220 1944 historia
1242 1905 1483 1944 ecclesiastica
1500 1907 1694 1943 innumera
1712 1903 1881 1955 exempla

1071 1979 1270 2023 suppetunt
1293 1970 1515 2009 electionum
1528 1972 1601 2008 sive
1614 1969 1881 2020 Episcoporum

1071 2039 1146 2076 sive
1178 2036 1474 2087 Presbyterorum
1502 2037 1576 2073 sive
1607 2035 1879 2081 Diaconorum‚

1072 2114 1154 2155 quae
1179 2102 1282 2139 factae
1315 2107 1400 2138 sunt
1419 2098 1561 2151 absque
1582 2100 1658 2137 ullo
1684 2099 1800 2150 plebis
1819 2106 1883 2136 aut

1073 2155 1352 2206 communitatis
1382 2164 1554 2216 suffragio
1584 2173 1618 2203 et
1644 2167 1853 2203 interventu
1870 2193 1881 2211 ‚

1074 2235 1149 2271 imo
1174 2234 1213 2269 in
1242 2231 1378 2284 quibus
1399 2230 1479 2268 haec
1504 2230 1648 2268 exclusa
1673 2237 1783 2274 sunt,
1811 2229 1883 2267 hoc

1074 2299 1153 2349 ipso
1169 2304 1291 2348 patet,
1329 2303 1444 2333 totum
1464 2296 1574 2333 everti
1601 2295 1782 2346 ejusmodi
1806 2307 1884 2345 sys-

1076 2370 1188 2401 tema.
1202 2361 1372 2399 Ceterum
1386 2360 1507 2412 quoad
1519 2360 1734 2398 electionem
1742 2357 1780 2398 S.
1792 2358 1885 2397 Mat-

1077 2429 1159 2467 thiae
1172 2428 1242 2467 cfr.
1260 2427 1403 2465 Calmet
1421 2428 1461 2464 in
1474 2426 1617 2466 dissert.
1636 2424 1692 2463 De
1707 2424 1886 2463 electione

1070 2509 1143 2548 per
1172 2500 1314 2540 sortes,
1343 2501 1377 2531 et
1410 2494 1450 2530 in
1481 2492 1689 2531 Commeat.
1721 2492 1765 2529 in
1790 2490 1882 2530 Act.

1078 2574 1159 2611 cap.
1189 2572 1203 2597 1
1219 2588 1229 2606 ‚
1252 2574 1291 2600 v.
1314 2556 1377 2596 26.
1398 2558 1502 2597 Circa
1516 2558 1735 2597 electionem
1760 2563 1884 2594 autem

1078 2625 1339 2671 Diaconorum‚
1362 2626 1402 2661 in
1431 2638 1505 2676 qua
1527 2622 1644 2676 major
1667 2626 1784 2674 potest
1809 2633 1885 2658 esse

1079 2691 1276 2729 difficultas
1305 2720 1315 2737 ‚
1342 2704 1418 2728 non
1444 2690 1577 2728 desunt
1606 2689 1762 2726 rationes
1779 2714 1789 2733 ‚
1818 2698 1884 2723 cur

1080 2758 1244 2810 Apostoli
1279 2759 1328 2795 ita
1365 2770 1404 2795 se
1434 2757 1621 2806 gesserint.
1666 2753 1755 2791 Ideo
1784 2751 1887 2789 enim

1082 2825 1356 2875 exquisiverunt
1377 2817 1846 2870 suffragiummultitudinis
1864 2846 1874 2864 ‚

1082 2896 1124 2925 ut
1144 2889 1259 2928 ferret
1276 2887 1528 2927 testimonium
1546 2884 1592 2922 de
1616 2886 1784 2935 ipsorum*
1798 2895 1886 2934 pro-

1081 2953 1196 2992 bitate
1220 2961 1255 2992 et
1284 2951 1471 2999 moribus,
1507 2963 1554 2987 ne
1578 2951 1618 2986 in
1646 2950 1892 3000 suspicionem

1083 3026 1204 3070 postea
1238 3020 1306 3071 ipsi
1340 3019 1536 3063 venirent,
1573 3016 1774 3067 praesertim
1808 3026 1895 3052 cum
