2028 3354
1773 195 1837 242 25

320 217 448 247 PART.
486 217 519 244 1.
559 216 656 245 CAP.
696 214 728 243 1.
767 214 821 242 DE
854 212 1027 244 Gnms'rl
1060 213 1181 243 12:001..
1221 212 1435 243 msrl'rU'r.
1471 213 1524 243 ET
1557 213 1680 242 ome.

229 329 307 376 40.
343 328 413 376 Ad
438 328 528 389 51¹¹,
555 328 675 391 Ney.
702 324 938 391 Siquidem
959 334 1005 373 et
1028 325 1125 374 haec
1148 327 1321 392 pariter
1342 327 1537 390 gratuita
1557 327 1749 374 assertio
1769 336 1839 375 est

164 404 337 470 absque
364 403 459 451 ullo
486 403 703 450 historico
728 402 1064 462 fundamentO‚
1092 420 1145 450 ac
1171 403 1306 450 unice
1331 403 1492 450 innixa
1518 411 1840 469 praeconcepto

162 482 528 530 adversariorum
561 481 814 545 systemati.
854 482 943 526 Pro
977 488 1102 526 certo
1129 481 1258 527 enim
1279 490 1523 528 assumunt
1544 517 1556 541 ,
1589 481 1840 547 prophetas

161 557 279 605 nihil
307 557 365 603 de
401 557 583 604 Christo
617 566 839 620 tanquam
882 555 1107 619 spirituali
1140 556 1335 601 humani
1373 557 1552 619 generis
1577 566 1840 623 reparatore

159 633 429 682 vaticinatos
457 651 553 681 esse
569 668 581 691 a
606 631 726 678 nihil
748 631 804 678 de
832 629 932 695 ejus
960 630 1172 693 passione
1188 666 1201 689 ⁷
1226 639 1376 678 morte
1403 648 1456 678 ac
1482 634 1839 694 resurrectione3

158 709 284 773 quod
299 719 350 755 ut
363 709 626 766 obtineant,
646 708 760 754 mire
775 705 1056 768 detorquent
1070 705 1414 771 Scripturarum
1427 708 1627 767 oracula,
1651 709 1842 775 vimque

159 784 323 831 iisdem
352 786 588 843 inferunt,
616 792 672 830 ut
693 783 780 846 ipsi
807 797 968 828 revera
1005 798 1108 827 suas
1130 784 1571 845 personificationes
1595 785 1758 849 populi
1779 787 1842 833 is—

159 860 352 907 raelitici
374 860 673 907 constituant.
697 858 789 903 Hos
804 873 942 921 porro
963 874 1045 903 suo
1060 855 1159 905 loco
1182 858 1439 906 refellimus
1458 860 1547 923 (1).
1578 862 1686 907 Jam
1708 878 1838 922 vero,

158 954 303 1001 quum
323 935 494 1000 absque
516 933 821 980 fundamento
841 942 888 980 et
907 941 1066 980 contra
1088 951 1385 983 communem
1405 936 1572 983 veteris
1598 954 1842 1001 synagogae

157 1013 469 1074 acceptionem
494 1010 564 1072 (2)
599 1027 772 1058 novam
801 1027 934 1056 suam
970 1011 1306 1075 expositionem
1347 1011 1607 1059 obtrudant
1646 1012 1841 1077 mythici

158 1104 208 1133 ac
240 1086 534 1133 rationalistae
549 1122 561 1142 5
583 1086 722 1151 plane
747 1086 1074 1151 consequitur7
1091 1104 1211 1135 vana
1237 1104 1365 1148 esse,
1392 1104 1493 1152 quae
1516 1088 1767 1152 subjiciunt
1781 1089 1840 1139 de

156 1160 301 1207 tribus
326 1161 556 1226 prioribus
591 1162 885 1225 evangelistis
904 1198 917 1221 ‚
954 1163 1035 1227 qui
1064 1165 1338 1228 prosequuti
1370 1166 1464 1213 sint
1495 1183 1712 1213 normam
1736 1202 1750 1225 ‚
1786 1175 1840 1214 ut

157 1237 246 1301 ipsi
273 1238 431 1298 aiunt⁷
476 1248 672 1303 receptae
705 1248 817 1285 tunc
846 1238 1071 1303 temporis
1105 1240 1529 1306 interpretationis,
1571 1259 1839 1291 accommo—

156 1312 296 1360 dandi
314 1312 495 1361 Christo
517 1315 729 1362 vaticinia
742 1315 1043 1379 antiquorum
1068 1324 1257 1375 vatum3
1283 1319 1580 1383 consequitur
1592 1328 1834 1384 praeterea,

154 1389 291 1436 inane
320 1407 417 1438 esse
432 1427 444 1449 ,
466 1391 592 1455 quod
606 1390 843 1437 affirmant
870 1391 929 1437 dev
955 1392 1137 1439 Joanne
1161 1392 1414 1458 adoptante
1433 1397 1837 1458 graeco—orientale

152 1474 348 1528 systema
367 1503 379 1526 7
399 1467 671 1514 sufficiendo
695 1466 923 1516 visibilem
937 1468 1086 1514 Deum
1099 1468 1357 1517 visibilibus
1381 1472 1564 1520 Graeciae
1591 1472 1692 1520 diis.
1717 1474 1836 1520 Om-

152 1557 234 1587 nes
259 1541 385 1588 enim
406 1542 695 1604 evangelistae
711 1544 812 1607 pari
832 1543 1011 1589 ratione
1036 1543 1094 1589 de
1117 1544 1299 1591 Christo
1323 1548 1631 1612 scripserunt⁷
1659 1548 1718 1596 de
1738 1553 1834 1612 ejus

153 1615 395 1664 divinitate
420 1626 467 1664 et
486 1617 775 1665 humanitate
791 1655 802 1676 5
834 1618 891 1665 de
918 1618 1178 1667 admirabili
1202 1623 1298 1683 ejus
1315 1625 1619 1689 conceptione
1641 1634 1689 1672 et
1707 1625 1835 1672 nati-

151 1693 321 1751 vitate,
351 1694 409 1740 de
438 1693 648 1740 doctrina
677 1711 729 1741 ac
752 1695 859 1743 vitae
888 1712 1084 1758 genere,
1117 1698 1332 1761 passione
1360 1698 1561 1764 denique
1592 1718 1643 1748 ac
1676 1719 1833 1749 resur-

149 1768 368 1815 rectione.
401 1772 455 1815 In
479 1769 785 1833 peculiaribus
812 1780 999 1818 tantum
1031 1771 1260 1833 adjunctis
1289 1784 1335 1821 et
1362 1777 1652 1824 sermonibus
1675 1796 1833 1844 perse-

150 1843 345 1908 quendis
359 1844 433 1891 alii
446 1846 645 1909 parcius7
667 1846 743 1892 alii
760 1845 947 1893 uberius
966 1847 1301 1909 disseruerunt7
1318 1861 1458 1916 prout
1474 1854 1831 1921 uniuscujusque

149 1919 414 1966 institutum
429 1920 720 1986 exposcebat.
739 1924 838 1970 Prae
855 1924 1017 1971 ceteris
1039 1940 1148 1971 vero
1168 1927 1211 1972 S.
1231 1928 1258 1973 J
1262 1944 1434 1975 oannes
1453 1939 1722 1993 prosecutus
1741 1941 1828 1991 est,

147 2011 249 2060 quae
267 2006 479 2060 spectant
499 1999 558 2044 ad
579 1998 715 2045 Verbi
735 2017 815 2046 seu
840 2000 1009 2046 Christi
1030 1999 1322 2050 divinitatem
1340 2040 1351 2063 7
1381 2021 1436 2051 eo
1460 2006 1586 2070 quod
1608 2006 1829 2055 adversus

148 2070 353 2118 diversas
374 2072 571 2121 haereses
594 2083 706 2121 tunc
729 2076 1021 2138 insurgentes
1045 2079 1366 2143 conscripserit
1386 2080 1473 2145 (3)
1498 2082 1716 2130 Ceterum
1741 2084 1829 2131 tria

146 2148 300 2212 priora
334 2149 570 2213 evangelia
600 2151 698 2217 ipse
733 2150 950 2216 probavit
969 2189 980 2211 a
1017 2161 1065 2199 et
1101 2155 1365 2220 supplevit,
1394 2173 1495 2221 quae
1522 2158 1571 2204 in
1592 2159 1827 2223 prioribus

147 2224 311 2273 omissa
333 2235 467 2272 erant
493 2225 581 2290 (4).

149 2329 338 2370 Faustum
352 2363 362 2381 ‚
377 2341 460 2387 cap.
480 2336 530 2385 33
555 2335 821 2385 Theodoretus‚
844 2337 948 2389 praef.

147 2396 187 2433 in
204 2395 419 2437 Historiam
444 2400 673 2452 reliqiosam.

205 2460 257 2510 (1)
289 2461 332 2499 In
356 2471 461 2505 tract.
483 2466 546 2504 De
569 2464 773 2506 Incarnat.
796 2477 891 2520 part.
920 2480 948 2507 1.

149 2525 225 2564 Cfr.
248 2528 356 2564 etiam
376 2529 531 2570 Bandini
566 2532 655 2570 ord.
671 2534 786 2584 praed.
811 2532 951 2585 Saqqio

1072 2336 1124 2390 (3)
1139 2338 1361 2378 Recolantur
1369 2340 1607 2391 documenta,
1622 2356 1704 2396 quae
1716 2344 1827 2396 paulo

1016 2410 1100 2441 ante
1122 2404 1328 2443 attulimus.

1069 2466 1131 2521 (4)
1160 2470 1291 2509 Praeter
1321 2474 1575 2511 auctoritatem
1610 2473 1826 2528 Hieronymi

1017 2547 1126 2585 supra
1147 2536 1297 2575 relatam
1314 2566 1324 2585 ‚
1357 2537 1394 2576 id
1423 2542 1566 2577 constat
1598 2554 1641 2579 ex
1666 2541 1747 2579 aliis
1768 2556 1828 2580 ve-

148 2591 192 2629 di
210 2594 349 2643 eseyesi
371 2593 533 2640 biblica,
557 2597 706 2637 Firenze
737 2597 866 2649 18353
892 2601 951 2638 cui

148 2670 190 2695 eo
203 2660 320 2710 major
339 2658 430 2698 fides
443 2659 651 2700 adhibenda
665 2692 676 2707 ,
695 2664 795 2715 quod
813 2666 951 2716 origine

148 2722 320 2761 hebraeus
342 2726 387 2763 sit
400 2733 437 2763 et
455 2727 494 2763 in
510 2727 705 2767 traditione
724 2727 871 2780 judaica
885 2745 950 2783 ap-

148 2788 262 2838 prime
282 2788 427 2829 doctus.

202 2853 254 2903 (⁴2)
287 2854 364 2894 Cfr.
382 2856 474 2909 Ray.
504 2857 681 2907 Martini,
710 2861 750 2898 in
773 2860 950 2912 Puyione

141 2916 238 2966 fidei
260 2932 344 2957 cum
369 2922 507 2973 praefat.
523 2931 562 2962 et
580 2925 879 2965 adnotationibus
894 2927 947 2966 De

147 2982 272 3022 Voisin
288 2985 603 3041 ;Schoettgenius,
623 2991 742 3031 Horoe
757 2992 941 3033 hebraica·

146 3054 180 3085 et
198 3048 436 3105 ehahnudiooe
454 3084 464 3101 ‚
493 3062 562 3094 etc.

1016 2599 1153 2639 teribus
1168 2603 1405 2653 scriptoribus
1422 2633 1432 2651 ‚
1453 2605 1516 2656 qui
1543 2605 1582 2643 id
1604 2606 1729 2657 ipsum
1753 2613 1826 2646 tes-

1018 2670 1156 2705 tantur.
1200 2666 1296 2706 Sane
1317 2668 1522 2718 Eusebius,
1552 2669 1667 2710 Hist.
1695 2671 1823 2711 eccles.

1015 2730 1082 2770 lib.
1098 2745 1165 2782 ιιι,
1188 2748 1270 2786 cap.
1288 2733 1341 2785 24
1358 2749 1371 2774 ε
1393 2740 1464 2775 T&
1486 2736 1821 2790 wpooemypaeqbe'rrm

1017 2800 1111 2848 τριῶν
1137 2801 1184 2842 εἰς
1206 2798 1344 2843 πάντας
1365 2799 1434 2846 ἕδη
1458 2799 1521 2841 nal
1551 2806 1597 2845 εἷς
1620 2802 1721 2843 αὐτὸ
1737 2801 1821 2843 δικ-

1015 2858 1208 2913 ὃεδομὲνων
1223 2896 1234 2915 ‚
1277 2864 1535 2916 οἷποδὲξοιτθκι
1593 2866 1655 2919 μὲν
1715 2866 1821 2917 φασὶν

1013 2925 1188 2971 ἑλέ-θεων
1215 2931 1333 2973 αὖα-οῖς
1355 2932 1699 2987 ἔπιμαιρτυρῆσοιντοι·
1716 2931 1820 2984 μένην

1012 2991 1063 3033 (Ν
1087 2992 1155 3048 ἆραι
1182 3000 1380 3037 Acmen-Sat
1416 3003 1463 3054 τῇ
1493 3004 1620 3053 typam?
1650 2996 1710 3043 ‘niv
1742 2997 1820 3052 περὶ

1013 3063 1076 3111 τῶν
1108 3062 1138 3100 ἔν
1163 3061 1312 3114 πράτοις
1342 3061 1405 3104 καὶ
1436 3066 1517 3104 κατ’
1539 3061 1649 3118 εἱρχῆν
1671 3069 1734 3105 τοῦ
1757 3082 1818 3104 κε-
