2028 3354
383 232 510 262 PART.
550 233 582 259 1.
622 230 720 258 GAP.
759 228 810 257 11.
848 227 904 256 DE
940 225 1113 256 CHRISTI
1150 225 1271 255 ECCL.
1312 223 1507 254 GONSTl'r.
1727 207 1789 254 45

103 347 209 395 bolo
235 346 510 412 profitemur
531 343 580 388 1ο
599 359 610 387 :
638 340 816 388 ratione
831 338 977 404 partis
1001 354 1091 385 suae
1109 336 1301 402 potioris
1314 353 1394 383 seu
1411 335 1649 384 nobilioris
1667 373 1680 396 ,
1709 354 1791 384 cu·

96 421 301 487 jusmodi
320 437 415 468 esse
432 420 635 465 animam
647 415 851 464 Ecclesiae
874 413 1161 462 ostendimus
1177 433 1189 472 ς
1207 414 1262 459 2⁰
1279 412 1456 459 ratione
1465 413 1647 478 capitis,
1665 413 1791 478 quod

105 508 175 547 est
200 498 437 546 Christus·
426 533 439 554 ,
479 495 530 542 30
552 494 733 541 ratione
755 492 887 551 finis,
917 490 998 554 qui
1028 498 1099 536 est
1130 489 1351 535 sanctitas
1380 488 1430 534 in
1461 488 1548 535 hac
1593 491 1713 550 vita,
1746 498 1794 537 et

106 574 275 640 gloria
263 591 312 619 m
327 570 509 630 futura·
531 571 584 617 40
599 569 778 616 latione
798 567 947 614 docti
936 583 1052 623 1nae3
1076 564 1129 610 5⁰
1146 564 1326 610 ratione
1343 562 1626 623 mediorum,
1655 565 1708 612 6⁰
1725 583 1795 612 ra·-

107 653 231 697 tione
260 648 571 714 plurimorum
595 643 944 699 membrorum,
976 656 1077 703 quae
1102 639 1345 685 sanctitate
1369 639 1565 703 praedita
1598 650 1720 688 sunt.
1748 641 1793 688 Si

107 744 208 792 quae
239 725 377 789 igitur
395 721 606 770 membra
633 720 775 784 ipsius
797 715 1006 764 Ecclesioe
1029 715 1215 760 infirma
1241 714 1365 773 sint,
1393 715 1487 761 imo
1510 725 1557 762 et
1580 726 1764 764 mortua
1781 753 1794 776 ,

107 819 203 849 non
224 801 448 865 sequitur
464 816 565 845 eam
578 804 821 861 propterea
844 791 1176 850 facinorosam
1204 807 1475 854 perversam
1497 800 1575 838 aut
1600 793 1796 843 scelera-

109 887 204 925 tam
232 894 357 935 esse,
390 875 495 940 quia
518 872 576 919 ad
599 871 681 916 hos
711 876 972 933 peccatores
999 866 1325 931 producendos
1355 866 1552 915 Ecclesia
1582 869 1795 917 ordinata

105 972 201 1001 non
229 961 326 1010 est,
360 952 452 997 imo
484 954 746 1013 peccatores
777 952 938 991 contra
969 942 1090 990 hanc
1120 943 1465 990 ordinationem
1505 945 1679 992 Christi
1713 947 1799 993 Ec-

106 1029 252 1075 clesiae
277 1034 444 1090 agunt,
470 1031 630 1070 contra
660 1030 880 1068 naturam
900 1020 1042 1085 ipsius
1065 1019 1271 1067 Ecclesiae
1293 1057 1305 1080 ,
1340 1029 1499 1067 contra
1525 1022 1670 1070 finem
1687 1058 1700 1082 ,
1734 1022 1797 1070 ita

109 1114 160 1151 ut
178 1103 330 1150 omnia
355 1107 645 1164 pervertant,
680 1114 782 1162 quae
802 1096 861 1143 ad
878 1097 1088 1160 ipsorum
1107 1097 1401 1144 sanctitatem
1419 1098 1669 1146 constituta
1693 1099 1799 1147 fue—

108 1188 232 1226 runt.
260 1174 534 1239 Hujusmodi
552 1176 709 1240 itaque
733 1174 948 1222 homines
972 1173 1058 1219 sibi
1090 1183 1261 1220 nocent
1279 1209 1292 1233 ,
1320 1173 1435 1221 dum
1464 1174 1587 1222 male
1616 1184 1799 1239 agunt,

106 1263 185 1302 aut
213 1254 353 1301 etiam
378 1269 595 1318 perverse
626 1252 862 1309 sentiunt,
887 1267 984 1296 non
1016 1259 1173 1296 autem
1192 1248 1406 1297 Ecclesiae
1424 1286 1436 1309 ,
1458 1268 1561 1316 quae
1583 1268 1681 1298 non
1708 1251 1819 1303 foe-‚

107 1331 242 1378 datur
261 1329 320 1377 ob
340 1330 536 1376 istorum
558 1328 733 1375 malam
759 1326 924 1391 agendi
951 1335 1031 1373 aut
1061 1326 1296 1387 sentiendi
1315 1327 1570 1387 rationem,
1602 1344 1799 1394 eamque

108 1416 375 1455 constanter
397 1406 613 1464 damnat,
643 1413 691 1452 et
717 1412 979 1470 peccatores
1013 1401 1072 1449 ab
1103 1402 1181 1449 illa
1211 1413 1438 1469 perpetua
1464 1405 1628 1468 satagit
1656 1421 1794 1456 revo-

109 1500 213 1531 care
234 1482 320 1546 (l)

175 1559 255 1606 75.
296 1558 363 1605 Ad
400 1558 496 1617 2¹¹¹,
530 1560 659 1604 Dist.
690 1555 785 1603 Sub
815 1556 969 1621 aliquo
1000 1564 1242 1620 respectu,
1277 1573 1430 1611 00n0.;
1455 1554 1541 1603 sub
1569 1557 1700 1604 omni
1723 1574 1801 1606 re-

112 1644 271 1701 spectu
287 1670 299 1693 ,
340 1651 442 1697 neq.
485 1634 721 1691 Quatenus
752 1641 1013 1697 peccatores
1056 1632 1271 1682 eamdem
1308 1631 1450 1679 fidem
1489 1634 1799 1698 profitentur,

112 1709 417 1773 subjiciuntur
450 1709 664 1774 legitimis
694 1707 959 1773 pastoribus
981 1744 994 1766 ,
1027 1707 1192 1755 iisdem
1224 1715 1423 1754 utuntur
1452 1709 1763 1757 Sacramentis
1786 1745 1799 1767 ,

115 1785 291 1833 habent
313 1785 550 1832 Christum
570 1794 624 1831 ut
643 1793 782 1849 caput
797 1819 809 1842 ,
842 1801 892 1830 ac
910 1784 1151 1848 pertinent
1174 1783 1235 1830 ad
1261 1783 1444 1831 visibile
1462 1788 1560 1847 ejus
1581 1802 1800 1849 regnum,

115 1871 342 1928 quatenus
367 1878 476 1909 vero
490 1870 706 1926 peccant,
726 1859 786 1907 ad
806 1858 1045 1906 diabolum
1067 1869 1277 1925 spectant
1289 1863 1479 1925 ejusque
1508 1878 1732 1925 regnum,
1753 1862 1803 1908 in

111 1957 202 2005 quo
225 1938 409 1985 nullum
438 1946 506 1984 est
532 1936 804 1984 absurdum.

175 2015 204 2062 7
211 2016 256 2062 6.
297 2014 367 2062 Ad
400 2014 495 2074 31¹²,
530 2016 658 2061 Dist.
684 2013 883 2061 Mundat
901 2013 1111 2060 Christus
1136 2030 1222 2078 per
1241 2013 1406 2061 merita
1434 2031 1516 2061 sua
1547 2014 1799 2063 Ecclesiam

112 2090 203 2139 fide
241 2100 287 2138 et
325 2090 631 2137 Sacramentis
662 2091 711 2136 in
744 2090 903 2151 terris,
941 2098 994 2136 ut
1030 2106 1133 2137 eam
1166 2088 1255 2136 sibi
1290 2089 1543 2155 aliquando
1584 2090 1804 2139 exhibeat

112 2167 353 2231 gloriosam
367 2203 379 2227 ,
400 2175 607 2214 sanctam
626 2175 673 2213 et
690 2165 1036 2214 immaculatam
1054 2166 1103 2212 in
1122 2166 1247 2214 coelis
1262 2202 1275 2226 ,
1294 2183 1442 2222 conc.,·
1466 2168 1532 2215 ita
1549 2167 1800 2216 Ecclesiam

173 2353 222 2403 (l)
251 2354 290 2393 S.
318 2353 551 2407 Augustinus
584 2361 793 2393 constanter
827 2354 927 2392 hanc
994 2351 1051 2391 De
1063 2353 1183 2406 Bapt.
1197 2354 1267 2392 lib.
1285 2368 1325 2401 v,
1339 2367 1422 2405 cap.
1441 2352 1464 2391 5
1478 2382 1488 2401 ,
1500 2361 1536 2392 et
1544 2353 1633 2392 alibi
1650 2355 1803 2406 passim.

118 2417 231 2457 veluti
265 2419 396 2459 thesim
425 2420 580 2459 adstruit
607 2420 783 2459 adversus
806 2419 926 2459 dona·
993 2420 1117 2459 Placet
1140 2433 1230 2460 vero
1253 2420 1316 2459 hic
1342 2420 1501 2472 adjicere
1529 2420 1641 2460 verba
1672 2419 1711 2460 S.
1737 2420 1804 2460 Pa-

117 2485 218 2522 tistas
239 2514 250 2531 ,
278 2498 355 2522 non
373 2499 475 2537 posse
498 2485 667 2524 videlicet
697 2485 817 2524 bonos
836 2499 927 2524 con-
994 2488 1088 2525 ciani
1112 2500 1156 2525 ex
1178 2484 1250 2538 Ep.
1272 2499 1338 2534 ιιι,
1363 2486 1414 2524 ad
1425 2484 1628 2537 Sympron.
1642 2484 1720 2525 loc.
1740 2488 1805 2525 cit.

118 2550 288 2588 taminari
318 2563 362 2588 ex
393 2553 574 2590 consortio
606 2552 788 2590 malorum
816 2581 827 2599 ,
857 2564 928 2590 nec
995 2553 1171 2604 quoniam
1197 2560 1231 2590 et
1247 2549 1359 2605 hujus
1382 2552 1578 2590 auctoritas
1607 2552 1715 2591 nobis
1735 2552 1806 2590 ob-

118 2614 296 2653 maculari
316 2614 516 2654 Ecclesiam
544 2630 587 2655 ex
607 2630 806 2668 pravorum
839 2631 920 2655 ma·-
987 2615 1126 2669 jicitur.
1155 2619 1334 2669 Magna,
1363 2620 1512 2671 inquit,
1538 2616 1700 2668 infilios
1710 2630 1805 2656 cura

117 2680 164 2719 lis
197 2680 392 2732 operibus,
432 2695 514 2734 quae
543 2681 711 2721 Ecclesiae
739 2682 842 2722 nulla
866 2697 924 2721 ra·
989 2684 1124 2721 matris
1143 2684 1259 2722 istius
1293 2691 1331 2722 et
1364 2682 1489 2722 mollis
1511 2683 1668 2737 affectus
1690 2698 1704 2720 .·
1739 2682 1806 2722 ho-

119 2747 216 2786 tione
239 2747 411 2798 imputari
447 2754 623 2798 possunt,
653 2748 792 2799 quibus
812 2750 925 2786 corri-
990 2755 1178 2787 morantur
1204 2748 1298 2787 bom'
1313 2778 1324 2796 ‚
1354 2748 1778 2801 castiqantur,⁸uperhi
1791 2778 1802 2795 ,

119 2812 261 2862 piendis
291 2812 415 2863 vigilat
444 2812 684 2851 ecclesiastica
719 2811 927 2865 disciplina
992 2821 1181 2853 curantur
1205 2814 1368 2867 (egroti,
1394 2814 1528 2853 nullus
1540 2815 1673 2867 perit,
1698 2825 1807 2852 nemo

122 2875 171 2915 Ut
184 2877 362 2916 nonnulla
379 2878 460 2917 loca
475 2878 653 2926 indicem,
665 2879 716 2916 ita
731 2878 863 2917 docet:
876 2877 933 2917 De
1000 2878 1475 2931 despicitur,cecurisoecu8
1487 2879 1557 2918 sub
1568 2877 1809 2930 indulgentia

124 2940 246 2995 Bapt.
266 2942 331 2982 lib.
352 2944 401 2982 vii
416 2956 535 2996 ,.cap
562 2942 639 2992 25,
660 2958 700 2983 ιι.
717 2941 797 2997 49·
786 2972 799 2995 ,
819 2943 933 2984 Com.
1001 2946 1136 2984 matris
1161 2947 1388 2985 retinemur.

123 3004 181 3045 lit.
207 3006 420 3048 petiliane.
431 3008 500 3047 lib.
511 3020 537 3047 n
551 3023 660 3060 ,cap.
650 3008 745 3071 578,
766 3024 806 3048 ιι.
833 3007 932 3060 ι74ς
