2028 3354
166 223 264 271 202

637 237 796 269 TnAc'r.
832 238 887 267 DE
923 239 1041 270 LOCIS
1076 241 1383 273 THEOLOG-ICIS.

169 367 310 416 sunt„
343 371 448 422 quae
476 352 696 400 dicuntur
719 352 778 400 de
799 353 873 414 vi,
905 370 995 418 qua
1020 359 1215 418 majores
1247 374 1408 404 eorum
1445 357 1504 404 ab
1528 357 1776 407 schismate
1798 358 1862 406 di-

173 433 295 483 vulsi
331 437 458 478 sunt.
483 429 709 476 Historica
745 429 1029 485 documenta
1063 432 1347 479 contrarium
1373 433 1630 481 ostendunt
1649 435 1721 499 (l)

242 507 353 557 313.
392 506 518 554 Licet
543 523 655 554 vero
676 506 802 571 origo
826 506 1134 554 Ecclesiarum
1155 505 1522 557 britannicarum
1549 511 1872 576 antiquissima

176 586 263 640 sit,
287 582 414 646 origo
432 591 592 629 tamen
617 580 935 644 anglicanismi
971 599 1052 630 seu
1075 581 1333 629 schismatis
1367 601 1524 632 recens
1551 595 1636 634 est.
1672 586 1793 633 Nam
1820 602 1873 632 eo

176 661 304 725 ipso,
334 657 461 723 quod
486 656 779 706 adversarius
801 649 973 705 fatetur
990 694 1003 717 ,
1035 675 1120 722 per
1138 659 1217 705 XV
1246 659 1532 708 continentia
1556 662 1707 709 secula
1727 660 1876 708 Eccle-

177 737 265 783 sias
293 733 579 781 britannicas
596 735 907 799 permansisse
929 734 978 780 in
1001 735 1330 783 communione
1346 753 1455 783 cum
1474 737 1687 784 omnibus
1707 737 1877 784 Christi

179 810 417 869 Ecclesiis,
457 826 506 857 se
537 827 735 874 suasque
765 810 985 858 Ecclesias
1017 810 1324 871 condemnat,
1356 810 1482 876 quod
1515 820 1673 876 postea
1709 812 1769 860 ab
1803 814 1881 859 Ec-

178 888 313 936 clesia
338 902 532 934 romana
548 922 561 946 ⁷
587 903 639 933 ac
667 885 866 951 proinde
888 903 915 933 a
943 886 1167 951 reliquis,
1202 902 1304 951 quae
1330 888 1379 934 in
1412 888 1630 937 universo
1650 896 1882 936 terrarum

182 962 295 1011 orbe
332 980 440 1010 cum
484 978 537 1009 ea
577 962 952 1021 communicant,
993 980 1041 1009 se
1082 963 1417 1028 separaverint.
1459 965 1525 1010 Ex
1559 964 1638 1011 illo
1671 973 1883 1029 tempore

182 1038 484 1087 schismaticae
518 1037 649 1085 factae
672 1046 782 1084 sunt
797 1074 809 1097 .,
836 1037 1048 1103 nihilque
1072 1038 1274 1104 amplius
1299 1057 1546 1087 commune
1574 1039 1751 1088 habent
1776 1057 1881 1087 cum

180 1115 387 1180 antiquis
422 1112 698 1161 britannicis
724 1113 964 1173 Ecclesfis,
997 1130 1099 1180 quae
1129 1115 1459 1164 intemeratam
1492 1125 1741 1164 servarunt
1776 1133 1883 1163 cum

182 1191 382 1240 Ecclesia
402 1206 597 1237 romana
615 1225 628 1248 .‚
648 1188 697 1236 id
709 1199 780 1237 est
804 1189 1046 1246 catholica,
1076 1191 1321 1238 unitatem.
1349 1193 1591 1239 Possemus
1610 1209 1774 1255 urgere
1793 1192 1884 1238 du-

184 1268 321 1314 bium
344 1267 535 1322 saltem,
563 1265 661 1313 sive
690 1282 747 1312 ex
770 1274 904 1331 parte
922 1269 1064 1328 juris
1089 1267 1187 1314 sive
1207 1284 1263 1314 ex
1291 1276 1423 1332 parte
1449 1270 1607 1330 facti,
1636 1266 1694 1314 de
1727 1266 1884 1315 valore

182 1343 537 1391 ordinationum
570 1340 943 1405 anglicanarum,
975 1359 1026 1389 ac
1061 1351 1308 1407 propterea
1340 1343 1674 1408 Episcoporum
1711 1358 1886 1389 succes—

182 1419 316 1467 sione
338 1417 426 1482 (2);
452 1434 619 1467 verum
637 1435 752 1482 opus
776 1435 874 1465 non
894 1426 984 1477 est,
998 1426 1052 1465 ut
1069 1435 1154 1465 nos
1177 1418 1227 1465 in
1248 1417 1371 1465 hanc
1388 1417 1753 1483 disputationem
1772 1434 1885 1464 con-

185 1584 286 1638 quod
317 1585 358 1622 in
378 1585 603 1622 immensum
629 1590 738 1634 anget
760 1584 916 1621 istorum
927 1582 997 1621 cri-

185 1663 273 1689 men
291 1680 302 1697 ,
334 1657 387 1688 est
399 1648 556 1701 supplex
578 1647 642 1687 illa
662 1641 817 1700 rogatio,
839 1662 913 1700 qua
938 1661 1002 1699 pe-

188 1724 271 1754 tunt
285 1715 331 1754 ab
347 1715 571 1766 Imperatore
591 1743 601 1762 ‚
624 1722 666 1752 ut
688 1714 777 1753 velit
794 1728 831 1753 se
845 1727 1003 1766 suosque

188 1795 311 1834 greges
352 1783 392 1819 in
425 1781 728 1818 communionem
752 1779 914 1831 recipere
951 1778 1004 1817 ad

184 1859 319 1899 pacem
337 1852 376 1884 et
392 1844 552 1883 salutem
573 1846 796 1882 animarum
810 1856 829 1893 ‚·
852 1844 1004 1896 perinde

190 1924 235 1949 ac
262 1913 292 1949 si
317 1913 358 1949 in
382 1910 458 1949 sola
481 1912 618 1948 russina
635 1909 795 1949 Ecclesia
819 1908 905 1962 quis
921 1923 1004 1961 pos-

191 1975 237 2014 sit
257 1976 421 2014 obtinere
442 1975 601 2014 salutem
615 2004 627 2025 ‚
641 1974 871 2028 quicumque
887 1974 1005 2028 igitur

191 2048 290 2080 extra
320 2041 498 2079 ditionem
532 2042 736 2091 russicam,
769 2040 864 2079 ultra
886 2053 1004 2093 quam

192 2120 270 2145 non
299 2106 507 2145 extenditur
541 2106 604 2144 illa
641 2118 849 2160 synagoga,
875 2106 1006 2145 salvari

194 2187 272 2212 non
291 2180 428 2224 posset.
461 2171 523 2210 Vae
546 2170 619 2209 illis
634 2201 645 2219 ,
675 2172 741 2224 qui
760 2173 944 2223 incipiunt
966 2173 1006 2209 in

192 2252 350 2291 praeceps
371 2251 476 2277 ruere
496 2249 508 2287 3
526 2251 602 2276 non
615 2244 668 2276 est
691 2235 759 2275 ubi
781 2236 1004 2275 consistant!

248 2303 301 2355 (Ι)
330 2303 409 2343 Cfr.
423 2302 656 2342 Bollandiani
671 2331 682 2349 ‚
696 2300 801 2340 Acta
823 2299 1006 2342 SS.t0m.

193 2381 221 2407 n
235 2397 247 2419 ‚
268 2368 462 2420 septembr.
487 2368 670 2407 dissertat.
686 2365 745 2406 De
767 2367 1008 2405 conversione

194 2441 230 2473 et
248 2434 325 2484 fide
340 2435 551 2473 Bassorum
562 2464 573 2484 ,
588 2434 609 2487 §
627 2448 673 2474 10
686 2449 703 2484 ,·
719 2448 788 2473 nec
805 2448 882 2473 non
894 2432 1007 2473 Card-

194 2497 376 2538 Baronius
392 2529 402 2547 ‚
434 2503 475 2539 in
499 2501 706 2552 appendice
732 2499 789 2539 De
816 2498 1010 2539 Ruthenie

198 2563 250 2602 ad
283 2566 591 2603 communionem
624 2563 739 2604 Sedis
783 2563 1012 2616 Apostolicoe

196 2629 353 2681 receptis
364 2629 435 2667 sub
452 2628 643 2668 Clemente
658 2627 786 2669 VIII
789 2659 800 2672 .
816 2632 856 2668 in
867 2628 908 2667 A
912 2643 1012 2678 nna-

195 2693 265 2733 lib.
284 2693 372 2733 edit.
407 2694 582 2733 Lucensis
610 2702 701 2733 tom.
722 2708 758 2734 ιι
779 2724 790 2743 ,
817 2709 899 2747 pag.
930 2692 1012 2735 658

197 2768 233 2800 et
265 2774 367 2813 seqq.
407 2759 632 2813 Spondanus
677 2761 723 2800 ad
772 2775 835 2800 an.
889 2760 991 2816 1595
1007 2791 1017 2809 ‚

143 2876 145 2879 .
199 2840 241 2865 n.
275 2823 349 2875 14,
369 2833 442 2864 etc.

255 2891 304 2944 (2)
334 2890 464 2931 Praeter
489 2904 547 2940 ea,
568 2905 650 2944 quae
664 2894 759 2931 circa
773 2892 936 2932 valorem
950 2893 1024 2932 Or-

201 2958 440 2997 dinationum
487 2957 766 3010 anglicanarum
810 2957 940 3010 scripsi
987 2960 1028 2997 in

202 3031 311 3063 tract.
339 3022 397 3063 Do
422 3021 597 3071 Ordine,
624 3039 664 3062 n.
703 3024 774 3077 137
795 3051 808 3069 ,
837 3018 914 3063 not.
953 3023 998 3074 (a)
1016 3053 1027 3071 ‚

1070 1582 1264 1634 specialem
1274 1582 1601 1620 considerationem
1611 1579 1887 1633 meretur-‚quod

1070 1650 1267 1688 novissime
1296 1646 1438 1700 scripsit
1462 1648 1584 1687 claris.
1607 1649 1684 1699 ipse
1709 1646 1778 1685 Dr.
1803 1646 1891 1684 Lin-

1071 1714 1161 1765 gard
1195 1716 1235 1752 in
1261 1726 1390 1766 opusc.
1420 1713 1532 1751 relato
1565 1715 1605 1752 in
1635 1711 1791 1750 Dublin
1817 1710 1891 1750 Re-

1072 1782 1167 1818 oiew
1188 1809 1199 1827 ,
1227 1792 1352 1817 mense
1380 1780 1471 1830 maj.
1505 1776 1633 1828 1840,
1670 1779 1850 1829 inscripto
1878 1789 1890 1813 ε

1071 1844 1253 1883 Ecclesia
1267 1842 1476 1895 anylicana
1489 1843 1714 1894 reformavit
1728 1854 1776 1880 ne
1789 1841 1895 1893 selp-

1073 1910 1193 1949 nam?
1219 1911 1276 1949 Ibi
1306 1910 1467 1949 ostendit
1490 1924 1604 1963 quam
1638 1911 1800 1958 incerta,
1828 1909 1895 1946 aut

1071 1977 1198 2014 saltem
1213 1990 1324 2028 quam
1350 1976 1613 2027 problematice
1632 1975 1683 2013 sit
1696 1976 1886 2028 praetensio

1072 2041 1242 2080 Ecclesiae
1266 2041 1467 2092 anglicanae
1495 2041 1658 2080 habendi
1693 2042 1891 2079 successio-

1074 2120 1162 2146 nem
1191 2106 1428 2159 apostolicam
1454 2107 1494 2143 in
1527 2105 1766 2157 Episcopatu.
1793 2103 1888 2142 Prae-

1073 2172 1277 2211 scindendo
1303 2172 1401 2210 enim
1421 2170 1468 2209 ab
1491 2170 1773 2209 authenticitate
1793 2177 1891 2208 acto·

1073 2252 1158 2277 rum
1182 2237 1503 2276 lambethanorum
1518 2266 1529 2284 ‚
1565 2235 1716 2275 certum'
1734 2244 1809 2283 est,
1838 2239 1893 2277 uti

1074 2305 1152 2356 ipse
1162 2304 1435 2351 animadvertit,
1444 2302 1551 2342 valde
1562 2301 1773 2341 dubitatum
1783 2300 1895 2340 etiam

1075 2369 1121 2407 ab
1146 2370 1251 2407 initio
1281 2369 1395 2408 fuisse
1427 2368 1472 2407 de
1504 2368 1626 2406 valore
1653 2367 1895 2406 consecratio-

1076 2436 1133 2472 nis
1154 2435 1424 2486 Archiepiscopi
1441 2432 1589 2472 Parkeri
1606 2463 1617 2481 ,
1643 2432 1690 2482 (a
1711 2447 1787 2486 quo
1815 2432 1892 2470 solo

1078 2501 1301 2551 proveniunt
1343 2498 1502 2538 actuales
1548 2498 1720 2551 Episcopi
1770 2496 1889 2548 angli-

1079 2566 1161 2604 cani
1184 2565 1337 2616 omnes)
1366 2578 1444 2603 non
1475 2565 1596 2603 solum
1622 2579 1643 2603 a
1671 2561 1869 2611 Catholicis
1887 2590 1898 2608 ‚

1079 2643 1212 2669 verum
1235 2632 1347 2669 etiam
1386 2645 1406 2669 a
1426 2629 1603 2682 gubernio
1630 2630 1708 2680 ipso
1735 2625 1902 2667 Elisabe-

1080 2697 1151 2734 thae
1165 2726 1175 2744 ‚
1194 2697 1246 2734 sic
1268 2705 1309 2734 ut
1331 2698 1576 2735 necessarium
1609 2704 1756 2746 prorsus
1785 2692 1903 2731 duxe-

1086 2764 1134 2799 rit
1154 2773 1341 2801 recurrere
1354 2762 1400 2800 ad
1418 2759 1720 2811 omnipotentiam
1743 2758 1878 2809 reginae
1890 2787 1903 2806 ‚

1089 2826 1135 2865 ad
1160 2841 1241 2866 eam
1266 2824 1552 2867 Ordinationem
1566 2823 1613 2862 ab
1635 2823 1737 2861 omni
1760 2822 1904 2861 defectu

1091 2892 1308 2931 sanandam.
1321 2891 1411 2929 Haec
1422 2902 1528 2941 porro
1536 2886 1762 2926 mandatum
1772 2886 1902 2935 edixit,

1093 2969 1168 3009 quo
1191 2969 1239 2995 ex
1254 2953 1501 3009 plenitudine
1523 2953 1641 3005 reqioe
1665 2965 1745 2991 suoe
1777 2958 1907 2991 aucto-

1094 3021 1226 3060 ritatis
1260 3018 1456 3073 supplebat
1479 3017 1637 3058 cuilibet
1674 3016 1840 3067 defhctui
1861 3016 1907 3053 in
