2028 3354
1766 170 1856 216 159

524 172 647 204 PART.
690 175 719 202 1.
758 174 853 204 CAP.
895 177 963 205 111.
1006 178 1059 205 DE
1096 178 1310 207 ECCLESIAE
1346 180 1489 211 NoTls.

643 298 883 346 Adversus
910 308 1070 347 notam
1094 306 1376 351 sanctitatis.

230 447 341 493 256.
377 446 480 509 Obj.
520 450 685 513 prima.
721 452 768 496 1⁰
813 452 950 499 Deest
979 452 1030 499 in
1055 453 1251 501 Ecclesia
1280 472 1472 504 romana
1500 461 1717 509 sanctitas
1766 463 1853 511 do-

165 523 324 570 ctrinae
341 558 353 582 7
368 540 471 570 cum
496 524 650 572 foveat
668 526 838 574 scelera
851 544 905 574 ex
927 527 1226 576 absolutionis
1244 530 1485 593 facilitate,
1508 552 1647 601 quam
1669 540 1719 586 in
1744 542 1852 590 vitae

162 598 289 644 exitu
319 616 404 646 nec
435 599 764 649 scelestissimis
792 603 1014 667 denegat3
1046 620 1151 650 cum
1185 606 1364 653 nullam
1395 609 1537 657 fidem
1568 617 1850 665 servandam

158 672 382 721 haereticis
419 675 608 735 doceat3
657 694 761 725 cum
782 682 1048 740 juramenta
1090 680 1270 745 aliaque
1303 683 1637 748 obligationum
1665 694 1851 744 vincula

158 749 455 798 sacerdotum
490 752 680 800 arbitrio
708 753 912 801 relaxare
937 755 1203 818 permittat;
1237 774 1343 805 cum
1364 760 1633 812 innumeras
1654 786 1849 836 corrup—

157 826 271 875 telas
303 830 480 877 nutriat
506 831 556 877 in
588 831 690 877 sinu
727 847 823 877 suo.
855 832 911 876 20
943 833 1036 880 Nec
1066 835 1209 898 magis
1238 835 1360 884 illius
1392 838 1597 890 Ecclesiae
1628 849 1846 896 sanctitas

158 903 308 951 elucet
329 905 378 951 in
407 904 629 953 membris
657 906 752 952 suis
778 927 790 966 3
815 910 1096 956 monasteria
1114 912 1241 958 enim
1260 949 1272 972 ,
1299 913 1477 965 fatente
1496 918 1722 988 Episcopo
1741 925 1847 972 Ric—

154 979 247 1037 cio,
279 980 552 1045 plerumque
586 998 682 1028 non
711 992 821 1030 sunt
856 984 945 1031 nisi
972 986 1195 1034 vitiorum
1217 991 1417 1038 sentina·
1451 993 1507 1040 3⁰
1543 996 1701 1046 Plures
1723 1000 1847 1049 Pon—

153 1054 295 1102 tifices
328 1057 453 1101 omni
481 1056 760 1119 flagitiorum
790 1076 957 1123 genere
985 1061 1194 1110 obstricti
1225 1075 1363 1125 suntt,
1396 1068 1606 1136 plerique
1634 1075 1846 1144 Episcopi

150 1130 393 1178 sceleribus
425 1141 534 1178 sunt
563 1135 882 1200 coinquinatig
925 1138 1185 1187 sacerdotes
1213 1142 1449 1192 innumeri
1477 1149 1697 1198 scandalo
1732 1164 1846 1203 sunt

150 1204 275 1271 plebi
293 1205 584 1268 christianae3
617 1210 719 1258 laici
747 1211 972 1260 ebrietate
989 1251 1001 1273 7
1017 1217 1180 1280 jurgiis
1198 1253 1211 1276 Ἴ
1238 1219 1519 1270 facinoribus
1549 1228 1766 1278 omnibus
1789 1247 1844 1280 ea

149 1282 199 1327 in
238 1282 433 1330 Ecclesia
471 1285 758 1334 sordescunt.
802 1288 854 1334 4⁰
887 1290 1024 1348 Quod
1056 1291 1093 1337 si
1126 1292 1283 1357 plures
1321 1297 1371 1343 in
1406 1299 1604 1349 Ecclesia
1647 1322 1845 1356 romana

146 1359 295 1405 sancti
318 1370 626 1408 numerantur
643 1399 656 1419 ,
677 1380 817 1411 nemo
838 1375 908 1412 est
934 1367 1018 1431 'qui
1038 1369 1211 1415 nesciat
1229 1407 1241 1429 ,
1266 1371 1423 1436 plures
1438 1392 1495 1423 ex
1517 1377 1697 1429 incerta
1717 1383 1842 1433 fama

147 1435 196 1479 in
216 1435 496 1483 Sanctorum
517 1437 678 1485 album
699 1440 838 1488 fuisse
861 1442 1051 1504 relatos,
1078 1461 1183 1492 cum
1202 1464 1299 1495 non
1316 1454 1511 1515 coeperit
1529 1457 1836 1521 Sanctorum,

146 1519 197 1555 ut
218 1510 385 1557 dicitur
405 1548 418 1571 ,
443 1517 744 1562 canonizatio
769 1517 859 1563 nisi
887 1519 1040 1566 seculo
1066 1521 1152 1568 XII
1178 1523 1363 1585 invehi3
1397 1529 1550 1578 medio
1581 1538 1840 1597 praesertim

145 1599 241 1632 aevo
258 1585 521 1652 plerosque,
544 1590 622 1655 qui
641 1590 873 1639 cucullum
897 1597 1204 1645 monasticum
1232 1600 1511 1666 induissent7
1536 1609 1838 1661 Sanctosrha-

144 1659 263 1706 bitos
302 1678 425 1720 esse3
474 1682 583 1711 nam
626 1668 861 1731 superiore
893 1679 1079 1718 tantum
1113 1675 1267 1723 seculo
1314 1689 1438 1728 certa
1466 1682 1565 1748 lege
1596 1686 1645 1732 in
1673 1704 1838 1738 eorum

142 1736 437 1784 sanctitatem
459 1741 705 1804 quaesitum
723 1743 809 1790 fuit
825 1781 836 1803 ,
863 1763 949 1793 nec
967 1745 1143 1812 absque
1160 1754 1366 1816 partium
1383 1757 1524 1805 studii
1542 1797 1554 1820 ,
1580 1772 1660 1810 aut
1680 1766 1833 1832 turpis

140 1813 278 1859 etiam
299 1812 414 1861 lucri
437 1817 726 1881 suspicionet,
759 1830 896 1869 antea
922 1840 1032 1871 vero
1051 1842 1124 1873 res
1144 1836 1240 1875 tota
1260 1829 1318 1876 ab
1342 1832 1480 1881 unius
1505 1835 1755 1890 alteriusve
1777 1852 1831 1890 ut

74 1891 76 1894 '
139 1886 395 1952 plurimum
416 1891 590 1953 judicio
621 1896 812 1944 omnino
838 1899 1076 1962 pendebat
1101 1903 1188 1968 (l).
1225 1906 1357 1969 Ergo.

203 1965 315 2012 257.
355 1969 492 2034 Resp.
521 1973 634 2036 Neq.
668 1983 770 2021 ant.
804 1975 874 2023 Ad
908 1977 973 2024 lm
1001 1989 1158 2028 autem
1189 1983 1323 2047 prob.
1353 1988 1479 2035 Dz'st.
1513 1990 1719 2042 Facilitas
1744 1996 1829 2044 ab-

137 2039 377 2091 solutionis
409 2045 578 2094 scelera
610 2048 766 2109 fovet,
807 2053 895 2099 nisi
923 2058 1057 2115 juxta
1085 2060 1379 2125 praescriptas
1411 2080 1437 2111 a
1462 2069 1569 2128 jure
1593 2069 1752 2119 divino
1782 2083 1829 2121 et

136 2116 439 2167 ecclesiastico
455 2124 633 2186 regulas
652 2125 946 2189 impertiatur
963 2166 975 2189 .,
996 2148 1156 2187 conc.;
1189 2136 1226 2182 si
1240 2139 1372 2199 juxta
1394 2156 1471 2188 eas
1488 2144 1687 2207 regulas,
1713 2164 1827 2213 quas

138 2295 357 2344 hoeretic083
375 2297 527 2347 librum,
551 2314 663 2352 quem
689 2304 831 2353 scripsit
854 2303 946 2343 Beza

137 2374 200 2399 an.
233 2357 334 2409 1554
349 2390 360 2409 ,
387 2360 443 2400 De
458 2363 645 2403 haereticio
670 2379 694 2403 a
719 2369 949 2419 maqistratu

136 2424 250 2465 civili
279 2428 520 2477 puniendis;
551 2432 639 2470 item
675 2433 879 2473 doctrinam
913 2444 950 2475 et

136 2492 231 2529 facta
256 2490 410 2530 Lutheri
445 2507 489 2532 ac
523 2495 820 2537 Melanchthonis
852 2501 948 2539 circa

135 2557 479 2595 exterminationem
492 2567 528 2597 et
545 2564 834 2613 peremptionem
848 2560 957 2604 Ana-⁵

135 2622 400 2675 baptistarum3
431 2623 552 2663 delere
589 2626 765 2667 deberent
798 2632 947 2683 vestigia

138 2688 238 2727 illius
261 2688 466 2741 sanguinis,
487 2693 605 2744 quiin
628 2692 762 2747 Anglia
786 2710 851 2749 per
879 2699 947 2736 tria

139 2754 213 2792 fere
226 2755 451 2794 continentia
465 2759 586 2796 secula
605 2757 743 2798 effusus
757 2770 810 2800 est
826 2789 837 2811 ,
864 2769 945 2802 tum

138 2822 177 2857 in
191 2817 384 2860 Germania
400 2851 410 2868 ,
440 2829 518 2860 tum
539 2824 579 2861 in
601 2822 746 2874 Galliis;
768 2826 943 2868 deberent

136 2897 156 2920 e
167 2883 352 2923 modernis
364 2885 650 2937 legislationibus
665 2888 802 2930 Sueeiae
815 2921 826 2940 ‚
843 2891 940 2933 Rus-

134 2949 194 2985 siae
205 2977 215 2989 .
239 2956 309 2988 etc.
325 2951 472 2991 eradere
488 2960 541 2991 tot
554 2955 728 2994 articulos
744 2984 755 3004 ,
777 2957 912 3010 quibus
927 2989 937 3008 ,

1015 2308 1078 2358 qui
1110 2309 1230 2348 redire
1263 2312 1391 2351 volunt
1421 2316 1467 2354 ad
1500 2320 1636 2357 avitam
1669 2330 1825 2364 matrem

1015 2370 1215 2412 Ecclesiam
1227 2377 1447 2417 catholicam
1462 2410 1473 2428 ,
1495 2381 1690 2435 direptioni
1702 2387 1822 2429 bono-

1013 2450 1093 2475 rum
1110 2468 1122 2487 ,
1148 2438 1259 2479 exilio
1286 2442 1439 2497 aliisque
1460 2450 1681 2498 gravissimis
1705 2458 1822 2506 poenis

1015 2502 1277 2555 subjiciuntur.
1294 2507 1387 2548 Vere
1410 2510 1500 2550 dum
1510 2511 1589 2554 haec
1611 2521 1820 2570 conspicio,

1016 2569 1106 2607 mihi
1145 2572 1267 2612 videre
1301 2577 1424 2615 videor
1461 2581 1647 2623 sordidam
1684 2587 1821 2627 effron-

1015 2641 1161 2688 temque
1195 2638 1296 2677 illam
1335 2642 1568 2697 adulteram,
1601 2663 1683 2702 quae
1711 2652 1818 2695 Prov.

1014 2712 1107 2747 xxx,
1125 2714 1186 2749 20,
1204 2704 1387 2755 eomedit,
1413 2716 1450 2747 et
1466 2717 1613 2764 terqem
1628 2728 1670 2754 os
1686 2730 1817 2767 suum,

1013 2763 1108 2802 dicit
1126 2781 1135 2804 ε
1152 2780 1232 2807 non
1259 2784 1345 2809 sum
1369 2783 1522 2826 operata
1545 2779 1704 2822 malum.

1062 2831 1113 2881 (1)
1143 2833 1199 2872 Ita
1215 2839 1351 2888 passim
1375 2844 1593 2885 recentiores
1616 2858 1818 2899 protestan-

1007 2902 1074 2944 tes,
1091 2899 1187 2950 apud
1198 2899 1370 2953 Kenrick,
1386 2918 1449 2958 op.
1464 2910 1526 2951 cit.
1542 2919 1631 2951 tom.
1643 2928 1722 2966 ηρ.
1743 2927 1815 2967 190

1007 2970 1042 3000 et
1062 2976 1165 3018 seqq.
