2028 3354
236 206 333 255 368
691 216 848 248 macr.
888 217 942 247 nn
974 217 1093 248 roms
1127 219 1429 252 mnommms.

234 337 510 385 duraturum
544 330 768 396 quamdiu
799 329 1005 377 Ecclesiae
1034 332 1185 379 unitas
1214 334 1466 398 perdurare
1500 338 1640 388 debet
1669 356 1727 388 ex
1756 341 1930 389 Christi

235 410 525 460 institutione
544 444 555 466 .‚
581 424 752 471 nempe
777 424 921 472 usque
946 407 1005 453 ad
1027 407 1193 455 mundi
1218 411 1392 458 exitum
1408 449 1421 472 7
1447 425 1585 478 prout
1610 415 1745 463 nobis
1768 425 1928 463 osten-

236 486 445 537 dendum
481 484 821 550 proposuimus.

887 603 1282 640 DIFFICULTATES.

303 721 414 768 538.
454 717 553 781 Obj.
577 720 826 783 Perperam
845 734 1144 764 romanenses
1163 718 1442 766 adnituntur
1455 722 1702 770 ostendere
1718 757 1734 781 .,
1760 724 1933 789 prima-

236 807 339 846 tum
371 796 494 844 Petri
516 794 786 842 institutum
820 794 957 840 fuisse
984 793 1043 840 ob
1069 794 1258 859 aliquod
1287 796 1519 858 objectum
1540 816 1854 859 permanens,
1880 817 1932 847 ac

235 873 432 941 proinde
466 871 525 919 ad
558 871 668 918 alios
694 869 906 917 debuisse
930 870 1203 918 transmitti.
1236 872 1281 918 Si
1316 872 1442 936 quod
1471 875 1597 920 enim
1619 874 1776 922 fuisset
1810 879 1934 937 ejus·-

235 950 364 998 modi
401 949 659 1010 objectum,
700 955 824 993 certe
876 947 1033 993 fuisset
1076 953 1364 994 conservatio
1404 952 1637 1009 unitati-33
1684 954 1782 1013 jam
1821 968 1932 999 vero

239 1029 289 1076 10
310 1026 439 1073 nulla
452 1042 660 1090 unquam
677 1041 731 1071 ex
745 1024 991 1089 Scripturis
1010 1022 1210 1070 adducta
1230 1024 1315 1069 fuit
1344 1024 1556 1090 probatio
1578 1026 1713 1088 hujus
1734 1030 1936 1075 rationis

189 1144 203 1151 -
236 1105 493 1151 theoreticae
541 1100 598 1148 de
634 1100 927 1146 institutione
963 1100 1086 1146 Petri
1124 1100 1377 1164 primatus,
1423 1101 1699 1167 nullumque
1747 1120 1937 1168 prorsus

236 1180 432 1228 occurrit
459 1179 509 1224 in
533 1178 781 1241 Scripturis
815 1176 901 1222 hac
939 1176 996 1223 de
1026 1193 1075 1224 re
1103 1177 1454 1231 testimonium;
1490 1179 1544 1224 20
1576 1180 1702 1243 quod
1739 1198 1845 1226 cum
1871 1180 1934 1227 ita

236 1275 285 1304 se
307 1255 501 1314 habeat7
534 1258 640 1316 jure
670 1253 868 1299 infertur
889 1270 944 1299 ex
973 1253 1214 1318 principiis
1259 1253 1465 1312 Veronii,
1501 1256 1726 1313 Bossueti‚
1759 1266 1938 1303 cetero-

235 1349 435 1396 rumque
454 1331 831 1395 praestantiorum
857 1328 1180 1391 theologorum
1207 1328 1413 1376 Ecclesiae
1442 1347 1675 1391 romanae,
1707 1332 1936 1379 motivum

235 1408 538 1455 institutionis
561 1406 788 1471 primatus
815 1423 911 1451 non
940 1423 1073 1470 posse
1095 1405 1203 1452 fidei
1223 1406 1464 1452 materiam
1495 1423 1592 1453 esse
1610 1444 1622 1466 7
1655 1424 1806 1471 neque
1826 1407 1936 1454 fun-

237 1486 348 1532 dare
375 1483 623 1532 articulum
650 1481 772 1528 fidei.
821 1483 1072 1547 Nunquam
1103 1482 1189 1529 hoc
1226 1482 1452 1528 motivum
1481 1482 1740 1530 revelatum
1772 1492 1866 1543 est,
1886 1500 1938 1530 ac

235 1561 317 1609 soli
358 1559 555 1625 proinde
590 1563 865 1621 conjecturae
901 1558 1134 1606 innititur.
1182 1558 1233 1605 30
1267 1558 1401 1616 Quod
1434 1559 1471 1605 si
1507 1561 1552 1606 S.
1591 1560 1899 1624 Hieronymus
1922 1597 1935 1620 ‚

237 1647 285 1686 et
306 1637 461 1684 forsan
478 1653 598 1682 unus
619 1634 795 1682 alterve
830 1644 1054 1699 praeterea
1092 1637 1228 1681 Pater
1256 1637 1603 1682 romanensium
1627 1636 1741 1682 ideae
1765 1636 1939 1697 faveat,

235 1715 284 1761 id
316 1714 480 1779 nequit
513 1714 708 1759 istorum
750 1710 902 1758 ideam
932 1711 1166 1773 objectum
1200 1712 1492 1758 certitudinis
1529 1711 1724 1759 efficere.
1764 1713 1817 1757 40
1847 1714 1940 1759 Nec

237 1791 397 1850 obest,
434 1789 681 1836 Ecclesiam
704 1788 754 1833 in
781 1788 1027 1851 Scripturis
1051 1787 1275 1852 appellari
1308 1791 1446 1842 ovile,
1476 1806 1703 1852 reynum,
1730 1805 1904 1850 corpus
1916 1822 1934 1844 ,

237 1866 364 1933 quod
389 1867 569 1928 exigere
595 1863 782 1911 videtur
812 1872 1074 1928 pastorem,
1105 1864 1365 1928 principem
1398 1873 1446 1910 et
1470 1872 1637 1928 caput,
1668 1873 1715 1911 et
1744 1862 1936 1929 quidem

235 1944 424 1990 visibile
446 1977 459 2000 ‚
496 1949 633 2005 prout
660 1938 855 1987 visibilis
890 1940 987 2003 ipsa
1016 1939 1207 1986 Ecclesia
1232 1949 1328 1997 est3
1363 1939 1594 2004 siquidem
1619 1939 1815 1986 Ecclesia
1837 1957 1936 1986 non

237 2028 307 2067 est
334 2017 521 2082 proprie
558 2033 638 2063 seu
671 2017 941 2062 litteraliter
971 2017 1112 2071 ovile,
1148 2015 1229 2062 sed
1258 2015 1408 2062 solum
1441 2017 1633 2080 figurate
1671 2025 1718 2063 et
1756 2016 1935 2080 impro-

236 2095 351 2161 prie.
381 2093 508 2140 Idem
539 2092 718 2139 dicatur
748 2091 806 2139 de
834 2109 974 2155 reyno
999 2100 1044 2138 et
1070 2109 1277 2155 corpore.
1312 2093 1551 2154 Ejusmodi
1582 2091 1779 2157 proinde
1805 2090 1935 2137 locu-

236 2172 386 2218 tiones
410 2177 596 2216 tantum
624 2168 898 2231 significant,
927 2167 1174 2214 Ecclesiam
1212 2185 1310 2215 esse
1337 2169 1602 2216 societatem
1638 2167 1904 2214 ordinatam
1921 2202 1935 2226 ‚

238 2247 290 2293 5⁰
324 2249 465 2293 Porro
493 2243 737 2291 essentiale
767 2244 974 2291 societati
1006 2244 1132 2291 haud
1160 2261 1259 2291 esse
1294 2253 1442 2307 caput
1478 2242 1653 2292 visibile
1671 2279 1683 2302 a
1723 2252 1853 2307 patet
1876 2260 1935 2290 ex

237 2341 310 2381 eo,
333 2322 458 2387 quod
470 2320 625 2386 plures
651 2329 795 2367 status
817 2320 1015 2367 existant
1034 2320 1209 2384 absque
1236 2321 1523 2368 monarchia.
1538 2320 1759 2378 Quamvis
1779 2328 1937 2366 autem

235 2399 467 2446 institutio
494 2398 654 2462 capitis
678 2414 729 2443 ac
759 2397 955 2461 pastoris
982 2397 1241 2461 plurimum
1270 2398 1476 2443 conferat
1499 2396 1558 2443 ad
1591 2397 1798 2444 Ecclesiae
1829 2395 1936 2442 uni-

236 2485 382 2523 tatem
419 2484 466 2523 et
500 2475 741 2532 ordinem,
787 2483 926 2539 prout
958 2474 1033 2521 vel
1080 2475 1168 2539 ipsi
1212 2478 1526 2523 protestantes
1563 2474 1757 2521 confessi
1793 2480 1932 2530 sunt,

234 2552 395 2599 inferri
413 2550 581 2599 exinde
606 2550 786 2615 nequit7
816 2550 1055 2597 Christum
1073 2551 1123 2598 id
1144 2550 1400 2615 perfecisse.
1417 2551 1620 2611 Etenim,
1637 2551 1707 2598 uti
1730 2546 1935 2596 animad-

235 2628 379 2677 vertit
412 2629 688 2686 BossuetUS‚
726 2627 1039 2674 nosminime
1074 2628 1289 2674 insistere
1324 2627 1552 2675 debemus
1585 2627 1723 2674 meris
1752 2623 1937 2671 ratioci-

235 2702 501 2752 nationibus
547 2710 627 2749 aut
665 2700 931 2763 desideriis,
975 2702 1057 2750 sed
1094 2705 1503 2767 promissionibus
1534 2707 1673 2751 certis
1721 2709 1764 2746 et
1798 2707 1935 2745 certoe

235 2781 507 2827 traditioni.
545 2779 593 2825 Si
630 2776 774 2825 semel
814 2777 1052 2827 desideriis
1090 2789 1171 2826 aut
1200 2781 1390 2827 somniis
1409 2779 1649 2841 indulgere
1671 2792 1756 2822 nos
1778 2774 1935 2822 delec-

237 2865 385 2914 taret,
427 2872 668 2920 possemus
720 2854 911 2919 quidem
951 2865 1113 2921 optare
1160 2858 1295 2903 Rom.
1360 2856 1631 2903 Pontificem
1667 2869 1763 2899 non
1796 2850 1936 2898 modo

236 2934 497 2980 immunem
542 2930 601 2977 ab
644 2946 801 2978 errore
838 2948 961 2991 esse,
1006 2931 1088 2978 sed
1122 2931 1315 2997 insuper
1351 2949 1377 2978 a
1419 2937 1630 2995 peccato,
1674 2927 1936 2992 ignorantia

235 3018 316 3056 aut
330 3007 600 3074 cupiditate.
625 3008 867 3054 Possemus
892 3024 1122 3072 qum-ere,
1161 3024 1305 3071 quare
1323 3042 1335 3066 ⁷
1363 3009 1401 3054 si
1425 3005 1633 3053 Christus
1664 3004 1782 3053 dixit
1812 3005 1936 3068 Apo-
