2028 3354
225 193 322 241 340
348 242 351 244 Α

702 208 855 238 ΤΒΔΟΤ.
900 210 953 237 DE
988 209 1109 239 LOCIS
1144 211 1446 242 THEOLOGICIS.

221 324 515 373 Firmilianus
550 322 620 386 (1)
641 357 653 379 .,
675 321 874 385 Optatus
899 320 969 384 (2)
993 357 1006 379 ,
1043 323 1263 370 Pacianus
1289 325 1386 388 (3),
1419 323 1639 372 Eusebius
1667 323 1917 372 Vercellen·

220 403 279 448 sis
309 400 380 461 (4)
399 434 410 455 ἢ
442 398 686 460 Gregorius
721 397 1038 443 Nazianzenus
1062 397 1159 461 (5),
1198 399 1458 446 Ambrosius
1483 401 1552 464 (6)
1577 436 1588 455 .
1618 402 1754 447 Cone.
1788 401 1919 465 Aqui-

218 477 391 538 lejense
419 473 519 538 (7),
545 473 854 536 Hieronymus
881 472 980 534 (8),
1022 473 1301 536 Augustinus
1335 475 1434 537 (9),
1474 486 1559 522 etc.
1586 477 1672 534 Qui
1708 476 1919 540 quamvis

218 551 391 597 directe
420 566 517 596 non
545 566 729 613 semper
747 548 1000 612 loquantur
1024 547 1082 594 de
1116 550 1250 595 Petro
1267 584 1279 608 ,
1316 549 1395 596 sed
1414 550 1470 597 de
1493 551 1600 598 sede
1633 552 1785 612 Petri,
1811 569 1918 598 cum

215 636 376 673 tamen
396 643 490 688 non
511 624 647 671 aliam
675 624 734 671 ob
760 641 969 682 causam,
991 641 1132 689 quam
1154 641 1209 670 ex
1229 641 1282 670 eo
1305 624 1430 689 quod.
1449 626 1690 673 Pontifices
1726 628 1917 674 romani

219 719 499 750 successores
528 710 638 747 sunt
674 702 718 747 S.
753 700 905 758 Petri,
939 700 1012 745 cui
1035 699 1291 763 personalis
1323 701 1547 761 ejusmodi
1570 704 1871 766 praerogativa
1894 720 1919 750 a

224 779 407 827 Christo
452 775 627 824 tributa
681 776 820 822 fuerit
866 775 1092 839 primatus
1122 775 1170 821 in
1209 776 1474 823 universam
1517 776 1786 837 Ecclesiam,
1812 778 1921 826 talia

221 853 603 920 praedicaverint,
631 852 804 917 liquet,
833 850 1153 898 omnimodam
1174 852 1270 897 vim
1288 851 1554 912 hujusmodi
1574 853 1762 899 Patrum
1790 855 1922 901 testi-

222 933 378 979 monia
392 930 582 989 habere,
602 946 729 993 aeque
743 946 794 975 ac
807 929 843 974 si
862 928 1033 975 directe
1048 927 1105 974 de
1121 928 1240 974 Petri
1254 928 1458 992 primatu
1481 918 1784 993 loquerentur
1801 930 1919 995 (10).

288 1008 400 1054 504.
440 1009 610 1065 Quarta
628 1005 780 1051 classis
806 1021 862 1051 ex
884 1004 975 1051 illis
989 1004 1168 1067 exurgit
1192 1003 1431 1063 Patribus7
1456 1005 1535 1068 qui
1562 1003 1700 1051 verba
1717 1004 1889 1052 Christi
1906 1042 1918 1063 ἢ

221 1087 357 1132 Joan.
384 1085 522 1141 XXI„
565 1082 623 1128 de
656 1098 874 1146 suprema
912 1081 958 1125 in
996 1080 1235 1127 universos
1279 1079 1518 1145 Apostolos
1574 1091 1621 1127 et
1655 1082 1921 1128 universam

223 1160 474 1209 Ecclesiam
496 1158 768 1205 auctoritate
797 1157 1183 1220 interpretantur.
1212 1155 1330 1202 Sane
1350 1154 1667 1220 praelationem
1696 1158 1822 1204 Petri
1842 1175 1922 1204 su·-

222 1254 308 1303 per
332 1234 574 1301 Apostolos
603 1233 804 1297 reliquos
828 1231 996 1279 exinde
1015 1230 1235 1293 colligunt
1264 1232 1309 1277 S.
1349 1232 1436 1278 Leo
1459 1232 1518 1277 M.
1546 1231 1649 1295 (11)
1667 1268 1678 1290 7
1707 1234 1751 1279 S.
1777 1235 1915 1280 Joan.

225 1422 427 1462 cerdotalis
438 1429 567 1461 exorta
578 1430 646 1461 est.
663 1422 707 1460 Et
724 1423 762 1459 in
782 1420 849 1459 lib.
868 1420 922 1459 De
937 1421 1037 1457 unit.

225 1487 373 1528 Eccles.
387 1491 519 1539 passim
533 1515 546 1536 ,
571 1502 614 1525 ac
630 1489 825 1538 praesertim
847 1500 929 1538 pag.
951 1483 1038 1539 195,

228 1554 292 1592 ubi
330 1555 463 1605 legitur
494 1567 505 1592 :
533 1553 618 1606 Qui
651 1552 868 1590 cathedram
905 1548 1037 1598 Petri,

226 1632 342 1670 super
360 1632 469 1670 quem
478 1618 648 1670 fundata
672 1625 726 1656 est
748 1616 925 1655 Ecclesia
945 1647 955 1664 ‚
977 1617 1040 1655 de-

225 1686 346 1731 serit,
384 1685 430 1721 in
460 1683 637 1721 Ecclesia
679 1697 718 1720 se
743 1696 820 1720 esse
853 1682 1041 1734 confidit?

228 1749 417 1802 Equidem
445 1752 543 1796 scio,
567 1750 643 1786 haec
676 1748 788 1787 veluti
814 1748 991 1798 glossema
1022 1763 1040 1786 a

228 1816 421 1853 nonnullis
450 1816 583 1852 criticis
615 1816 758 1865 respui3
785 1827 912 1851 verum
938 1823 973 1851 et
993 1816 1042 1851 il-

227 1880 293 1919 lud
318 1882 404 1919 novi
419 1910 428 1927 ‚
456 1880 534 1918 haec
555 1881 630 1931 ipsa
657 1879 767 1918 verba
788 1882 837 1917 ita
860 1879 984 1917 referri
1003 1881 1038 1916 in

229 1945 364 1997 Pelagii
381 1959 425 1992 ιι,
440 1945 570 1997 Epist.
591 1944 642 1982 ad
668 1943 856 1996 Episcop.
885 1946 1013 1983 Istriae
1029 1972 1040 1993 ,

232 2020 268 2051 et
293 2013 333 2049 in
360 2012 525 2063 antiquis
555 2012 666 2049 etiam
695 2010 920 2062 quibusdam
938 2011 1040 2048 codi—

232 2077 336 2116 cibus
378 2078 495 2127 repcri
520 2104 531 2123 ‚
583 2089 626 2114 ac
664 2083 853 2126 propterea
892 2076 1041 2113 retineri

229 2143 276 2181 ab
303 2142 504 2181 editoribus
534 2141 700 2179 Manutio
716 2170 726 2186 ‚
758 2141 920 2179 Pamelio
939 2169 950 2187 ‚
976 2140 1043 2178 Ri-

230 2208 363 2260 gallio,
402 2207 586 2247 Mauriuo,
626 2206 694 2243 Hic
718 2214 839 2243 autem
875 2214 1041 2257 praeterea

229 2276 269 2312 in
285 2274 385 2325 praef.
419 2271 439 2325 ξ
461 2273 483 2311 3
503 2302 513 2321 ,
542 2273 733 2319 observat,
771 2272 911 2309 etiamsi
931 2272 1042 2310 verba

232 2340 310 2377 haec
333 2340 641 2389 dispungerentur
664 2367 673 2384 ,
699 2336 795 2373 nihil
815 2336 885 2373 hoc
908 2336 1042 2375 doctri-

230 2416 288 2442 noe
306 2404 451 2442 officere
464 2404 634 2455 Cypriani
650 2431 661 2449 ,
687 2404 750 2455 qui
773 2401 861 2440 alibi
880 2404 1012 2452 passim
1028 2432 1038 2450 ,

230 2471 428 2521 praesertim
461 2470 568 2520 epist.
606 2481 673 2513 n,
715 2467 816 2505 hunc
841 2469 1041 2518 primatum

229 2534 329 2573 Petri
355 2543 391 2572 et
419 2535 674 2571 necessitatem
707 2532 795 2571 huic
830 2533 1041 2571 adhaerendi

231 2600 438 2652 primatui,
468 2605 508 2636 ut
539 2599 620 2650 quis
652 2599 692 2635 in
714 2596 873 2635 Ecclesia
903 2598 1040 2637 Christi

230 2666 370 2704 censeri
388 2663 541 2711 debeat,
558 2662 732 2702 inculcat.
746 2660 818 2702 Sed
832 2677 916 2702 eum
931 2664 1041 2703 adisis

231 2730 304 2769 loc.
327 2731 391 2768 cit.

276 2794 337 2845 ,(1)
357 2795 400 2832 In
414 2792 547 2846 Epist.
564 2792 616 2831 ad
636 2792 825 2846 Cyprian.

277 2859 339 2910 (2)
372 2859 455 2897 Lib.
490 2870 561 2907 vn,
587 2855 639 2896 In
666 2859 923 2897 Parmenion.
950 2859 1039 2899 edit.

232 2925 422 2977 Albaspin.
441 2938 522 2976 pag.
552 2936 621 2975 ¹07
636 2952 648 2975 ‚
672 2926 777 2977 cujus
807 2931 951 2963 textum
976 2927 1036 2964 in-

231 2991 339 3033 ferius
365 2988 548 3029 dabimus,

1161 1417 1211 1468 (3)
1243 1416 1375 1469 Epist.
1398 1431 1454 1462 111,
1475 1418 1527 1456 ad
1537 1415 1740 1470 Sympron.
1754 1416 1846 1469 Ipso
1862 1432 1922 1456 re-

1102 1482 1245 1535 ferente
1267 1481 1469 1532 Mattltoeo,
1495 1486 1659 1536 inquit...
1687 1484 1737 1522 ad
1762 1481 1920 1522 Petrum

1108 1548 1255 1588 locutus
1269 1556 1324 1586 est
1333 1546 1525 1586 Dominus
1539 1578 1548 1596 ‚
1573 1555 1616 1586 ut
1638 1550 1826 1586 unitatem
1841 1549 1920 1600 for-

1108 1621 1233 1652 maret
1251 1628 1296 1651 ew
1318 1627 1411 1653 une.

1164 1679 1215 1729 (lo)
1247 1679 1292 1716 In
1320 1681 1425 1729 epist.
1448 1678 1582 1718 Liberii
1605 1679 1652 1717 ad
1674 1680 1864 1719 eumdem.

1161 1745 1215 1796 (5)
1248 1745 1291 1782 In
1315 1744 1497 1783 Carmine
1518 1745 1606 1783 υἱέα]
1626 1759 1721 1784 suae.

1166 1810 1217 1861 (6)
1248 1810 1292 1848 In
1316 1810 1451 1848 Psalm.
1479 1823 1537 1859 1v‚
1573 1825 1680 1849 num.
1717 1812 1767 1850 30
1784 1842 1793 1859 ‚
1816 1814 1921 1863 cujus

1109 1877 1279 1927 praeclara
1302 1877 1379 1914 haec
1400 1885 1485 1914 suut
1501 1876 1633 1915 verba:
1654 1875 1744 1929 Ipse
1768 1885 1823 1915 est
1837 1877 1917 1916 Pe-

1109 1950 1190 1980 trus
1207 1971 1218 1992 ,
1240 1944 1307 1980 cui
1330 1942 1433 1980 dimit
1456 1942 1632 1980 Christus
1659 1958 1671 1981 :
1704 1945 1768 1982 Tu
1791 1958 1830 1982 es
1846 1941 1920 1982 Pe-

1107 2014 1239 2047 trus...
1269 2008 1350 2047 Ubi
1370 2022 1455 2060 erqo
1469 2009 1608 2047 Petrus
1625 2040 1634 2057 ‚
1653 2009 1709 2047 ibi
1731 2008 1918 2048 Ecclesia.

1166 2075 1217 2126 (7)
1239 2075 1308 2113 Cui
1329 2076 1473 2126 praefuit
1494 2076 1535 2114 S.
1560 2076 1776 2115 Ambrosius
1795 2106 1805 2123 ‚
1824 2085 1916 2116 tom.

1110 2154 1159 2188 11,
1189 2155 1277 2192 opp.
1296 2139 1333 2178 S.
1358 2141 1489 2179 Ambr.
1511 2142 1613 2179 class·
1639 2154 1684 2185 2,
1715 2143 1823 2193 epist.
1849 2155 1890 2181 2.

1165 2206 1217 2256 (8)
1263 2205 1375 2245 Cont.
1414 2207 1545 2245 Jovin.
1583 2205 1652 2244 lib.
1687 2219 1726 2253 t,
1760 2221 1802 2245 n.
1836 2205 1887 2245 26
1902 2235 1916 2256 ‚

1109 2278 1144 2310 et
1159 2269 1290 2323 Epist.
1313 2284 1360 2309 xv
1379 2301 1389 2319 ‚
1423 2271 1475 2309 od
1500 2273 1667 2309 Damas.
1688 2286 1726 2309 n.
1751 2284 1773 2308 2
1791 2302 1801 2319 ,
1823 2273 1918 2310 edit.

1108 2335 1264 2374 Vallars.

1162 2401 1211 2452 (9)
1240 2401 1283 2439 ln
1309 2403 1415 2452 epist.
1432 2410 1523 2439 xmn
1536 2415 1597 2451 ‚n.
1615 2416 1636 2456 7
1655 2415 1667 2452 3
1693 2401 1747 2440 In
1760 2400 1915 2440 Psalmo

1106 2475 1203 2506 cone.
1232 2474 1338 2519 part.
1363 2466 1535 2515 Donati,
1562 2476 1652 2506 tom.
1672 2481 1697 2505 x
1711 2497 1722 2516 ‚
1744 2480 1827 2520 pag.
1846 2479 1884 2518 7.

1161 2532 1242 2582 (10)
1271 2532 1351 2571 cfr.
1372 2532 1546 2571 Ballerin.
1569 2547 1632 2585 op.
1658 2535 1719 2572 cit.
1740 2546 1822 2583 cap.
1848 2530 1912 2577 13,

1106 2596 1127 2651 §
1152 2610 1164 2635 1
1196 2607 1232 2635 et
1264 2612 1367 2650 seqq.
1389 2613 1409 2636 a
1435 2612 1518 2650 pag.
1548 2611 1602 2651 99
1626 2598 1672 2636 ad
1699 2609 1775 2636 220
1796 2623 1811 2644 ,
1848 2595 1912 2633 ubi

1107 2663 1333 2715 singulorum
1356 2662 1504 2701 Patrum
1520 2664 1810 2701 testimoniorum
1838 2661 1913 2699 vim

1109 2727 1189 2766 fuse
1217 2728 1401 2779 expendit.

1164 2794 1242 2845 (tl)
1273 2792 1396 2832 Serm.
1424 2807 1490 2842 ιιι,
1531 2792 1577 2830 de
1605 2790 1741 2831 Natali
1759 2791 1913 2842 ipsius,

1105 2872 1187 2909 cap.
1206 2857 1246 2910 4,
1262 2858 1349 2898 edit.
1363 2858 1451 2897 Ball.
1472 2872 1554 2909 pag.
1579 2871 1592 2895 ι
1607 2870 1640 2905 ι,
1660 2865 1696 2895 et
1708 2855 1834 2896 Serm.
1850 2870 1914 2905 iv,

1103 2935 1182 2974 cap.
1212 2936 1262 2970 2,
1293 2936 1374 2976 pag.
1400 2919 1463 2960 16.
