2028 3354
213 186 311 234 494

712 203 871 233 TRAGT.
908 204 964 232 ΒΕ
998 203 1114 234 LOCIS
1147 206 1436 239 THROLOGICIS.

277 317 392 363 720.
433 315 501 362 Ad
531 314 615 373 3¹¹05
647 316 775 361 Dist.
810 315 872 361 Et
904 316 948 362 S.
982 316 1206 363 Bernardi
1241 321 1437 383 querelae
1471 319 1640 369 abusus
1669 321 1719 369 in
1746 323 1897 371 admi-

210 392 490 441 nistratione
524 390 759 449 afficiunt,
784 408 911 438 cone.
927 411 943 445 ;
970 392 1264 440 Pontificium
1284 398 1359 456 jus
1388 406 1435 445 et
1460 406 1761 462 potestatem,
1792 417 1896 463 neq.

210 467 346 516 Dolet
383 466 556 514 scilicet
595 468 642 513 S.
685 469 856 514 Doctor
896 466 1386 531 nonnulloseabusus5
1418 473 1498 537 qui
1532 474 1815 540 irrepserant
1841 492 1899 523 ex

209 552 345 610 parte
377 542 675 590 subditorum
706 560 754 590 se
782 543 1107 592 extollentium
1133 545 1352 594 adversus
1374 546 1587 612 praelatos
1608 568 1712 598 suos
1728 588 1740 611 a
1765 568 1900 599 occa-

210 621 339 667 sione
369 628 448 665 aut
477 618 676 666 obtentu
700 620 1010 685 quarumdam
1037 621 1414 687 exemptionume
1446 632 1498 669 ut
1526 635 1707 673 vocant.
1734 628 1899 674 Horta-

209 705 288 743 tur
319 695 519 761 proinde
553 697 854 756 Pontificem,
896 714 956 744 ne
996 698 1096 745 sine
1132 698 1403 747 necessitate
1439 708 1519 746 aut
1561 702 1760 749 utilitate
1796 703 1898 750 illas

210 771 342 819 facile
376 770 627 830 concedat,
667 789 727 819 ne
766 771 902 819 tollat
943 772 1170 836 graduum
1207 774 1553 823 distinctionem
1584 778 1815 843 sapienter
1849 780 1900 826 in

211 848 409 896 Ecclesia
441 848 771 908 constitutam,
801 855 946 913 utque
976 865 1028 894 ea
1053 848 1345 913 plenitudine
1379 853 1646 917 potestatis,
1675 870 1765 918 qua
1789 853 1902 902 divi-

210 926 337 971 nitus
367 925 589 990 praeditus
623 933 718 984 est,
753 923 802 970 in
843 923 1191 971 aedificationem
1225 934 1272 971 et
1311 945 1405 975 non
1442 929 1490 975 in
1535 929 1902 979 destructionem

210 1009 386 1048 utatur.
429 1001 488 1046 At
516 1003 623 1061 jura
654 999 889 1045 Pontificis
931 1016 1028 1045 non
1063 999 1213 1046 solum
1250 1018 1347 1048 non
1386 1005 1599 1069 attingit3
1642 1006 1725 1053 sed
1759 1006 1904 1055 semel

211 1081 476 1141 iterumque
515 1085 561 1122 et
595 1075 768 1140 pluries
805 1074 893 1122 hoc
932 1075 1030 1141 ipso
1064 1076 1114 1121 in
1152 1075 1252 1123 loco
1284 1076 1484 1126 inculcat
1512 1090 1559 1127 et
1591 1082 1790 1129 adstruit
1817 1083 1903 1147 (l).

212 1153 350 1201 Aliud
380 1170 519 1219 porro
554 1161 625 1199 est
654 1151 782 1216 loqui
806 1150 864 1198 de
884 1155 989 1215 jure
1007 1188 1019 1211 7
1048 1150 1175 1198 aliud
1203 1169 1314 1200 vero
1340 1152 1399 1199 de
1426 1156 1603 1204 ratione
1635 1158 1812 1205 utiliter
1828 1162 1904 1220 jus

211 1228 484 1287 exercendi,
512 1228 611 1275 sine
637 1227 923 1275 detrimento
943 1227 1160 1277 videlicet
1183 1229 1469 1276 auctoritatis
1486 1265 1498 1289 ⁷
1532 1247 1634 1295 quae
1660 1233 1906 1298 unicuique

206 1311 344 1370 juxta
376 1307 613 1369 vigentem
646 1303 941 1369 disciplinam
982 1306 1219 1369 competit.
1266 1304 1454 1352 Nullam
1487 1315 1641 1354 autem
1680 1308 1906 1371 graduum

213 1381 618 1449 perturbationem
655 1399 712 1428 ex
749 1382 986 1446 pontificia
1024 1381 1426 1430 administratione
1465 1383 1648 1445 induci,
1681 1401 1738 1432 ex
1766 1384 1903 1449 longa

214 1469 286 1508 tot
320 1458 582 1507 seculorum
620 1458 909 1522 experientia
937 1457 1124 1506 abunde
1159 1458 1309 1523 liquet
1342 1459 1432 1523 (2).

279 1535 392 1582 721.
433 1535 503 1583 Ad
544 1534 629 1595 lim,
671 1536 798 1582 Dist.
836 1536 924 1592 Qui
960 1543 1122 1582 tamen
1158 1534 1329 1582 abusus
1363 1552 1493 1601 aeque
1536 1553 1588 1583 ac
1625 1536 1743 1584 forte
1776 1541 1904 1602 pejus

216 1611 516 1659 inoleverunt
533 1647 545 1670 7
576 1611 690 1675 quin
717 1610 949 1675 regulares
975 1610 1371 1671 subducerentur,
1394 1620 1441 1659 et
1460 1612 1573 1677 quin
1593 1612 1907 1678 appellaretur
1960 1602 1975 1615 ⁸

221 1688 279 1735 ad
306 1689 507 1754 Papam,
539 1688 711 1752 quique
741 1696 1106 1753 compensantur
1125 1705 1182 1735 ex
1200 1687 1299 1734 aliis
1325 1687 1653 1736 emolumentis
1678 1688 1786 1736 inde
1805 1706 1904 1736 ma-

217 1764 439 1812 nantibus
461 1800 474 1824 ,
505 1780 661 1819 oono.,·
692 1780 849 1823 secus,
887 1781 989 1828 neq.
1024 1765 1140 1811 Satis
1177 1773 1249 1813 est
1281 1764 1434 1812 oculos
1462 1766 1683 1828 conjicere
1711 1765 1762 1810 in
1786 1766 1904 1811 anti-

213 1841 374 1907 quiora
402 1841 608 1888 historiae
639 1840 954 1889 ecclesiasticae
989 1850 1294 1888 monumenta
1311 1877 1324 1901 ‚
1358 1850 1411 1888 ut
1438 1840 1569 1888 facile
1590 1840 1785 1904 quisque
1816 1839 1904 1886 sibi

215 1918 528 1984 persuadeat,
584 1917 847 1964 monasticae
884 1916 1141 1981 disciplinae
1184 1917 1368 1967 vincula
1418 1917 1555 1965 fuisse
1596 1916 1804 1981 disrupta
1856 1924 1903 1962 et

213 1994 383 2042 abusus
415 1994 701 2055 obtinuisse,
730 1994 872 2042 etiam
904 2010 1011 2041 cum
1047 1993 1264 2041 monachi
1298 1993 1391 2040 suis
1429 1992 1697 2040 immediate
1731 1991 1902 2040 subde·

1090 2200 1161 2239 hus
1192 2199 1399 2238 luculenter
1419 2206 1532 2251 patet,
1555 2198 1595 2237 S.
1626 2195 1815 2235 Abbatem
1840 2198 1901 2250 ju-

1089 2268 1186 2304 rium
1220 2266 1494 2304 distinctionem
1525 2265 1565 2301 in
1593 2262 1772 2301 Pontifice
1800 2262 1902 2301 haud

1088 2332 1291 2382 agnovisse.
1316 2331 1398 2369 Alia
1434 2330 1537 2380 plura
1561 2327 1725 2381 ejusdem
1757 2327 1798 2366 S.
1821 2327 1897 2366 Do-

1089 2398 1195 2434 ctoris
1218 2397 1258 2433 in
1271 2395 1368 2433 hanc
1391 2408 1469 2433 rem
1483 2395 1690 2431 testimonia
1711 2393 1778 2431 cfr.
1799 2391 1897 2444 apud

267 2202 320 2253 (l)
351 2202 409 2240 En
432 2201 469 2241 S.
486 2201 663 2240 Bernardi
687 2200 823 2246 verba,
849 2213 933 2253 quae
951 2202 1024 2239 im-

213 2269 373 2307 mediate
412 2268 539 2306 subdit
569 2268 698 2306 eodem
730 2269 770 2305 in
799 2266 878 2304 loco
910 2279 922 2304 ε
952 2260 1024 2303 Sic

207 2333 423 2385 factitando
456 2332 629 2385 probatis
657 2345 721 2370 vos
746 2330 882 2368 habere
896 2330 1024 2383 pleni-

215 2399 389 2438 tudinem
409 2399 611 2451 potestatis
626 2427 636 2444 ‚
662 2397 728 2435 sed
736 2397 906 2449 justitiae
926 2396 1024 2448 forte

212 2477 289 2502 non
319 2466 389 2502 ita.
421 2464 575 2502 Facitis
593 2463 686 2510 hoc,
710 2463 802 2515 quia
822 2463 981 2516 potestis
1003 2476 1022 2509 ;

212 2531 279 2569 sed
301 2537 433 2567 utrum
466 2538 504 2568 et
534 2529 725 2577 debeatis,
767 2529 925 2579 qaoestio
951 2533 1019 2567 est.

212 2595 262 2635 Et
293 2610 335 2634 n.
375 2594 421 2634 15
452 2609 462 2633 t
489 2595 600 2647 Quid
628 2597 739 2640 item,
772 2595 908 2645 pergit,
943 2599 1023 2631 tam

212 2661 422 2713 indiqnum
439 2660 514 2699 tibi
524 2690 532 2707 ‚
548 2674 661 2711 qaam
680 2667 723 2697 ut
744 2665 860 2697 totam
874 2665 1018 2707 tenens,

201 2741 290 2766 ,non
316 2728 371 2765 sis
390 2733 588 2765 contentus
614 2733 686 2764 toto
700 2756 710 2774 ‚
728 2726 813 2763 nisi
827 2726 1021 2762 minutias

211 2792 398 2845 quasdam
429 2801 539 2844 atque
567 2793 727 2843 est-iqua&
743 2791 937 2842 portiones
958 2790 1019 2842 ip-

210 2861 295 2898 sias
329 2858 405 2896 tibi
438 2858 591 2896 creditoe
618 2857 906 2904 universitatis,
932 2862 1019 2895 tan-

213 2938 328 2978 quam
361 2937 440 2962 non
469 2925 548 2961 sint
579 2929 655 2960 tuae
674 2952 685 2972 ‚
712 2928 866 2973 sataqas
893 2922 1020 2967 nescio

211 2991 395 3044 quomodo
414 2990 541 3029 adhuc
555 2990 683 3041 facere
707 2988 832 3028 tuas?
857 2988 910 3027 Ex
935 2990 1018 3041 qni-

1088 2462 1261 2501 Ballerin.
1275 2464 1314 2500 in
1332 2459 1376 2497 V
1375 2459 1536 2498 indiciis
1550 2459 1786 2498 auctoritatis
1797 2470 1897 2510 pon-

1085 2528 1217 2578 tificiae
1243 2533 1343 2565 cont.
1361 2525 1600 2564 Febronium
1612 2554 1626 2571 ‚
1647 2538 1728 2575 cap.
1749 2521 1796 2575 4,
1814 2537 1854 2562 n.
1868 2533 1892 2560 2

1086 2601 1122 2632 et
1132 2606 1236 2646 seqq.
1249 2590 1392 2631 Verum
1405 2591 1603 2630 clarissime
1613 2596 1776 2629 mentem
1789 2599 1894 2626 suam

1086 2661 1200 2711 aperit
1229 2656 1269 2695 S.
1290 2656 1498 2696 Bernardus
1523 2658 1563 2695 in
1585 2656 1714 2695 eodem
1740 2665 1822 2703 cap.
1837 2648 1865 2700 4
1879 2678 1890 2697 ,

1084 2738 1125 2763 n.
1157 2721 1221 2761 18.

1140 2789 1192 2841 (2)
1223 2787 1301 2826 Cfr.
1331 2787 1549 2832 Ballerinius
1565 2812 1579 2832 ,
1607 2782 1700 2822 ibid.
1731 2794 1814 2833 cap.
1837 2778 1889 2828 6,

1084 2856 1150 2895 ubi
1179 2855 1279 2908 quod
1307 2856 1502 2893 asserimus
1521 2849 1808 2891 luculentissime
1833 2861 1892 2886 os-

1083 2921 1226 2969 tendit5
1260 2934 1407 2959 necnon
1442 2914 1659 2956 Mazzarelli
1675 2942 1687 2961 ,
1716 2910 1759 2952 Il
1788 2912 1892 2951 buon

1082 2999 1149 3024 aso
1177 2984 1275 3024 della
1298 2985 1444 3037 loqica,
1466 2994 1594 3033 opusc.
1614 2993 1654 3019 v·

1976 3305 2002 3332 ².
2016 3303 2028 3330 ἓ

1970 3330 2008 3354 (³31
2017 3333 2028 3354 ,⁴-
