2028 3354
238 192 333 240 310

720 205 877 236 TRACT.
913 205 968 236 DE
1002 205 1121 236 LOCIS
1155 205 1453 237 THEOLOGICIS.

238 328 559 372 monstretur5
600 316 797 382 perinde
831 334 890 364 ac
925 316 963 363 si
1002 316 1177 366 diceret
1210 336 1224 365 ι
1258 319 1367 368 licet
1406 336 1569 368 omnes
1616 319 1813 385 aequales
1849 337 1929 368 seu

236 413 371 464 pares
389 402 542 442 essent
565 391 817 460 apostolica
839 401 1072 458 potestate
1090 402 1138 441 et
1161 394 1337 444 honore
1351 433 1364 456 7
1383 407 1436 444 ut
1455 405 1616 444 tamen
1633 398 1683 444 in
1698 397 1929 444 unitatem

240 488 401 520 omnes
425 470 734 519 convenirent
754 479 803 518 et
821 469 1155 529 coalescerent,
1186 472 1390 535 praefecit
1406 473 1624 522 omnibus
1643 476 1833 521 Petrum
1855 490 1931 522 ve-

236 548 323 595 luti
348 547 541 594 unitatis
570 546 815 595 exordium
831 585 843 609 7
876 547 1056 595 fontem
1079 563 1131 595 ac
1157 547 1408 610 originem3
1434 566 1513 596 seu
1533 548 1659 615 quod
1682 550 1808 597 idem
1831 558 1902 597 est
1917 586 1930 609 7

235 625 434 673 contulit
461 627 600 673 Petro
622 641 764 690 super
784 640 946 671 omnes
968 624 1224 689 primatum
1243 625 1485 688 potestatis
1503 635 1550 673 et
1567 625 1899 688 jurisdictionis
1916 661 1930 685 7
1963 628 1965 630 ’

236 718 342 750 cum
369 701 471 749 sine
503 701 604 765 ipso
631 700 787 747 unitas
819 716 1066 765 nunquam
1096 701 1374 748 emersisset.
1394 703 1676 749 Germanam
1694 702 1814 748 hanc
1836 719 1935 750 esse

234 780 282 826 S.
317 777 538 842 Cypriani
567 785 776 824 mentem
793 813 805 837 7
830 785 960 840 patet
987 785 1090 823 tum
1113 792 1171 823 ex
1202 777 1354 826 verbis
1387 776 1497 842 ipsis
1514 785 1643 834 ‚tum
1668 795 1724 825 ex
1748 778 1802 825 iis
1832 795 1935 843 quoe

235 853 395 901 scribit
417 854 467 900 in
479 853 615 919 epist.
629 853 723 912 LV,
744 853 795 899 in
816 870 907 918 qua
928 862 1065 900 vocat
1084 854 1210 900 Petri
1222 852 1493 900 cathedram
1504 853 1771 901 Ecclesiam
1783 858 1936 917 prin-

233 932 439 994 cipalem
454 964 471 987 ,
504 946 561 976 ex
591 946 683 994 qua
709 932 877 976 unitas
898 930 1202 976 sacerdotalis
1221 937 1384 976 exorta·
1401 938 1486 985 est,
1507 946 1608 996 quae
1627 933 1724 992 ejus
1745 929 1936 977 unitatis

233 1005 490 1054 formandae
520 1006 616 1053 vim
634 1041 646 1065 7
672 1007 1069 1070 principalitatis
1094 1006 1237 1072 ipsius
1266 1005 1496 1054 cathedrae
1526 1006 1766 1073 propriam
1796 1015 1937 1071 atque

232 1083 518 1149 praecipuam
535 1119 548 1144 7
581 1082 845 1146 significant
871 1081 964 1147 (1).

301 1159 416 1206 462.
455 1161 500 1206 S.
538 1157 808 1206 Ambrosius
833 1158 885 1204 in
908 1158 1062 1223 primo
1088 1167 1222 1208 textu
1252 1157 1438 1218 scribit,
1463 1160 1656 1207 Petrum
1675 1159 1820 1222 egisse
1839 1158 1956 1224 pri-·
2006 1200 2012 1203 ,

235 1246 418 1282 matum
443 1235 770 1296 confessionis,
799 1251 897 1282 non
914 1231 1136 1294 honori53
1165 1234 1273 1282 fidei
1291 1271 1302 1294 7
1323 1252 1420 1282 non
1448 1234 1650 1296 ordinis,
1675 1236 1799 1282 Dist.
1820 1236 1938 1281 Cum

235 1311 453 1359 nondum
471 1320 705 1359 assecutus
726 1320 846 1359 esset
863 1312 998 1359 hunc'
1006 1312 1263 1377 primatum
1285 1312 1473 1359 honoris
1497 1321 1544 1359 et
1562 1311 1738 1358 ordinis
1753 1346 1766 1370 7
1783 1328 1937 1365 conc.;

237 1397 490 1453 postquam
527 1387 654 1435 hunc
683 1396 916 1435 assecutus
945 1396 1045 1446 θεῖ,
1080 1405 1182 1452 neq.
1223 1388 1459 1451 Significat
1491 1389 1649 1453 itaque
1677 1386 1750 1434 his
1780 1385 1936 1435 verbis

236 1466 282 1511 S.
330 1466 529 1523 Doctor7
572 1466 765 1511 Petrum
795 1463 960 1512 ceteris
988 1464 1223 1529 praeivisse
1256 1462 1489 1529 Apostolis
1526 1464 1576 1510 in
1608 1461 1791 1511 edenda
1829 1461 1937 1509 fidei

236 1540 537 1588 confessione.

289 1761 345 1812 (1)
373 1761 490 1814 quue
501 1762 616 1812 magis
630 1760 746 1812 liquet
764 1773 805 1798 ex
826 1759 923 1806 idea,
940 1773 1054 1812 quam

235 1834 443 1866 constanter
468 1828 602 1877 ingerit
627 1824 800 1863 Ecclesiae
824 1823 862 1862 S.
893 1824 1054 1877 Martyr,

235 1893 436 1944 praesertim
451 1905 536 1930 vero
545 1892 650 1943 epist.
667 1892 764 1939 exis,
779 1888 1053 1929 ubiEcclesiam

234 1971 350 1996 unam
371 1956 576 2004 definiens,
597 1957 752 2008 ejusque
777 1957 957 1994 unitatem
973 1956 1055 1994 des-

234 2023 397 2071 cribens,-
417 2025 488 2061 ait:
506 2022 623 2061 Plebs
638 2022 824 2060 sacerdoti
838 2022 1054 2060 coadunata

235 2096 270 2127 et
282 2089 435 2140 pastori
449 2101 517 2126 suo
532 2101 628 2139 yreoe
641 2087 853 2126 adhaerens.
870 2087 1053 2140 Quoniam

236 2168 322 2193 vero
344 2156 384 2193 in
405 2153 688 2206 particularibus
712 2153 883 2192 Ecclesiis
899 2153 1056 2205 quilibet

235 2220 409 2258 sacerdos
428 2228 464 2259 et
491 2227 651 2272 pastor,
683 2232 818 2270 nempe
849 2217 1055 2271 Episcopus

236 2287 387 2324 unitatis
411 2299 484 2323 suae
511 2288 692 2338 cujusque
724 2284 952 2337 particularis
983 2285 1055 2323 Ec-

237 2351 356 2389 clesiae
381 2353 482 2403 origo
507 2360 591 2400 est,
615 2350 860 2403 eamdemque
876 2351 1056 2389 unitatem

235 2423 385 2454 eatenus
409 2417 544 2455 format
571 2424 681 2468 atque
713 2424 931 2461 conservat,
964 2430 1055 2468 qua-

235 2488 340 2519 tenus
371 2483 473 2533 ipsi,
513 2484 578 2535 qui
606 2482 708 2520 radix
741 2489 776 2520 et
803 2485 971 2519 centrum
1004 2489 1056 2520 est

236 2547 388 2584 unitatis
416 2576 427 2594 ‚
468 2554 545 2586 tota
583 2548 697 2597 ipsius
733 2545 905 2585 Ecclesiae
945 2546 1054 2599 plebs

237 2612 464 2661 coadunari,
499 2621 535 2651 et
566 2620 663 2651 totus
690 2626 781 2664 qrex
807 2612 991 2652 adhaerere
1012 2615 1052 2652 in

238 2692 356 2716 unum
395 2677 525 2723 debet,
562 2687 603 2716 ut
640 2692 682 2717 ex
711 2678 829 2729 plebis
863 2692 904 2717 ac
936 2681 1052 2732 gregis

235 2742 378 2782 unione
401 2757 488 2782 cum
513 2757 580 2782 suo
611 2744 796 2782 sacerdote
832 2757 874 2782 ac
906 2752 1051 2796 pastore

233 2807 396 2847 Ecclesia
416 2823 492 2847 una
514 2809 601 2857 fiat3
624 2811 673 2847 ita
698 2808 799 2861 juxta
826 2808 867 2848 S.
891 2809 1050 2863 Cypria-

233 2887 326 2912 num
352 2876 393 2912 in
413 2875 611 2914 universali
634 2874 795 2913 Ecclesia
824 2889 922 2914 unus
946 2888 1049 2916 sum-

1121 1767 1245 1810 postea
1261 1758 1497 1797 ostendemus
1510 1787 1521 1806 ,
1544 1756 1650 1797 Petro
1671 1757 1832 1796 succedit
1850 1786 1860 1806 ‚
1878 1771 1939 1797 ca-

1121 1824 1265 1862 tholicae
1285 1825 1439 1862 unitatis
1461 1825 1563 1876 origo
1582 1832 1656 1870 est,
1683 1824 1941 1875 unitatemque

1120 1891 1232 1928 totius
1248 1889 1419 1928 Ecclesiae
1446 1888 1636 1927 catholica:
1653 1888 1787 1927 format
1804 1897 1838 1927 et
1851 1902 1940 1927 con-

1121 1957 1214 1994 tinet
1227 1980 1241 2002 ,
1254 1962 1438 2008 quatenus
1452 1955 1520 2007 ipsi
1536 1984 1547 2003 ‚
1565 1962 1606 1992 ut
1628 1953 1742 1993 radici
1756 1962 1791 1992 et
1815 1962 1939 1993 centro

1121 2022 1288 2073 ejusdem
1311 2022 1486 2069 unitatis,
1512 2020 1714 2060 coadunari
1740 2028 1851 2072 atque
1874 2020 1939 2058 ad-

1120 2085 1256 2126 haerere
1282 2086 1420 2125 debent
1439 2100 1566 2126 omnes
1588 2094 1623 2125 et
1648 2086 1775 2124 fideles
1795 2093 1831 2124 et
1847 2083 1936 2137 Epi-

1120 2154 1217 2204 scopi
1232 2181 1242 2200 ,
1259 2157 1301 2190 ut
1323 2166 1367 2190 ex
1379 2151 1546 2204 pluribus
1563 2151 1847 2203 particularibus
1864 2152 1939 2202 ple-

1120 2217 1231 2257 bibus
1246 2218 1511 2271 gregibusque,
1527 2219 1560 2256 ei
1575 2231 1748 2269 supremo
1759 2217 1940 2256 sacerdoti

1121 2291 1233 2336 atque
1246 2286 1379 2336 pastori
1395 2283 1668 2332 adhaerentibus
1688 2312 1699 2331 ‚
1727 2297 1825 2321 unus
1844 2295 1938 2336 grex

1121 2357 1156 2387 et
1189 2350 1350 2389 Ecclesia
1386 2365 1461 2389 una
1491 2349 1706 2388 universalis
1739 2350 1935 2389 coalescat.

1121 2413 1202 2466 Quo
1219 2418 1335 2467 reipsa
1359 2416 1429 2463 fit,
1457 2424 1498 2453 ut
1530 2415 1695 2454 Ecclesia
1726 2414 1933 2464 catholica,

1120 2480 1290 2531 pluribus
1306 2481 1391 2520 licet
1409 2483 1450 2519 in
1465 2480 1554 2519 locis
1574 2481 1736 2533 dispersa
1759 2510 1770 2527 ,
1793 2482 1846 2518 sit
1858 2479 1933 2517 uti-

1119 2558 1191 2597 que
1209 2559 1380 2585 connexa
1399 2574 1411 2597 ,
1432 2553 1476 2584 ’κε
1495 2546 1637 2596 ibidem
1653 2545 1785 2584 subdit
1797 2574 1808 2593 7
1828 2550 1863 2582 et
1873 2556 1935 2581 co-

1118 2609 1348 2650 lzoe'rentium
1380 2612 1460 2650 sibi
1492 2612 1660 2650 invicem
1689 2609 1924 2649 sacerdotum

1116 2675 1268 2728 qlutino
1308 2676 1500 2729 copulata.
1542 2675 1626 2717 Hoc
1655 2689 1738 2714 vero
1777 2675 1931 2713 minime

1117 2743 1364 2781 verificaretur
1379 2769 1396 2792 5
1421 2744 1451 2781 si
1465 2742 1591 2781 Petrus
1615 2741 1830 2779 auctoritate
1851 2741 1930 2791 pri-

1116 2817 1237 2848 matus
1271 2812 1379 2849 etiam
1408 2811 1503 2848 inter
1531 2805 1721 2859 Apostolos
1747 2818 1792 2844 ac
1822 2819 1932 2857 super

1115 2873 1308 2926 Apostolos
1340 2876 1493 2913 minime
1528 2872 1698 2925 praeditus
1728 2886 1749 2911 a
1781 2870 1928 2910 Christo

234 2953 318 2977 mus
341 2940 506 2979 sacerdos
535 2954 579 2979 ac
605 2948 727 2992 pastor
749 2938 790 2979 S.
824 2939 976 2990 Petrus,
1007 2949 1043 2980 et
1107 2938 1247 2979 fuisset.
1269 2939 1348 2980 Gfr.
1369 2938 1545 2979 Ballerin.
1569 2951 1633 2990 op.
1659 2937 1720 2976 cit.
1746 2950 1830 2990 cap.
1859 2936 1923 2985 13,

230 3009 422 3056 propterea
444 3019 619 3045 romanus
644 3005 814 3046 Pontifex
829 3033 843 3055 ‚
867 3007 932 3059 qui
948 3038 962 3056 ,
988 3008 1042 3046 uti
1108 3019 1148 3045 n.
1180 3019 1241 3045 10.
