2028 3354
460 205 587 235 PAnT.
623 205 655 233 1.
694 201 818 232 sectr.
857 201 907 231 11.
945 201 1042 232 cAr.
1082 202 1145 232 lv.
1186 201 1240 230 ns
1274 200 1419 230 norm.
1458 199 1581 230 an.
1774 183 1869 230 523

179 319 391 367 unanimi
416 316 757 366 Catholicorum
791 316 1001 363 doctrina
1032 315 1255 378 effugium
1290 312 1535 379 quodlibet
1555 311 1865 378 intercipitur.

178 396 396 444 Ceterum
418 403 712 441 contumaces
736 392 803 439 illi
828 395 927 454 jam
958 393 1025 439 rei
1053 400 1162 439 sunt
1181 408 1335 438 coram
1356 393 1453 437 Deo
1479 399 1526 437 et
1544 406 1698 437 coram
1718 389 1875 437 Eccle-

176 472 264 531 sia,
299 481 436 536 atque
472 469 531 516 ob
559 470 777 534 agitatam
807 469 929 516 hanc
961 468 1326 516 controversiam
1359 466 1453 513 sola
1493 466 1745 531 requiritur
1778 465 1877 512 for-

175 547 309 594 malis
339 545 620 605 declaratio,
656 554 708 592 ut
739 544 1076 592 abscindantur
1112 560 1136 589 a
1171 545 1311 590 totius
1349 542 1561 590 Ecclesiae
1595 558 1788 608 corpore
1825 542 1877 588 in

174 624 277 670 foro
308 632 502 670 externo
527 622 615 686 (1).

242 699 355 746 ¹773.
405 698 476 745 Ad
520 698 605 758 411¹,
646 698 767 763 ΝΘΕ).
812 696 1051 759 Ejusmodi
1087 704 1279 743 externa
1320 694 1617 744 observantia
1655 701 1707 742 ac
1741 693 1878 743 obse-

176 775 341 842 quium
390 774 493 822 sine
538 774 717 821 sincero
761 782 808 821 et
857 772 1066 818 interiori
1116 771 1288 817 mentis
1326 786 1516 817 assensu
1565 773 1713 836 turpis
1759 778 1882 819 esset

176 850 433 917 hypocrisis
471 860 518 898 et
547 849 806 907 simulatio,
835 847 1004 894 merito
1033 845 1092 893 ab
1118 846 1218 911 ipso
1247 845 1370 894 clero
1396 846 1622 911 gallicano
1655 847 1879 895 damnata

179 928 230 974 in
271 926 594 984 JansenianiS,
631 940 736 970 cum
774 923 826 970 hi
862 922 1123 982 celebrem,
1157 940 1298 987 quem
1329 931 1531 983 vocant,
1568 939 1736 970 casum
1765 941 1878 970 oon—

177 1005 388 1051 scientioe
408 1007 754 1068 proposuerunt
780 1000 869 1062 (2).
898 998 1107 1045 Profecto
1131 1000 1285 1046 unitas
1304 999 1414 1047 fidei
1428 1034 1440 1058 ,
1462 1017 1552 1064 qua
1577 1016 1635 1046 ex
1655 999 1880 1065 Apostolo

177 1084 454 1144 captivatur
482 1080 637 1124 omnis
670 1076 933 1122 intellectus
966 1079 1022 1122 in
1053 1076 1332 1138 obsequium
1367 1075 1550 1124 Christi
1579 1075 1651 1140 (3)
1669 1112 1682 1135 ,
1711 1085 1882 1140 praeter

180 1165 426 1203 externum
463 1152 738 1216 obsequium
773 1152 1045 1199 interiorem
1082 1169 1321 1199 assensum
1361 1152 1599 1216 exposcit,
1636 1160 1688 1198 ut
1718 1168 1882 1200 omnes

176 1233 225 1278 in
250 1230 389 1278 rebus
418 1230 525 1276 fidei
554 1230 775 1292 idipsum
799 1231 1004 1276 invicem
1031 1231 1325 1289 sentiamus,
1353 1237 1396 1275 et
1414 1229 1635 1292 idipsum
1658 1230 1883 1276 dicamus

176 1324 337 1355 omnes
359 1306 460 1370 (4)3
503 1299 789 1370 quapropter
822 1305 921 1352 sine
957 1305 1167 1352 interiori
1187 1304 1276 1353 hoc
1310 1304 1481 1352 mentis
1515 1303 1738 1370 obsequio
1773 1304 1883 1352 fidei

180 1384 336 1432 unitas
378 1382 553 1430 servari
592 1380 860 1429 nullatenus
896 1390 1068 1447 potest.
1107 1380 1346 1429 Absonum
1387 1399 1529 1447 porro
1569 1390 1666 1443 est,
1707 1380 1788 1428 ubi
1823 1381 1884 1429 de

179 1459 273 1507 fide
302 1460 452 1523 agitur
470 1495 482 1518 ,
519 1468 740 1524 praestare
773 1475 1013 1507 assensum
1033 1462 1383 1523 provisoriam.
1420 1459 1519 1506 Hoc
1550 1457 1773 1523 effugium
1801 1476 1883 1524 pa-

181 1535 331 1583 tribus
358 1536 527 1583 nostris
558 1535 699 1601 plane
728 1535 939 1599 ignotum
967 1534 1057 1583 fuit
1080 1534 1169 1599 (5).

236 1743 292 1794 (l)
327 1743 407 1782 Hoc
423 1750 684 1795 argumentum
703 1744 844 1794 egregie
868 1742 1001 1780 evolvit

187 1809 314 1848 Petrus
349 1808 597 1855 Ballerinius‚
640 1811 681 1846 in
712 1810 818 1846 toties
854 1808 1002 1847 laudato

190 1889 322 1927 opere,
355 1875 421 1914 De
454 1877 497 1913 vi
526 1882 562 1913 et
595 1876 745 1913 ratione
773 1877 1001 1927 primatus,

189 1940 477 1994 cap-14‚§4-

246 2005 304 2057 (2)
334 2007 414 2045 Hoc
435 2007 666 2046 declararunt
691 2007 864 2060 Episcopi
883 2006 999 2054 Galli,

190 2072 281 2110 dum
308 2079 431 2123 aperte
454 2072 604 2123 professi
632 2080 719 2111 sunt
741 2075 782 2110 in
805 2074 932 2110 litteris
954 2071 1001 2111 ad

189 2136 452 2176 Innocentium
487 2138 519 2175 X
555 2138 648 2177 datis
681 2152 743 2177 an.
783 2136 909 2185 1653,
944 2139 1003 2176 die

196 2203 396 2255 19Julii,
429 2205 635 2257 dogmatica
664 2203 769 2243 Sedis
798 2203 1001 2256 apostolicas

190 2269 334 2308 decreta
360 2269 520 2308 Divina
553 2284 657 2321 aeque
687 2282 732 2308 ac
762 2283 913 2308 summa
930 2283 1005 2322 per

189 2335 410 2373 universam
423 2334 644 2374 Ecclesiam
659 2337 885 2374 auctoritate
902 2336 998 2382 niti,

188 2399 255 2438 cui
275 2399 481 2440 christiani
506 2415 637 2441 omnes
661 2414 707 2440 ex
732 2402 851 2454 officio
876 2402 1024 2453 ipsius*

188 2478 335 2518 quoque
353 2469 489 2504 mentis
509 2467 730 2519 obsequium
744 2473 934 2519 proestare
949 2475 1002 2504 te-

186 2538 343 2569 nemur.
361 2531 532 2583 Cumque
544 2544 655 2569 casus
668 2533 907 2570 conscientiae
920 2545 1004 2584 pro-

190 2597 342 2644 diisset,
382 2610 457 2648 quo
497 2597 694 2648 pontificiis
727 2597 881 2635 decretis
916 2598 1004 2635 obe-

190 2664 338 2702 dientiae
376 2663 529 2700 nomine
568 2662 736 2701 debitum
777 2662 1006 2701 asserebatur

189 2736 382 2768 externum
397 2727 550 2780 quidem
565 2727 783 2781 obsequium
793 2754 807 2777 ‚
827 2741 904 2765 non
919 2741 1005 2767 vero

188 2806 358 2833 assensus
384 2796 575 2837 internus,
602 2796 880 2832 insurrexerunt
903 2794 1003 2833 illico

190 2860 360 2910 gallicani
386 2860 557 2908 praesules
573 2890 583 2907 ‚
611 2861 791 2912 praecipue
810 2873 897 2899 vero
916 2860 1005 2899 Bos-

189 2935 315 2966 suetus
344 2937 379 2967 et
407 2925 522 2968 Card.
557 2927 603 2966 de
633 2926 817 2977 Noailles,
850 2940 1004 2982 remque

189 2993 236 3032 ad
263 2993 504 3044 apostolicam
532 2992 666 3033 Sedem
694 2993 931 3044 detulerunt,
963 3008 1005 3034 ac

1066 1742 1127 1781 die
1165 1740 1213 1793 14
1241 1741 1332 1781 Julii
1365 1742 1466 1797 ¹7⁰5
1500 1744 1637 1795 prodiit
1670 1745 1884 1784 constitutio

1072 1810 1242 1848 Vineam
1266 1807 1428 1847 Domini
1445 1807 1638 1858 Sabaoth,
1666 1823 1741 1863 qua
1763 1810 1885 1849 decla-

1066 1883 1185 1913 ratum
1214 1883 1293 1922 est,
1325 1875 1545 1914 obedientiae
1562 1904 1574 1920 ‚
1600 1889 1682 1927 quae
1704 1877 1885 1914 constitu-

1067 1939 1228 1978 tionibus
1255 1954 1352 1979 rom.
1379 1938 1485 1979 Sedis
1514 1941 1690 1989 debetur,
1719 1955 1796 1979 non
1824 1955 1884 1980 sa-

1066 2006 1192 2044 tisfieri
1229 2005 1470 2057 obsequiosa,
1505 2015 1550 2044 ut
1580 2015 1748 2045 auctores
1779 2020 1885 2045 casus

1067 2071 1271 2121 vocabant,
1294 2071 1448 2110 silentio
1464 2102 1474 2120 ‚
1506 2086 1575 2111 nec
1602 2072 1714 2111 licere
1744 2073 1885 2125 profes-

1066 2139 1207 2176 sionem
1239 2151 1301 2176 ore
1327 2138 1384 2177 vel
1412 2140 1549 2190 scripto
1579 2138 1711 2185 edere,
1748 2137 1779 2176 si
1808 2139 1885 2177 dis-

1066 2204 1190 2242 cordet
1214 2219 1233 2242 a
1266 2217 1373 2242 sensu
1400 2212 1434 2242 et
1464 2205 1644 2256 obsequio
1670 2205 1815 2252 cordis,
1844 2205 1885 2242 in

1065 2284 1140 2322 quo
1178 2271 1246 2308 sita
1280 2279 1333 2308 est
1364 2283 1454 2308 vera
1486 2268 1687 2308 orthodoxi
1717 2270 1887 2308 hominis

1064 2334 1293 2373 obedientia.
1323 2335 1485 2374 Ecclesia
1509 2336 1692 2387 gallicana
1715 2338 1884 2375 universa

1066 2414 1148 2439 eam
1168 2403 1292 2440 statim
1311 2403 1471 2453 suscepit
1493 2401 1801 2440 constitutionem
1814 2432 1825 2450 ‚
1842 2415 1886 2440 ac

1067 2467 1105 2504 in
1149 2467 1323 2505 omnibus
1365 2467 1583 2506 dioecesibus
1621 2467 1885 2519 publicandam

1067 2534 1224 2571 curavit.
1241 2532 1321 2571 Cfr.
1345 2546 1407 2585 op.
1430 2532 1497 2572 cit.
1522 2546 1604 2585 cap.
1635 2532 1679 2571 13
1694 2563 1706 2583 ‚
1726 2547 1769 2574 n.
1786 2531 1851 2584 75.

1122 2596 1174 2648 (3)
1206 2597 1243 2636 11
1266 2598 1312 2635 ad
1335 2597 1421 2637 Cor.
1446 2614 1467 2636 x
1483 2628 1493 2646 ‚
1521 2596 1562 2638 5.

1124 2664 1178 2715 (la)
1208 2664 1324 2703 Rom.
1347 2679 1423 2713 ιιι,
1453 2662 1521 2713 16;
1545 2665 1623 2703 lad
1646 2664 1730 2703 Cor.
1752 2677 1788 2712 1,
1821 2677 1882 2703 10.

1122 2728 1177 2780 (ὅ)
1210 2729 1332 2782 Hujus
1346 2731 1560 2782 provisoris*
1574 2744 1741 2769 assensus
1755 2731 1886 2768 inven-

1069 2803 1124 2834 tor
1148 2796 1218 2833 suit
1238 2796 1266 2834 F
1269 2795 1441 2834 chronius
1461 2826 1472 2844 ,
1497 2797 1589 2835 dum
1605 2788 1769 2848 scripsit,
1787 2795 1882 2834 defi-

1068 2862 1272 2900 nitionibus
1299 2862 1522 2914 judiciisque
1549 2858 1763 2914 dogmaticis
1784 2873 1881 2898 rom.

1068 2927 1290 2966 Pontificum
1312 2926 1590 2980 obsequendum
1615 2941 1695 2967 esse
1704 2926 1882 2978 proviso-

1070 2995 1127 3032 rie
1138 3021 1151 3044 ‚
1177 2994 1306 3035 saltem
1328 3007 1406 3033 non
1424 2993 1718 3046 doqmatizando
1732 2999 1881 3032 comra-
