2028 3354
1661 200 1750 246 461

270 223 397 252 PART.
436 224 468 251 1.
515 221 635 252 SECT.
679 220 728 249 11.
767 219 865 249 GAP.
905 221 974 248 111.
1015 221 1068 248 DE
1103 220 1205 249 ΝΔΤ.
1245 220 1296 248 ΕΤ
1333 220 1431 248 JUR.
1464 218 1587 248 PRIM-

76 336 210 394 Quod
234 336 271 382 si
300 336 512 383 Pontifex
538 334 748 381 nondum
775 333 1054 380 sententiam
1077 332 1236 378 tulerit
1254 369 1265 382 ,
1288 330 1485 378 liberum
1509 330 1756 394 unicuique

76 421 146 459 est
169 413 401 476 inquirere
417 412 464 457 in
488 410 807 475 quaestionem,
821 408 878 456 de
897 426 987 473 qua
1007 408 1173 473 agitur,
1193 416 1495 455 monumenta
1521 415 1754 465 excutere,

75 505 127 535 ac
160 489 351 535 demum
375 504 465 533 una
485 503 589 533 cum
612 486 831 532 Pontifice
860 485 1142 532 sententiam
1164 484 1329 530 dicere.
1350 485 1404 530 In
1433 492 1630 548 utroque
1650 493 1758 529 casu

73 562 279 611 definitio
308 562 496 610 Concilii
520 561 789 609 oecumenici
820 561 966 608 fertur
984 577 1066 625 per
1086 559 1276 605 modum
1306 559 1441 605 unius
1464 568 1568 605 tum
1596 557 1760 622 capitis

74 649 173 687 tum
212 639 554 699 membrorum,
580 640 683 704 quia
717 647 854 702 caput
880 636 1016 683 simul
1044 645 1090 682 et
1114 634 1323 681 membra
1358 634 1568 682 Ecclesiae
1600 636 1761 681 unita-

73 725 169 763 tem
198 716 502 763 constituunt.
539 715 634 761 Hae
664 714 841 760 ratione
869 720 916 758 et
938 729 1017 757 sua
1044 710 1256 757 Pontifici
1281 725 1498 773 suprema
1529 711 1578 757 in
1597 710 1763 756 Conci-

72 791 134 839 lio
158 801 368 840 servatur
400 791 645 838 auctoritas
663 826 675 848 7
711 798 757 836 et
789 786 1021 851 Episcopis
1051 802 1130 831 sua
1158 784 1399 846 judicandi
1428 792 1653 848 postestas
1671 784 1762 832 sub·

74 877 121 915 et
145 885 237 914 una
269 885 374 914 cum
399 884 515 914 rom.
538 865 755 913 Pontifiee
778 861 849 924 (l)
870 898 881 915 .,
919 862 990 907 eui
1011 870 1334 926 cooperantur.

138 944 247 991 671.
285 943 388 1004 Obj.
420 943 566 990 tertia.
604 940 653 984 1ο
674 939 720 985 Si
756 945 1059 984 monumenta
1089 936 1380 1000 antiquitatis
1424 936 1641 996 evolvas⁷
1681 937 1760 983 vix

75 1019 258 1066 dubites
308 1016 705 1066 confirmationem
746 1012 1055 1060 Conciliorum
1099 1011 1157 1058 ad
1202 1011 1438 1075 politicam
1479 1020 1760 1077 potestatem

74 1105 304 1160 spectare3
329 1095 383 1139 2⁰
402 1093 555 1158 priora
578 1090 704 1137 enim
735 1087 936 1135 Concilia
959 1088 1097 1134 fuisse
1123 1087 1182 1134 ab
1207 1087 1568 1152 Imperatoribus
1588 1089 1758 1135 confix-

73 1169 661 1235 mata‚publica1psorum
685 1165 834 1212 edicta
866 1181 919 1211 ac
953 1164 1099 1227 leges
1110 1164 1332 1210 evincunt
1356 1163 1441 1228 (2).
1479 1163 1531 1210 30
1559 1164 1760 1212 Concilia

71 1248 170 1312 ipsa
195 1244 498 1293 necessariam
535 1240 764 1305 ejusmodi
800 1240 1203 1287 confirmationem
1235 1240 1551 1300 existimasse,
1595 1242 1760 1288 ceteris

72 1322 279 1382 omissis,
310 1318 565 1368 ostendunt
589 1317 729 1365 verba
751 1315 941 1363 Concilii
960 1315 1186 1380 generalis
1213 1316 1282 1370 Il
1311 1315 1477 1380 quibus
1509 1325 1665 1381 patres
1697 1317 1761 1363 sic

72 1358 406 1463 Imperatorem
430 1395 729 1459 alloquuntur
754 1410 764 1438 z
804 1393 1047 1455 Royamus
1072 1400 1202 1437 tuam
1240 1393 1566 1447 clementiam,
1594 1401 1651 1440 ut
1668 1410 1761 1456 per

70 1475 249 1522 litteras
276 1490 457 1537 quoque
484 1480 577 1517 tuoe
606 1471 801 1533 pietatis
831 1476 996 1514 ratum
1037 1468 1272 1514 habeatur
1309 1468 1576 1515 Concilium
1604 1470 1757 1516 decre·

70 1701 166 1732 terea
192 1706 233 1731 ex
259 1695 340 1745 ipso
368 1691 531 1731 Concilio
563 1691 779 1730 Tridentino
795 1719 806 1739 ‚
839 1692 879 1728 in

71 1773 145 1811 quo
174 1759 294 1797 Patres
325 1758 424 1796 fuere
455 1760 532 1796 veri
556 1757 699 1810 judices
721 1759 761 1794 in
788 1756 880 1794 defi-

72 1824 217 1863 niendis
244 1824 479 1872 veritatibus,
500 1836 582 1876 quae
600 1822 743 1875 jamdiu
760 1824 799 1860 in
815 1836 881 1859 an-

71 1891 319 1930 tecedentibus
341 1890 514 1929 Conciliis
538 1890 772 1928 oecumenicis
798 1888 878 1927 fue-

74 1964 156 1995 rant
177 1959 382 1995 constitutae
398 1986 408 2004 ‚
437 1964 473 1995 et
497 1972 516 1995 a
536 1956 670 2010 quibus
691 1956 880 1994 dissentire

73 2022 177 2060 nullo
189 2022 299 2060 modo
323 2030 503 2073 poterant.

127 2088 180 2138 (l)
209 2087 293 2135 Qua
323 2089 464 2125 ratione
500 2076 663 2125 assensus
684 2086 882 2137 Episcopo-

75 2165 161 2191 rum
177 2152 375 2191 pontificiis
396 2150 672 2190 definitionibus
694 2150 882 2189 adhibitus

76 2223 115 2256 et
135 2217 363 2268 adhibendus
384 2217 514 2270 judicii
536 2226 705 2255 naturam
726 2216 856 2253 induat
870 2245 880 2263 ‚

77 2285 126 2321 ita
166 2283 326 2334 perbelle
361 2286 512 2336 exponit
553 2283 773 2323 Fenelonius
788 2313 798 2328 ‚
843 2285 882 2320 in

77 2350 184 2399 epist.
221 2363 285 2387 seu
315 2351 556 2388 instructione
591 2348 759 2401 pastorali
797 2348 881 2386 data

77 2415 135 2452 die
156 2426 206 2452 20
225 2414 313 2465 Apr.
335 2414 434 2466 1715
449 2446 459 2463 ‚
481 2416 579 2467 apud
601 2415 774 2453 eumdem
797 2413 881 2453 Bal-

71 2482 245 2519 lerinium
260 2508 270 2524 ‚
293 2481 365 2518 loe.
389 2483 454 2520 eit,
482 2480 672 2519 deicare
690 2510 700 2526 ‚
731 2482 880 2531 inquit,

65 2553 152 2599 post
161 2545 365 2598 judicium
390 2542 595 2595 Pontificis
615 2551 669 2582 ese
692 2547 881 2597 suumju-

71 2612 219 2650 dicium
235 2624 323 2649 cum
333 2610 533 2662 pontificio
545 2608 782 2660 conjunqere.
793 2609 881 2648 Hac

71 2680 219 2717 ratione
242 2675 432 2729 Episcopi
461 2675 551 2713 olim
576 2675 883 2728 subscripserunt

72 2745 241 2795 ipsorum
271 2741 533 2781 Conciliorum
558 2741 799 2792 qeneralium
818 2741 882 2778 de-

72 2810 199 2848 cretis.
237 2808 387 2847 Eorum
422 2807 624 2845 submissio
662 2813 741 2843 erat
768 2806 882 2858 J‘udi-

72 2876 201 2919 cium,
231 2881 266 2912 et
294 2887 424 2913 eorum
443 2872 643 2925 judicium
678 2878 759 2909 erat
790 2871 881 2909 sub-

74 2943 221 2980 missio,
229 2938 513 2981 subscribentes
523 2953 601 2977 sese
613 2938 882 2977 submittebant

74 3006 192 3045 σίνηαι
211 3012 246 3044 et
265 3006 541 3057 confirmabant
558 3004 787 3044 decisionem
804 3002 877 3055 Sy-

949 1689 1055 1727 nodi.
1086 1688 1192 1741 Quod
1222 1697 1362 1727 constat
1389 1702 1435 1727 ex
1459 1692 1548 1728 actis
1577 1698 1612 1728 et
1640 1704 1682 1729 ex
1705 1691 1761 1730 his

947 1756 1100 1807 aliisque
1129 1755 1310 1793 similibus
1334 1754 1651 1806 subscriptionum
1687 1756 1761 1795 for-

950 1821 1059 1859 mulis
1080 1820 1296 1859 :Judicans
1315 1821 1525 1873 subscripsi
1531 1836 1546 1870 ‚·
1564 1835 1762 1874 recoqnos-

948 1900 1036 1925 oens
1061 1888 1239 1925 consensi
1246 1904 1262 1933 ;
1287 1886 1547 1940 obtemperans
1565 1889 1761 1926 sementiae

949 1953 1278 1991 sanctissimorum
1299 1959 1333 1990 et
1344 1952 1649 1991 beatissimorum
1667 1952 1764 2005 Epi-

949 2031 1145 2070 scoporum
1156 2019 1395 2056 consentiens
1405 2025 1440 2056 et
1455 2032 1521 2069 eqo
1533 2018 1760 2071 subscripsi3

950 2086 1185 2122 consentiens
1205 2093 1240 2122 et
1273 2097 1338 2135 eqo
1359 2083 1572 2136 subscripsi
1583 2098 1598 2132 ;
1626 2097 1764 2135 (509ηο-

950 2156 1057 2188 scens
1069 2149 1341 2187 discussionem
1354 2155 1572 2187 sanctorum
1585 2145 1763 2197 Patriam,

952 2223 985 2253 et
1005 2229 1093 2253 cum
1115 2217 1221 2266 sequi
1237 2214 1412 2265 debeam,
1425 2215 1636 2267 subscripsi
1652 2244 1663 2262 ‚
1691 2224 1761 2254 ete.

952 2281 1041 2319 Aliis
1080 2281 1199 2332 placet
1226 2281 1410 2332 judicium
1445 2294 1539 2319 rom.
1575 2280 1763 2320 Pontificis

952 2359 1081 2384 vocare
1098 2344 1331 2397 principale.
1347 2345 1427 2383 Cfr.
1442 2348 1555 2385 etiam
1569 2345 1760 2395 zaccaria,

952 2411 993 2449 in
1030 2410 1301 2463 Antifebronio
1336 2411 1680 2459 vindicato‚-tom.
1709 2426 1761 2459 11,

952 2477 1042 2515 diss.
1063 2491 1098 2516 iv
1116 2509 1126 2526 ‚
1155 2492 1233 2529 cap.
1252 2476 1300 2524 6,
1324 2477 1389 2515 ubi
1403 2477 1484 2516 fuse
1506 2478 1552 2517 de
1569 2478 1642 2516 hoc
1659 2492 1764 2530 argu-

954 2547 1083 2581 mento
1104 2543 1233 2591 scribit
1249 2543 1421 2582 adversus
1442 2543 1680 2582 Febronium.
1702 2545 1705 2546 ⁷

1008 2608 1059 2658 (Ξ)
1090 2609 1144 2647 Ita
1177 2607 1337 2655 planch,
1372 2612 1413 2647 in
1447 2624 1508 2661 op.
1545 2607 1763 2648 Geschichte

953 2674 1020 2713 der
1046 2674 1550 2721 Christlich-Kiroklichen,
1591 2684 1660 2715 etc.
1695 2689 1761 2714 seu

953 2739 1134 2779 Historia
1156 2742 1437 2779 constitutionis
1457 2739 1610 2779 socialis
1632 2739 1761 2778 Eccle-

951 2807 1021 2843 sioe
1044 2805 1290 2855 christianes,
1319 2814 1413 2857 part.
1431 2820 1443 2844 1
1459 2836 1470 2853 ,
1494 2821 1532 2857 p.
1557 2803 1634 2858 687
1657 2836 1666 2852 ,
1698 2805 1762 2843 ubi

953 2871 1132 2922 ejusmodi
1155 2873 1425 2922 imperatoriam
1446 2870 1761 2909 confirmationem

952 2936 999 2974 ad
1027 2937 1103 2988 ipsa
1132 2937 1219 2975 fidei
1244 2937 1412 2987 dogmata
1439 2936 1632 2983 extendit,
1664 2934 1761 2985 apud

942 3000 1257 3057 Roskovany‚op.
1285 3004 1347 3041 cit.
1371 3000 1392 3054 §
1420 3001 1498 3053 73,
1530 3013 1614 3054 pag.
1645 2996 1732 3039 136.
