2028 3354
215 221 313 268 246
703 232 861 262 ruer.
900 233 954 262 mi
989 234 1105 265 roms
1140 236 1439 266 rassotocxcrs.

282 350 392 399 370.
428 345 500 394 Ad
518 345 584 392 9ΠΙ
600 380 614 402 ‚
643 342 762 407 Neq.
783 343 847 390 Ut
863 343 992 391 enim
1013 355 1194 394 constat
1211 365 1268 395 ex
1285 346 1639 413 probationibus
1656 383 1669 407 ⁷
1698 345 1905 395 Ecclesiae

220 423 468 473 auctoritas
504 420 703 485 spectari
732 436 831 466 non
865 418 1008 466 dehet
1042 429 1096 466 ut
1125 424 1368 470 auctoritas
1392 423 1628 482 humana,
1664 421 1747 469 sed
1779 421 1910 470 velut

219 516 447 563 organum
471 496 733 545 divinitatis
752 531 764 554 ‚
799 513 853 543 ac
885 504 1112 560 perpetua
1139 513 1219 544 seu
1239 498 1357 561 jugis
1391 500 1699 547 manifestatio
1738 498 1911 546 Christi

215 576 387 641 ipsius,
421 573 501 639 qui
538 589 643 620 eam
673 571 760 618 sibi
795 571 977 619 suffecit
1010 581 1063 618 ut
1090 581 1284 633 testem,
1311 573 1514 634 judicem
1548 592 1600 623 ac
1642 575 1912 639 magistram

215 669 377 700 earum
395 649 652 700 veritatum
669 683 681 706 ,
705 664 819 712 quas
848 647 1001 695 eidem
1023 647 1122 712 ipse
1150 648 1405 708 commisit,
1429 666 1480 697 ac
1497 660 1741 715 propterea
1766 649 1912 697 infal-

215 727 432 775 libilitate
468 723 707 772 instruxit.
740 723 978 788 Scriptura
1009 733 1082 771 est
1112 741 1218 789 pars
1248 724 1381 771 istius
1416 724 1611 790 depositi
1640 725 1834 791 perinde
1862 741 1914 773 ac

216 803 436 861 traditi03
478 800 721 864 utriusque
762 809 919 847 autem
959 809 1111 847 custos
1145 810 1191 848 et
1220 801 1452 866 interpres
1484 801 1681 849 Ecclesia
1708 811 1805 861 est3
1836 802 1916 849 illa

216 897 328 930 vero
365 878 531 944 nequit
566 876 663 924 sola
699 892 798 923 esse
829 875 987 939 regula
1016 876 1125 924 fidei
1155 886 1354 937 nostrae,
1392 886 1446 924 ut
1473 886 1604 943 patet
1636 894 1694 925 ex
1731 878 1916 926 aberra·

216 954 421 1003 tionibus
447 952 814 1001 acatholicorum
841 953 1083 1011 omnium,
1124 953 1206 1017 qui
1237 970 1340 1000 eam
1372 953 1559 1000 unicam
1592 952 1757 1000 ducem
1788 954 1917 1018 sequi

217 1033 470 1082 voluerunt
489 1066 502 1088 ‚
539 1033 711 1091 reJecto
735 1027 942 1076 Ecclesiae
963 1029 1232 1076 testimonio
1262 1046 1314 1075 ac
1339 1028 1604 1092 magisterio
1620 1065 1633 1089 ‚
1666 1037 1808 1094 prout
1835 1045 1918 1075 suo

218 1109 320 1156 loco
338 1107 527 1155 uberius
544 1104 831 1156 evolvemus.
849 1104 984 1164 Quod
1004 1104 1289 1168 adjiciturkde
1306 1104 1629 1170 inspiratione,
1649 1104 1790 1170 paulo
1810 1113 1920 1151 ante

220 1184 535 1250 exposuimus,

286 1261 398 1309 371.
437 1259 507 1307 Ad
539 1259 663 1318 10³²,
695 1259 822 1307 Dist.
847 1257 1095 1322 Scripturae
1116 1258 1246 1306 valor
1273 1262 1567 1305 extrinsecus
1591 1273 1672 1304 seu
1692 1259 1834 1303 relate
1855 1257 1925 1303 ad
1938 1296 1939 1299 ,

220 1355 331 1393 ποε,
367 1351 524 1390 conc.,·
548 1338 842 1381 intrinsecus
869 1342 919 1381 et
948 1336 1003 1380 in
1033 1351 1078 1380 se
1093 1368 1113 1392 ,
1144 1351 1247 1397 neq.
1280 1335 1443 1393 Certe,
1479 1341 1533 1380 ut
1559 1342 1720 1398 postea
1751 1341 1915 1379 osten-

222 1413 386 1461 demus
402 1449 415 1472 ,
442 1410 629 1458 nonnisi
658 1428 744 1474 per
770 1409 1020 1456 Ecclesiam
1049 1409 1185 1456 nobis
1212 1418 1421 1458 constare
1445 1418 1547 1456 tuto
1571 1417 1724 1474 potest
1750 1407 1808 1455 de
1844 1408 1919 1454 in-

222 1491 475 1555 spiratione
496 1524 509 1546 ,
544 1503 742 1534 numero
772 1495 819 1532 et
844 1502 1021 1532 canone
1051 1484 1279 1532 librorum
1306 1484 1592 1534 divinorum.

288 1565 401 1612 372.
441 1563 512 1611 Ad
550 1564 667 1620 Ilm,
704 1563 831 1610 Dz‘st.
870 1561 922 1608 Id
950 1570 1041 1622 est,
1075 1561 1310 1626 Scriptura
1343 1577 1428 1624 per
1453 1559 1659 1607 Ecclesiae
1687 1560 1923 1625 interpre-

223 1642 449 1689 tationem
473 1639 611 1687 illum
634 1655 801 1687 verum
830 1655 882 1684 ac
912 1654 1189 1700 germanum
1218 1653 1407 1684 sensum
1427 1652 1523 1701 prae
1544 1652 1593 1683 se
1612 1636 1755 1683 ferret
1782 1652 1923 1701 quem

223 1719 373 1782 reipsa
392 1715 537 1763 habet
553 1751 565 1774 v
588 1732 722 1762 conc.
740 1731 756 1768 ,·
783 1731 974 1760 sensum
1000 1713 1282 1760 adscititium
1305 1730 1391 1777 pro
1414 1711 1563 1759 lubito
1592 1712 1636 1759 ei
1659 1711 1892 1758 tributum
1907 1748 1920 1772 ‚

224 1813 328 1859 neq.
359 1795 455 1841 Nec
483 1792 611 1839 enim
635 1790 694 1837 ad
721 1789 969 1837 arbitrium
995 1789 1190 1836 Ecclesia
1219 1790 1468 1853 Scripturae
1495 1804 1685 1835 sensum
1713 1787 1919 1849 affingitt,

223 1870 306 1918 sed
327 1871 561 1917 duntaxat
590 1883 755 1915 verum
776 1870 873 1928 ejus
904 1883 1094 1913 sensum
1111 1864 1316 1912 declarat
1332 1867 1468 1926 juxta
1497 1862 1756 1927 analogiam
1784 1862 1893 1910 fidei
1910 1899 1923 1922 ,

218 1950 353 2008 juxta
383 1961 572 1991 sensum
603 1941 976 2001 traditionakm,
1009 1958 1061 1988 ac
1080 1945 1212 2002 juxta
1235 1939 1373 1986 illum
1404 1957 1594 1987 sensum
1611 1976 1624 1998 ,
1655 1956 1797 2005 quem
1825 1939 1925 2004 ipsa

222 2041 249 2070 a
277 2021 461 2071 Christo
486 2030 534 2068 et
558 2018 866 2085 Scriptoribus
884 2019 993 2084 ipsis
1020 2018 1189 2066 divinis
1209 2017 1403 2080 accepit.
1431 2016 1526 2064 Soli
1552 2016 1822 2074 acatholici,
1845 2017 1924 2080 qui

224 2098 347 2147 hanc
376 2096 600 2145 deserunt
629 2097 780 2156 viam,
820 2096 972 2159 reipsa
1007 2095 1254 2159 Scripturae
1297 2110 1405 2141 eum
1446 2109 1636 2140 sensum
1673 2090 1922 2151 tribuunt,

227 2192 371 2240 quem
395 2175 495 2238 ipsa
521 2190 608 2220 nec
636 2171 783 2219 habet
801 2188 888 2218 nec
909 2170 1114 2235 patitur,
1147 2168 1334 2235 quando
1349 2167 1639 2215 adnituntur
1666 2165 1844 2231 aliquid
1868 2182 1926 2213 ex

231 2250 482 2315 Scripturis
513 2251 758 2307 evincere,
792 2247 920 2313 quod
940 2255 1077 2294 rectae
1103 2245 1212 2293 fidei
1243 2245 1542 2303 adversatum
1564 2260 1651 2292 neo
1680 2243 1810 2291 enim
1838 2243 1927 2308 ipsi

226 2328 423 2391 legitimi
450 2335 562 2373 sunt
595 2326 943 2390 Scripturarum
965 2324 1271 2388 interpretes,
1306 2338 1414 2369 cum
1445 2337 1690 2386 nunquam
1712 2319 1923 2367 Christus

227 2402 457 2465 ejusmodi
477 2420 646 2449 munus
667 2401 778 2465 ipsis
801 2398 1172 2455 demandaverit.
1200 2397 1379 2446 Exinde
1398 2414 1559 2446 omnes
1583 2396 1782 2445 haereses
1806 2403 1917 2442 ortae

229 2487 340 2525 sunt
364 2479 488 2526 inter
511 2495 558 2525 se
584 2486 847 2544 pugnantes
870 2474 956 2539 (l).

284 2630 335 2681 (l)
365 2628 512 2680 Optime
547 2627 604 2667 Cl.
648 2627 836 2676 Mechler‚
879 2625 1044 2678 Symbol.
1110 2627 1366 2678 serionsjetes
1392 2626 1614 2679 d’opinions
1636 2639 1684 2665 en
1711 2624 1890 2677 opinions
1909 2652 1919 2669 ‚

229 2695 340 2746 chap.
361 2692 386 2732 5
405 2722 416 2740 ,
439 2691 462 2745 ξ
488 2704 534 2730 ιο
549 2722 561 2740 ,
587 2694 627 2730 in
650 2692 747 2729 hanc
770 2705 848 2730 rem
876 2692 1007 2730 scribit
1029 2705 1040 2730 ς
1108 2698 1144 2730 et
1157 2691 1302 2730 bientot
1314 2699 1413 2731 toute
1428 2691 1545 2731 verit&
1555 2704 1652 2731 nous
1665 2688 1917 2741 &chapperait

229 2760 400 2811 Lorsque
415 2756 576 2797 l'erreur
596 2770 621 2796 a
641 2760 739 2795 seme
759 2755 794 2795 le
815 2756 924 2795 doute
946 2765 982 2796 et
1004 2757 1042 2796 Ia
1109 2757 1253 2807 Aua-si,
1269 2772 1374 2811 pour
1391 2758 1423 2796 le
1446 2758 1530 2797 dire
1547 2770 1597 2796 en
1615 2760 1802 2808 pascant,
1821 2767 1921 2807 par-

231 2824 400 2864 division
423 2824 521 2863 dam
545 2823 597 2862 les
614 2823 751 2876 esprits
767 2851 779 2870 ‚
803 2821 892 2873 quel
907 2836 1041 2875 moyen
1105 2830 1186 2861 tout
1210 2824 1260 2862 οὐ
1281 2822 1490 2864 l’Ecriture
1519 2835 1543 2860 a
1566 2823 1620 2860 όιό
1643 2819 1855 2873 proclames
1880 2819 1919 2858 la

232 2891 277 2930 de
297 2890 491 2931 discernor
512 2888 550 2928 la
566 2891 672 2927 vraie
694 2888 866 2926 doctrine
882 2918 892 2936 ,
917 2889 962 2927 de
983 2902 1042 2927 re·
1106 2890 1207 2928 seule
1232 2889 1332 2942 reqle
1354 2889 1400 2927 de
1415 2889 1478 2939 sbi
1489 2917 1500 2936 ‚
1526 2900 1577 2925 on
1598 2885 1662 2924 n’a
1686 2888 1798 2938 point
1819 2899 1918 2925 com-

231 2958 342 2995 vem'r
358 2957 383 2995 ὰ
406 2955 560 3006 Punite,
592 2961 684 2993 sans
707 2967 762 2993 un
789 2953 965 2994 tribunal
987 2955 1044 2993 vi·
1101 2955 1189 3007 pris
1209 2954 1261 2993 les
1280 2953 1584 3005 developpemens
1610 2952 1663 2989 du
1685 2952 1816 3003 doqme
1837 2980 1848 2998 ‚
1869 2962 1918 2988 on

231 3030 325 3061 vani
348 3029 383 3061 et
407 3020 610 3074 infaillible
624 3022 652 3059 Ρ
677 3019 781 3060 Ηονε
806 3020 852 3074 de
869 3020 929 3070 ἰὰ,
947 3033 1043 3060 nores
1108 3018 1159 3058 len
1187 3034 1211 3058 a
1233 3021 1350 3058 meme
1372 3019 1503 3070 rqjetcs
1512 3016 1796 3068 formellement.
1822 3014 1919 3054 Sou-
