2028 3354
1672 209 1763 257 115

437 217 559 246 PART.
598 219 629 246 1.
665 217 761 247 GAP.
799 218 868 248 111.
909 219 962 248 DE
996 220 1207 250 ECCLESIAE
1242 222 1383 252 NOTIS.

96 330 280 378 tinianis
294 339 341 378 et
352 330 625 378 Marcionitis
638 366 653 393 ,
674 331 799 378 idem
817 330 904 379 dici
922 331 1060 380 debet
1080 333 1137 381 de
1161 334 1431 382 Lutheranis
1447 371 1459 395 7
1478 336 1760 398 Calvinistis‚

99 407 354 470 Anglicanis
377 408 626 474 ceterisque
646 409 778 456 sectis
796 445 808 467 ,
839 425 943 455 cum
966 409 1128 457 eadem
1151 412 1268 458 ratio
1297 411 1466 460 militet
1485 430 1569 478 pro
1592 414 1688 462 istis
1707 433 1759 463 ac

94 501 178 548 pro
207 483 316 530 illis.
1146 550 1148 557 Ι

161 559 267 606 197.
307 559 377 606 Ad
407 559 472 607 8¹1¹
490 596 503 619 7
533 562 660 607 Dz‘st.
685 561 742 606 In
771 560 1014 625 hypothesi
1038 560 1316 622 adversarii,
1352 579 1499 618 conc.,·
1517 569 1653 626 juxta
1682 584 1764 614 re*

93 634 243 698 gulam
265 644 553 682 constantem
576 635 780 683 Ecclesiae
794 671 808 694 ‚
840 653 943 698 neq.
971 636 1080 682 Haec
1100 636 1227 683 enim
1251 637 1406 700 regula
1426 648 1497 685 est
1520 644 1766 690 auctoritas

92 710 342 757 infallibilis
359 748 371 770 7
405 721 456 757 ut
474 721 632 775 postea
660 710 952 758 ostendemus
969 745 981 768 7
1005 727 1095 773 qua
1123 712 1298 775 posita,
1316 717 1415 774 jam
1448 718 1764 780 consequitur,

91 785 262 851 absque
287 787 381 833 ulla
415 787 693 833 discussione
724 794 805 831 aut⁸
834 785 1045 832 examine
1073 787 1182 833 satis
1218 805 1315 835 esse
1349 790 1617 853 attendere,
1650 793 1763 856 quid

91 861 282 909 Ecclesia
314 862 543 908 definierit
572 870 651 907 aut
686 859 1004 920 damnaverit,
1038 870 1090 907 ut
1120 861 1244 910 illico
1281 864 1566 927 innotescat,
1607 875 1766 915 utrum

91 938 241 984 unitas
265 946 343 984 aut
364 936 619 983 differentia
638 935 698 981 sit
715 934 850 982 realis
872 935 947 984 Vel
971 954 1200 1002 apparens
1225 939 1312 1003 (l).

156 1013 262 1058 198.
298 1012 368 1059 Ad
394 1013 487 1069 9¹¹¹,
519 1011 637 1074 Ney.
671 1010 884 1076 Alioquin
927 1011 1121 1060 Ecclesia
1156 1014 1327 1061 Christi
1365 1015 1483 1063 foret
1515 1016 1576 1063 ad
1616 1017 1763 1066 instar

89 1089 226 1134 turris
254 1086 391 1133 Babel
418 1102 522 1132 cum
551 1087 818 1135 confusione
859 1087 1144 1152 linguarum.
1185 1089 1471 1139 Coalesceret
1502 1092 1629 1140 enim
1666 1111 1764 1141 non

89 1161 234 1208 solum
264 1178 320 1208 ex
348 1161 540 1209 diversis
562 1199 574 1222 7
603 1179 766 1212 verum
801 1163 942 1210 etiam
973 1180 1030 1211 ex
1058 1164 1378 1229 heterogeneis
1411 1176 1459 1214 et
1484 1167 1623 1232 plane
1646 1185 1766 1216 con-
1790 1206 1794 1210 .

86 1236 355 1284 tradictoriis
389 1238 661 1285 veritatibus
681 1274 694 1299 ,
741 1239 866 1303 quod
906 1248 976 1286 est
1009 1238 1282 1288 absurdum.
1318 1242 1516 1290 Ecclesia
1550 1253 1762 1309 tempore

85 1313 410 1376 Apostolorum
429 1314 666 1366 coaluisset
684 1329 741 1361 ex
763 1314 993 1379 Apostolis
1020 1323 1066 1362 et
1088 1333 1143 1363 ex
1167 1317 1429 1375 Nicolaitis,
1455 1319 1733 1368 Simonianis
1749 1357 1764 1379 a

85 1388 407 1449 Cerinthianis,
421 1389 658 1450 Ebionitis,
672 1407 784 1456 quos
797 1399 955 1438 tamen
966 1390 1023 1437 ab
1041 1391 1235 1440 Ecclesia
1248 1395 1455 1459 Apostoli
1468 1395 1759 1460 repulerunt.

150 1464 260 1510 199.
298 1463 403 1526 Obj.
437 1465 636 1512 secunda
654 1475 700 1513 et
726 1467 836 1512 inst.
865 1467 916 1512 1o
943 1468 1153 1514 Exterior
1186 1471 1453 1516 communio
1484 1471 1534 1517 in
1567 1472 1763 1519 Ecclesia

84 1539 363 1602 interrumpi
392 1536 573 1603 potest„
610 1540 735 1589 salva
764 1544 860 1602 ejus
900 1541 1092 1588 unitate.
1126 1543 1179 1587 20
1217 1545 1311 1590 Nec
1349 1545 1475 1591 enim
1497 1580 1510 1604 ‚
1556 1555 1762 1610 spectata

85 1612 288 1667 humana
312 1613 658 1662 individuorum
680 1606 951 1664 infirmitate
965 1652 979 1676 ‚
1008 1616 1141 1664 aliter
1169 1620 1267 1666 fieri
1287 1629 1439 1684 potest
1461 1620 1635 1686 absque
1653 1639 1762 1687 spe-

85 1688 206 1747 ciali,
235 1689 330 1735 imo
355 1689 576 1753 singulari
594 1691 767 1740 divinae
785 1693 1134 1756 omnipotentiae
1156 1694 1351 1753 auxili03
1377 1695 1427 1742 3⁰
1449 1713 1588 1760 porro
1607 1714 1760 1762 neque

84 1783 138 1813 ex
166 1767 426 1830 Scriptura,
456 1784 610 1832 neque
639 1786 696 1815 ex
728 1768 977 1816 traditione
1006 1769 1190 1817 ostendi
1225 1780 1407 1835 potest,
1442 1773 1542 1824 dari
1572 1774 1756 1821 divinas

84 1841 454 1907 pollicitationes,
474 1843 601 1908 quod
618 1843 811 1913 Ecclesia
835 1861 1018 1911 semper
1036 1846 1096 1892 ita
1117 1846 1317 1909 perfecte
1334 1865 1427 1894 una
1445 1864 1543 1895 esse
1561 1848 1728 1897 debeat
1743 1886 1755 1907 ,

86 1927 138 1963 ut
176 1935 417 1982 nunquam
451 1920 651 1967 exterius
691 1920 835 1968 divisa
874 1921 953 1970 sit.
990 1922 1044 1967 4⁰
1075 1922 1319 1988 Scripturae
1352 1924 1480 1971 enim
1520 1924 1757 1972 affirmant

137 2078 199 2131 (l)
228 2080 373 2119 Exinde
398 2081 508 2119 etiam
527 2088 647 2131 patet,
674 2093 887 2132 supervaca-

87 2159 170 2185 neas
179 2159 322 2197 prorsus
336 2158 412 2184 esse
425 2146 774 2198 discussiones‚quas
790 2146 887 2184 idem

85 2211 226 2251 Palmer
253 2213 347 2253 ibid.
375 2212 559 2251 faciendas
598 2212 813 2260 contendit,
841 2212 888 2249 ad

87 2275 158 2313 hoc
176 2285 217 2314 ut
233 2291 377 2329 aequum
404 2277 587 2330 judicium
609 2277 770 2316 feramus
794 2279 888 2316 circa

87 2340 281 2380 articulum
299 2343 459 2394 aliquem
472 2372 482 2390 ‚
497 2350 622 2381 utrum
646 2356 778 2394 nempe
807 2357 888 2394 spe-

89 2413 160 2444 ctet
179 2404 225 2443 ad
246 2408 412 2445 veritates
426 2415 522 2446 certo
551 2407 727 2446 revelatas
741 2421 787 2446 an
805 2422 888 2446 vero

89 2470 134 2507 ad
161 2460 350 2520 opiniones
373 2475 535 2510 tantum.
562 2471 653 2510 Vult
686 2472 784 2509 enim
802 2502 812 2520 ‚
848 2480 890 2509 ut

90 2536 189 2586 prius
209 2534 494 2583 determinetur,
516 2544 639 2574 utrum
657 2536 861 2575 differentia
875 2566 887 2585 ‚

90 2611 171 2651 quae
200 2600 389 2637 invenitur
413 2600 454 2636 in
476 2608 612 2650 puncto
634 2609 861 2640 controverso
877 2630 889 2650 ‚

93 2666 138 2703 sit
158 2665 352 2703 tolerabilis
375 2676 444 2702 nec
465 2677 538 2714 ne3
564 2665 696 2704 deinde
720 2674 762 2705 ut
777 2667 891 2718 dispi-

93 2731 221 2779 ciatur,
242 2743 287 2768 an
310 2731 364 2768 hae
385 2729 596 2768 differentiae
610 2730 833 2782 apParentes
850 2732 893 2769 in

89 2794 165 2844 fide
178 2795 300 2846 potius
310 2795 473 2834 verbales
487 2796 559 2832 sint
570 2809 680 2848 quam
693 2796 804 2835 reales
814 2810 826 2845 ;
838 2798 894 2835 in-

98 2873 206 2911 super
219 2868 342 2899 utrum
358 2862 521 2899 oriantur
533 2874 603 2900 nec
614 2875 661 2900 ne
673 2875 714 2899 ex
726 2875 784 2909 eo,
796 2862 894 2914 quod

97 2923 280 2965 contrariae
303 2934 422 2978 partes
447 2934 577 2966 mutuo
605 2941 642 2966 se
671 2926 765 2966 male
787 2926 895 2967 intel-

97 2991 251 3029 lexerint
277 3003 290 3041 3
333 2991 484 3031 demum
517 2999 639 3033 utrum
675 2994 893 3033 controversi

949 2081 1092 2119 articuli
1115 2082 1231 2121 habiti
1252 2083 1389 2123 fuerint
1407 2083 1525 2124 veluti
1543 2100 1599 2125 res
1616 2087 1757 2138 proba-

948 2144 1042 2183 biles
1076 2145 1213 2199 absque
1255 2151 1379 2188 animo
1419 2140 1684 2197 determinato,
1710 2167 1758 2191 an

950 2211 1061 2249 veluti
1085 2226 1140 2249 res
1165 2219 1276 2252 certae
1291 2241 1304 2262 ‚
1331 2222 1458 2252 utrum
1486 2216 1558 2253 sint
1582 2215 1756 2255 doctrinae

949 2275 1223 2315 individuorum
1246 2280 1342 2317 intra
1361 2279 1530 2318 ecclesias
1541 2307 1554 2328 ‚
1581 2294 1628 2318 an
1642 2281 1759 2320 eccle-

951 2344 1086 2380 siarum
1107 2344 1284 2394 ipsarum.
1310 2344 1458 2383 Etenim
1481 2347 1662 2398 ejusmodi
1685 2347 1759 2385 dis-

952 2409 1163 2459 quisitiones
1186 2417 1413 2461 supponunt,
1435 2424 1455 2447 a
1472 2412 1600 2462 spiritu
1629 2413 1760 2464 singu-

951 2472 1070 2510 lorum
1092 2474 1234 2524 privato
1253 2487 1330 2512 esse
1353 2474 1399 2512 de
1420 2473 1480 2512 his
1494 2475 1756 2527 J'udicandum‚

953 2538 1052 2588 quod
1066 2546 1190 2577 tamen
1212 2546 1267 2578 est
1292 2548 1447 2592 systema
1470 2540 1758 2580 Protestantium

952 2600 998 2638 ab
1020 2602 1220 2642 adversario
1236 2612 1361 2643 nostro
1378 2606 1554 2657 rejectum
1569 2618 1581 2656 ς
1603 2620 1671 2644 nec
1689 2621 1758 2644 un-

954 2681 1065 2719 quam
1085 2669 1130 2707 ad
1145 2670 1260 2709 ullam
1284 2671 1528 2711 dirimendam
1550 2680 1760 2712 controver-

954 2734 1045 2771 siam
1065 2735 1291 2784 inserviunt,
1331 2744 1373 2775 ut
1400 2739 1618 2789 experientia
1650 2740 1758 2777 etiam

954 2799 1075 2837 docet.
1101 2798 1294 2840 Catholicis
1318 2803 1377 2840 via
1404 2810 1483 2841 tuta
1517 2810 1552 2841 et
1581 2816 1757 2853 compen-

955 2864 1056 2903 diosa
1090 2873 1142 2904 est
1162 2865 1331 2906 Ecclesiae
1358 2867 1551 2917 definitio,
1582 2881 1654 2921 qua
1682 2868 1755 2905 sola

956 2930 1075 2968 omnis
1095 2933 1281 2971 contentio
1303 2940 1429 2971 cessat.

1514 3058 1557 3104 8.
