2028 3354
518 221 644 251 mar.
681 222 713 251 1.
753 221 850 251 esp,
890 221 962 250 111.
1003 221 1056 250 na
1092 221 1306 251 acczasm:
1342 221 1479 251 nous.
1780 204 1841 252 89

241 336 345 383 154.
384 335 453 382 Ad
471 344 761 398 postremum
773 335 898 400 quod
913 335 1080 398 attinet
1096 371 1108 395 ,
1136 334 1411 381 adnotamus
1424 371 1437 395 ,
1458 344 1549 381 tres
1567 331 1841 398 posteriores

169 421 300 459 notas
327 413 600 458 virtualiter
626 411 800 459 includi
826 412 877 458 in
904 412 1046 476 priori
1063 447 1075 470 7
1104 428 1274 477 nempe
1304 412 1353 458 in
1380 412 1557 458 unitate
1577 447 1590 470 7
1615 419 1754 475 atque
1783 408 1841 456 ab

169 505 220 534 ea
251 497 473 552 tanquam
505 488 740 534 communi
767 489 894 534 fonte
920 487 1174 534 dimanare.
1200 488 1385 535 Etenim
1413 489 1450 533 si
1469 487 1643 546 unitas,
1684 501 1787 551 quae
1816 502 1843 532 a

164 563 393 627 principio
415 564 695 610 auctoritatis
717 563 1016 610 constituitur
1032 597 1049 619 ,
1084 572 1221 626 caput
1244 562 1380 609 simul
1411 571 1456 608 et
1482 561 1692 610 membra
1716 578 1844 609 com-

163 637 408 702 plectitur,
445 656 528 685 nec
562 656 657 684 non
690 655 853 703 corpus
891 647 938 683 et
970 638 1203 695 animam,
1245 638 1450 701 profecto
1491 638 1725 701 sequitur,
1764 637 1844 685 Ec-

162 712 372 772 clesiam,
408 731 509 778 quae
548 732 630 778 pro
663 724 773 761 nota
804 712 1167 758 characteristica
1197 712 1340 759 habet
1381 712 1634 770 unitatem,
1671 712 1844 761 debere

160 790 332 853 pariter
345 799 566 854 tanquam
585 799 743 836 notam
760 804 889 833 suam
909 786 1080 833 habere
1097 789 1392 835 sanctitatem
1410 824 1422 845 7
1441 805 1536 857 'qua
1560 788 1844 851 dignoscitur

159 864 307 929 ipsam
334 865 486 913 vivere
503 901 515 923 7
536 881 619 911 nec
636 881 731 909 non
744 862 1120 922 catholicitatem7
1140 873 1192 910 ut
1209 864 1351 929 ipsius
1373 863 1580 910 Ecclesiae
1604 880 1843 926 cognosca-

160 948 241 986 tur
274 957 456 1004 semper
487 948 533 985 et
564 938 735 1003 ubique
760 938 977 985 identitas
996 975 1008 997 7
1051 956 1102 985 ac
1134 938 1327 988 demum
1358 939 1742 1005 apostolicitatem
1766 957 1844 988 ra·

160 1016 285 1062 tione
323 1013 525 1076 ejusdem
550 1015 735 1077 originis
771 1032 823 1062 ac
861 1014 1097 1063 doctrinae.
1137 1016 1271 1064 Unde
1296 1017 1468 1082 liquet,
1502 1017 1569 1063 uti
1593 1020 1693 1079 jam
1721 1034 1846 1082 prae·

159 1091 448 1148 monuimus,
484 1088 545 1135 ita
576 1091 702 1137 inter
725 1108 772 1138 se
798 1099 930 1138 notas
957 1092 1067 1138 istas
1096 1091 1299 1157 colligari
1338 1110 1390 1140 ac
1419 1101 1583 1139 mutuo
1625 1109 1749 1140 nexu
1784 1092 1844 1141 ab

156 1166 353 1212 invicem
376 1164 667 1230 dependere,
698 1176 750 1212 ut
778 1166 906 1214 nulla
935 1167 1036 1214 tolli
1058 1169 1227 1233 possit,
1264 1169 1378 1234 quin
1398 1178 1565 1216 ceterae
1596 1178 1813 1217 corruant
1829 1206 1842 1230 7

154 1249 233 1288 aut
263 1241 355 1287 ulla
377 1259 536 1288 earum
562 1243 783 1308 reperiri,
804 1244 917 1308 quin
950 1243 1139 1308 reliquae
1157 1246 1414 1292 coexistant.
1443 1245 1532 1308 (l)
1565 1246 1726 1291 Restat
1751 1245 1844 1309 igi-

153 1327 229 1364 tur
246 1354 257 1375 7
284 1326 336 1364 ut
355 1318 560 1383 primum
582 1320 899 1384 inspiciamus,
925 1329 1081 1366 utrum
1106 1321 1330 1383 ejusmodi
1350 1330 1475 1368 notae
1494 1320 1700 1368 debeant
1723 1339 1841 1370 verae

148 1394 320 1440 Christi
352 1393 560 1441 Ecclesiae
588 1405 879 1460 competere,
909 1414 969 1442 an
1001 1414 1111 1443 vero
1141 1397 1239 1445 aliae
1272 1397 1564 1461 requirendae
1593 1399 1708 1445 sint.
1749 1400 1840 1446 Nos

150 1487 288 1534 porro
313 1470 597 1517 affirmamus
617 1508 629 1530 7
661 1471 908 1517 recensitas
934 1481 1066 1518 notas
1088 1481 1135 1518 et
1155 1490 1251 1519 non
1280 1473 1390 1519 alias
1413 1490 1532 1520 verae
1563 1473 1733 1520 Christi
1752 1475 1842 1522 Ec-

151 1544 298 1591 clesiae
315 1546 569 1591 necessario
589 1555 852 1611 competere
881 1546 978 1611 (2),
1012 1548 1134 1612 quod
1163 1548 1350 1614 quidem
1373 1549 1621 1597 ostendere
1642 1549 1841 1598 arduum

149 1621 385 1683 negotium
413 1638 510 1666 non
539 1631 624 1668 est.

220 1695 328 1741 155.
362 1696 481 1744 Sane
509 1697 547 1742 si
575 1706 699 1745 notae
730 1707 931 1745 externae
964 1698 1151 1761 alicujus
1190 1701 1257 1747 rei
1288 1701 1402 1758 tales
1435 1710 1601 1765 natura
1625 1719 1705 1750 sua
1741 1720 1840 1753 esse
1908 1713 1915 1721 '

153 1769 353 1830 debent,
396 1781 452 1817 ut:
482 1789 566 1818 nos
596 1783 721 1820 certo
748 1783 795 1821 et
830 1773 1003 1839 absque
1033 1774 1320 1840 deceptionis
1352 1777 1556 1841 periculo
1588 1778 1761 1826 ducant
1788 1781 1840 1827 in

151 1849 247 1908 ejus
270 1847 603 1910 cognitionem,
628 1850 691 1896 ita
718 1859 902 1915 oportet
929 1868 1003 1897 eas
1024 1850 1157 1897 nobis
1177 1852 1397 1900 exhibere
1418 1870 1514 1901 rem
1533 1890 1546 1915 ,
1566 1858 1692 1916 cujus
1715 1865 1839 1905 notae

150 1930 260 1968 sunt
277 1958 289 1980 7
307 1932 360 1969 ut
378 1924 465 1988 ipsi
481 1924 563 1970 soli
580 1927 862 1973 conveniant
880 1944 932 1974 ac
952 1927 1069 1973 nulli
1088 1927 1165 1973 alii
1183 1938 1407 1993 praeterea
1428 1950 1440 1988 ς
1462 1931 1589 1995 atqui
1609 1933 1839 1993 ejusmodi

151 2006 263 2044 sunt
282 2008 479 2063 quatuor
492 2036 505 2059 7
529 2017 642 2065 quas
666 2003 983 2050 recensuimus
999 2040 1011 2063 7
1031 2012 1182 2064 notae3
1212 2022 1335 2069 ergo.
1357 2007 1501 2067 Major
1513 2024 1597 2072 per
1608 2025 1657 2066 se
1675 2017 1834 2073 patet,

152 2074 383 2122 minorem
403 2093 513 2125 vero
536 2078 599 2125 sic
621 2079 896 2127 evincimuS.
927 2081 992 2127 Ex
1016 2081 1226 2145 superius
1247 2081 1489 2130 vindicatis
1504 2118 1516 2142 7
1537 2100 1646 2131 vera
1667 2084 1837 2132 Christi

209 2271 259 2321 (l)
289 2271 413 2324 Atque
448 2272 510 2310 hic
541 2273 660 2311 obiter
680 2274 953 2323 animadverto,

156 2349 177 2373 a
197 2337 383 2375 nonnullis
394 2338 570 2388 theologis
581 2341 752 2377 constitui
772 2340 956 2379 unitatem

157 2413 233 2438 non
257 2402 333 2453 jam
353 2415 419 2441 ceu
447 2412 597 2452 notam,
629 2413 669 2442 ut
691 2413 824 2443 vocant
847 2435 858 2454 7
882 2419 956 2458 po-

156 2466 307 2503 sitivam
326 2495 337 2513 7
367 2468 416 2505 ita
444 2477 485 2507 ut
502 2482 547 2507 ex
570 2484 612 2509 eo
627 2499 638 2515 7
663 2471 763 2523 quod
782 2474 820 2509 in
834 2471 957 2524 aliqua

157 2533 421 2570 communione
434 2535 554 2571 unitas
579 2537 778 2587 reperiatur
792 2566 803 2585 7
829 2536 956 2574 inferri

155 2595 317 2647 legitime
333 2598 447 2648 possit
462 2626 472 2643 7
487 2611 564 2635 eam
590 2612 668 2637 esse
684 2613 806 2639 veram
821 2600 957 2639 Christi

156 2660 383 2711 Ecclesiam,
419 2663 484 2701 sed
509 2663 628 2703 solum
662 2668 715 2704 uti
738 2674 866 2704 notam
895 2681 958 2708 seu

157 2730 306 2781 signum
320 2731 537 2780 neqativum
554 2731 718 2770 exhiberi
732 2763 746 2780 ‚
760 2741 956 2785 quatenus,

156 2795 189 2831 si
211 2795 251 2831 in
282 2794 405 2847 aliquo
434 2803 528 2833 coetu
565 2796 682 2844 desit,
720 2797 879 2849 legitime
900 2802 959 2839 in-

157 2858 247 2896 ferri
261 2861 384 2910 possit,
402 2873 488 2898 eum
504 2874 580 2899 non
594 2875 669 2900 esse
680 2876 803 2901 veram
823 2863 959 2904 Christi

160 2922 378 2964 Ecclesiam.
403 2924 508 2977 Quod
533 2927 684 2979 quidem
704 2928 797 2968 mihi
816 2929 959 2969 videtur

171 3002 246 3028 non
278 2991 364 3029 satis
391 2999 582 3043 accurate,
614 2995 690 3033 imo
721 3007 789 3034 nee
812 3009 894 3036 vere
912 2996 958 3035 ab

1026 2278 1113 2328 ipsis
1129 2277 1283 2317 adstrui.
1307 2278 1544 2330 Impossibile
1566 2282 1664 2318 enim
1683 2288 1737 2319 est
1751 2310 1762 2329 7
1781 2291 1836 2332 ut,

1034 2344 1063 2380 si
1091 2345 1211 2381 unitas
1228 2371 1239 2390 7
1272 2345 1390 2396 qualis
1416 2347 1616 2395 requiritur
1638 2346 1685 2384 ad
1710 2355 1838 2387 notam

1027 2409 1345 2458 constituendam,
1369 2412 1587 2461 reperiatur7
1611 2409 1732 2463 colligi
1751 2414 1839 2453 inde

1026 2487 1103 2511 non
1125 2477 1248 2525 possit,
1265 2478 1491 2524 societatem,
1506 2479 1545 2514 in
1562 2491 1634 2529 qua
1658 2480 1838 2530 conspici-

1027 2546 1099 2588 tur,
1125 2554 1200 2579 esse
1222 2556 1346 2580 veram
1361 2541 1493 2580 Christi
1513 2542 1726 2581 Ecclesiam.

1086 2605 1141 2656 (2)
1169 2606 1257 2659 Quae
1280 2607 1431 2661 quidem
1469 2609 1622 2661 intelligi
1645 2618 1837 2662 nequeunt

1029 2667 1079 2708 de
1109 2684 1264 2712 numero
1280 2703 1289 2721 7
1315 2680 1358 2711 ut
1388 2676 1435 2711 ita
1459 2672 1605 2723 dicam,
1630 2675 1833 2724 materiali,

1028 2735 1090 2773 sed
1112 2736 1156 2775 de
1186 2752 1250 2789 re,
1285 2740 1334 2776 ita
1354 2746 1395 2777 ut
1421 2754 1498 2777 non
1535 2739 1605 2778 alia
1636 2744 1724 2778 nota
1753 2741 1837 2778 assi·

1028 2803 1130 2851 gnari
1153 2797 1385 2856 possit,'quae
1410 2818 1496 2842 cum
1525 2807 1714 2843 recensitis
1736 2818 1835 2843 com-

1028 2867 1119 2917 poni
1144 2874 1329 2922 nequeat,
1364 2878 1426 2908 aut
1454 2869 1501 2907 ad
1528 2869 1612 2908 illas
1646 2870 1832 2918 revocari,

1029 2929 1131 2983 juxta
1159 2946 1198 2973 ea
1226 2949 1306 2987 quae
1327 2935 1438 2987 paulo
1461 2943 1545 2975 ante
1569 2936 1748 2975 diximus.
