2028 3354
432 224 558 254 PART.
598 223 629 252 1.
669 223 765 253 CAP.
804 224 853 253 11.
891 224 944 252 DE
979 222 1148 253 CHRISTI
1183 223 1302 254 ECCL.
1343 223 1545 255 CONSTIT-
1775 206 1836 254 35

148 338 195 385 lo
218 339 365 386 secius
388 345 640 404 permanet
662 336 722 385 ad
741 336 887 383 instar
900 334 1064 383 radicis
1087 345 1166 384 aut
1184 335 1346 397 bulbi,
1368 336 1564 402 quibus,
1596 335 1703 384 licet
1729 354 1836 401 pro·

148 416 335 479 pagines
362 431 413 462 ac
445 414 611 479 stirpes
639 413 881 479 discerptae
906 413 1000 459 sint
1030 422 1076 459 et
1105 413 1289 472 accisae,
1319 410 1494 460 coelesti
1522 412 1838 479 pluvia-rigati

148 492 316 539 iterum
339 490 568 557 pullulare
587 527 599 550 a
619 491 844 540 virescere
863 506 914 536 ac
932 506 1076 536 novas
1095 490 1307 537 emittere
1322 489 1599 554 propagines
1617 499 1832 556 possunt.

814 628 1194 662 DIFFlCULTATES.

211 730 290 778 55.
329 731 435 794 Obj.
482 731 630 777 Aliam
672 729 861 776 omnino
896 726 1050 773 ideam
1087 726 1298 773 Ecclesiae
1337 727 1582 775 invisibilis
1615 729 1838 779 exhibent

145 811 234 875 ipsi
259 811 521 857 christianae
546 806 773 870 religionis
801 813 1160 870 propagatores3
1196 806 1246 851 10
1273 806 1318 851 S.
1342 807 1549 853 Joannes
1575 807 1701 853 enim
1724 826 1836 874 sup—

146 888 280 950 ponit
293 887 352 932 acl
367 885 569 932 Ecclesiae
584 882 788 928 animam
812 898 973 930 omnes
996 889 1043 928 et
1058 880 1177 928 solos
1196 880 1546 947 praedestinatos
1564 883 1802 947 pertinere
1823 903 1833 930 :

145 963 227 1008 Ea·
259 963 413 1016 nohis,
442 958 619 1023 inquit,
638 958 959 1022 prodierunt,
991 958 1077 1004 sed
1106 974 1198 1004 non
1227 967 1368 1005 erant
1394 975 1451 1004 ea·
1475 960 1648 1013 nobis‚·
1689 977 1806 1007 nam
1819 996 1836 1017 ,

145 1040 189 1083 si
205 1039 413 1100 fuissent
439 1052 495 1080 ea·
530 1035 664 1080 nobis
678 1068 695 1091 ,
722 1036 1104 1097 permansissent
1134 1037 1301 1097 ictz‘que
1333 1035 1580 1081 nobiscum
1613 1055 1628 1082 .·
1659 1053 1756 1083 non
1783 1044 1841 1083 ut

144 1113 391 1173 manifesti
409 1113 529 1164 sint,
557 1113 789 1173 quoniam
811 1126 908 1156 non
930 1117 1048 1156 sunt
1080 1126 1238 1157 onmes
1270 1126 1327 1155 em
1371 1111 1509 1157 nobis
1531 1109 1619 1174 (l).
1657 1111 1834 1169 Quibus

143 1195 418 1250 congruunt,
446 1204 550 1251 quae
566 1186 724 1233 scribit
749 1185 914 1232 Paulus
934 1203 944 1232 :
961 1186 1196 1233 Firmum
1207 1186 1589 1248 fundamentum
1610 1188 1707 1234 Dei
1722 1197 1834 1243 stat,

141 1264 318 1310 hahens
347 1264 656 1327 signaculum
679 1263 761 1309 hoc
792 1279 808 1310 .·
828 1264 1041 1326 cognovit
1069 1263 1309 1309 Dominus
1326 1298 1339 1322 7
1363 1266 1453 1326 qui
1476 1272 1590 1310 sunt
1613 1268 1716 1326 ejus
1740 1263 1830 1328 (2).

143 1339 197 1384 20
228 1339 309 1386 His
332 1339 565 1387 inhaerens
594 1340 641 1386 S.
659 1338 939 1402 Augustinus
966 1355 976 1384 π
1011 1338 1255 1401 Quidam,
1294 1339 1358 1385 ait
1377 1375 1389 1397 ,
1432 1342 1522 1402 qui
1546 1340 1673 1387 Filii
1703 1342 1832 1399 Dei,

131 1423 333 1479 propter
349 1425 615 1479 susceptam
638 1417 708 1462 vel
730 1417 1052 1479 temporaliter
1073 1418 1316 1479 qratiam,
1351 1416 1584 1463 dicuntur
1613 1435 1644 1463 a
1672 1418 1833 1475 nohis,

142 1509 223 1539 neo
248 1502 366 1539 sunt
388 1502 548 1539 tamen
576 1493 674 1539 Deo
703 1491 797 1556 (3);
824 1500 872 1538 et
895 1492 1064 1538 iterum
1094 1507 1105 1536 ε
1143 1494 1273 1551 Quia
1300 1508 1408 1554 erqo
1428 1508 1524 1538 non
1553 1493 1837 1541 habuerunt

134 1572 573 1630 perseverantiam,
603 1570 729 1614 siout
756 1584 853 1613 ozon
880 1584 984 1613 vere
1008 1567 1240 1628 discipuli
1275 1567 1488 1624 Christi,
1519 1571 1588 1614 ita
1613 1586 1698 1615 nec
1729 1585 1831 1615 vere

138 1645 235 1706 filii
257 1645 353 1691 Dei
374 1647 604 1706 fuerunt,
635 1645 779 1689 etiam
811 1643 1001 1705 quando
1029 1642 1320 1688 videbantur
1350 1660 1468 1696 esse,
1508 1651 1553 1689 et
1581 1647 1651 1689 ita
1689 1660 1829 1690 voca-

142 1721 320 1767 bantur
345 1720 440 1784 (4),
463 1729 511 1766 et
532 1718 641 1765 alibi
664 1719 853 1782 passim.
879 1717 931 1764 3⁰
962 1719 1068 1763 Haec
1092 1718 1247 1764 omnia
1269 1717 1632 1765 fundamentum
1652 1717 1831 1767 habent

140 1796 190 1843 in
218 1796 359 1862 ipsius
387 1795 595 1843 Ecclesiae
618 1794 880 1842 Conditoris
911 1793 1064 1843 verbis
1088 1812 1097 1840 :
1125 1795 1264 1841 Alias
1287 1811 1387 1841 oves
1407 1794 1578 1852 haheo,
1607 1812 1714 1859 quoe
1732 1812 1830 1842 non

139 1882 256 1919 sunt
273 1872 330 1918 ecc
347 1874 430 1919 hoc
448 1874 616 1919 ovili...
639 1881 682 1918 et
697 1888 774 1935 eqo
793 1874 942 1917 vitam
959 1879 1188 1917 oeternam
1209 1872 1267 1916 do
1291 1874 1385 1924 eis;
1411 1879 1457 1917 et
1481 1888 1576 1918 non
1592 1873 1836 1934 peribunt

141 1952 196 1996 in
228 1958 462 1996 oeternum
482 1950 569 2013 (5).
594 1950 660 1995 Ex
683 1947 851 2013 quibus
872 1945 1173 2010 intelligimus
1188 1983 1201 2005 ,
1225 1947 1278 1993 4⁰
1304 1946 1541 1993 Christum
1567 1957 1708 2012 caput
1732 1965 1830 1995 non

142 2042 239 2073 esse
263 2026 353 2072 nisi
375 2025 499 2072 illius
526 2024 760 2083 Ecclesiae.
782 2041 922 2089 quam
952 2022 1129 2071 salvam
1154 2022 1289 2070 faciet
1309 2058 1321 2082 a
1345 2032 1392 2069 et
1421 2040 1562 2087 quam
1590 2022 1831 2071 exhibebit

143 2101 258 2149 olim
284 2102 528 2166 gloriosam
543 2138 556 2161 a
584 2118 682 2148 non
708 2100 963 2148 habentem
981 2098 1209 2146 maculam
1232 2107 1313 2146 aut
1334 2116 1497 2161 rugam
1514 2135 1526 2158 .,
1548 2108 1602 2145 ut
1623 2099 1832 2164 loquitur

144 2179 387 2245 Apostolus
416 2178 487 2243 (6)
504 2216 516 2239 ,
538 2195 639 2242 quae
665 2186 789 2225 certe
816 2185 1027 2224 constare
1052 2193 1149 2222 non
1173 2184 1328 2242 potest
1353 2175 1444 2221 nisi
1469 2192 1526 2222 ex
1546 2175 1764 2222 omnibus
1785 2184 1833 2223 et

145 2358 180 2389 et
198 2365 335 2405 corpus
349 2368 365 2403 ,-
388 2360 424 2392 et
448 2353 599 2405 quidem
626 2352 760 2390 anima
786 2357 878 2389 sunt
892 2352 975 2408 ‘in-¹
1023 2352 1154 2388 minus
1180 2351 1298 2387 vitam
1336 2350 1575 2401 participent
1601 2377 1614 2396 ‚
1643 2357 1678 2388 et
1711 2349 1838 2402 aliqui

146 2425 255 2455 terna
290 2418 389 2456 dona
423 2419 599 2471 Spiritus
629 2417 767 2455 Sancti
788 2446 798 2461 ,
828 2415 925 2467 fides
945 2443 957 2464 ‚
1025 2416 1139 2453 etiam
1160 2414 1280 2452 solum
1303 2414 1467 2451 initium
1486 2416 1575 2453 vitae
1594 2414 1761 2453 habeant
1776 2446 1786 2463 ,
1801 2424 1838 2454 et

146 2496 230 2534 spes
256 2513 266 2530 ‚
292 2482 480 2532 charitas,
501 2491 598 2528 etc.;
615 2495 751 2535 corpus
775 2487 866 2519 sunt
894 2494 958 2518 eoe-
1025 2481 1139 2531 quasi
1170 2492 1324 2517 sensum
1343 2508 1354 2526 ‚
1385 2478 1452 2516 sed
1477 2492 1555 2517 non
1583 2487 1727 2518 motum
1744 2511 1754 2529 ‚
1792 2489 1835 2519 ul

148 2554 260 2586 terna
279 2549 463 2599 professio
487 2548 580 2598 fidei
606 2555 641 2585 et
666 2549 962 2588 communicatio
1026 2547 1094 2596 qui
1116 2544 1253 2583 habent
1269 2544 1387 2582 solam
1405 2544 1523 2595 fidem
1535 2545 1621 2583 sine
1634 2545 1831 2585 charitate.

147 2613 495 2651 sacramentorum.
521 2610 588 2649 Ex
605 2626 678 2663 quo
697 2612 769 2661 fit,
793 2618 837 2649 ut
864 2615 953 2663 qui·
1076 2611 1127 2661 (l)
1158 2611 1176 2648 1
1194 2639 1204 2657 ‚
1226 2609 1337 2648 Joan.
1355 2624 1380 2647 ιι
1404 2638 1416 2656 ‚
1447 2623 1507 2663 19.

147 2677 236 2716 dam
255 2678 332 2715 sint
354 2677 399 2715 de
425 2678 558 2715 anima
586 2683 622 2714 ee
639 2677 683 2714 de
711 2690 863 2729 corpore
879 2677 954 2717 Ec·
1075 2676 1123 2725 (2)
1154 2675 1207 2713 ΙΙ.
1233 2675 1291 2713 Ad.
1311 2674 1413 2713 Tim.
1442 2689 1487 2726 11,
1514 2676 1576 2714 19.

147 2742 272 2782 clesioe
290 2773 300 2791 ‚
314 2751 349 2781 et
356 2742 520 2795 proinde
540 2743 643 2779 uniti
667 2740 818 2780 Christo
836 2745 956 2795 capiti
1077 2739 1130 2792 (3)
1155 2739 1241 2781 Lib.
1266 2738 1330 2778 De
1352 2748 1509 2793 corrept.
1537 2748 1574 2779 et
1592 2750 1693 2793 μαι.
1718 2757 1753 2782 c.
1781 2757 1831 2796 9,

150 2809 315 2847 imerius
331 2816 366 2846 et
390 2808 557 2846 exterius
573 2836 585 2852 ,
603 2813 638 2844 et
661 2805 751 2844 tales
766 2814 857 2845 sunt
864 2821 954 2860 per·
1022 2820 1063 2844 n.
1084 2818 1149 2844 20.

156 2872 359 2922 lectissime
372 2872 418 2910 de
432 2871 617 2919 Ecclesia3
631 2877 723 2908 sunt
736 2873 840 2909 enim
852 2873 965 2923 quasi
1087 2870 1137 2920 (4)
1167 2870 1263 2909 lbid.
1284 2885 1324 2909 n.
1350 2883 1417 2910 22.

163 2936 327 2975 membra
365 2939 452 2975 viva
491 2938 535 2975 iu
569 2949 722 2989 corpore
743 2966 754 2984 ,
790 2938 965 2988 quamvis
1085 2935 1134 2986 (ὅ)
1159 2936 1269 2976 Joan.
1295 2953 1331 2985 x,
1356 2935 1484 2976 16-28.

165 3002 277 3039 etiam
303 3003 402 3040 inter
418 3003 510 3040 istos
533 3001 658 3054 aliqui
676 3003 800 3054 maqis
818 3032 829 3051 ‚
844 3002 968 3055 aliqui
1091 3002 1141 3054 (6)
1171 3003 1305 3056 Ephes.
1338 3017 1360 3042 v
1373 3032 1386 3052 ‚
1416 3014 1483 3056 27.

1525 3065 1570 3111 3.
