2028 3354
1722 171 1816 217 455

306 187 434 214 PART.
475 187 505 213 l..
548 185 665 213 SECT.
705 184 757 213 11.
797 183 895 213 CAP.
938 184 1004 213 111.
1045 186 1098 215 DE
1136 187 1237 214 NAT.
1277 186 1329 214 ET
1367 187 1465 215 JUR.
1505 187 1627 216 Pam.

127 296 403 344 hortabatur
428 297 485 342 acl
515 296 767 342 mittendos
798 314 901 343 suos
934 296 1104 360 legatos
1134 298 1204 362 (1)
1225 334 1237 355 ,
1264 315 1351 345 nec
1373 316 1469 344 non
1491 299 1703 361 generale
1723 301 1818 358 VII,

127 390 208 419 seu
231 374 466 419 Nicaenum
483 373 522 418 II
539 407 551 423 ..
565 389 624 418 ex
636 389 859 419 consensu
877 372 1095 419 Hadriani
1116 375 1133 420 Ι
1150 374 1245 438 (2)3
1263 374 1453 421 demum
1469 374 1681 438 generale
1695 377 1797 423 VIII
1806 412 1817 434 ,

127 467 207 495 seu
237 447 798 513 Constantinopolitanum
840 450 895 494 lv
922 485 934 507 ‚
974 467 1030 496 ex
1051 451 1258 511 jussione
1278 450 1504 497 Hadriani
1527 452 1568 497 II
1588 450 1672 515 (3).
1701 452 1818 498 Cum

127 526 265 587 igitur
296 542 349 571 eit
375 524 574 571 indubiis
609 525 899 572 documentis
929 534 1135 583 constet7
1168 527 1322 572 omnia
1357 535 1404 574 et
1448 527 1625 590 singula
1663 528 1818 593 priora

126 609 228 646 octo
259 600 459 646 Concilia
489 602 761 647 auctoritate
792 610 838 648 et
868 618 1095 647 consensu
1119 618 1240 647 rom.
1266 603 1541 649 Pontificum
1570 612 1819 651 convocata

128 686 208 722 aut
234 676 463 724 celebrata
490 678 626 724 fuisse
661 677 720 723 ab
752 677 1142 742 imperatoribus,
1182 676 1412 742 pudorem
1435 682 1615 727 exuisse
1636 698 1819 728 necesse

126 763 194 800 est
217 770 292 799 eos
311 790 323 813 ,
356 756 434 817 qui
457 763 714 801 assererent
738 757 1040 818 Imperatores
1063 758 1167 814 jure
1185 754 1376 817 proprio
1396 754 1475 800 illa
1509 757 1706 819 coegisse
1729 758 1816 822 (4)

192 830 301 876 662.
341 830 409 877 Ad
438 831 525 888 2¹⁸7
559 832 682 878 Dist.
733 831 949 875 Summus
993 830 1230 892 imperans
1270 839 1440 894 praeter
1477 833 1819 896 temporalem,

127 914 347 952 aeternam
383 909 521 953 etiam
569 905 835 952 felicitatem
865 922 1139 968 promovere
1180 904 1320 952 debet
1362 924 1446 971 per
1488 907 1639 953 media
1679 909 1817 955 statui

125 1000 207 1029 suo
239 993 543 1029 consentanea
567 1017 579 1038 .‚
613 997 770 1034 comm
798 998 1092 1046 quocumque
1125 981 1293 1036 modo,
1321 999 1425 1046 neq.
1453 984 1518 1029 EX
1537 982 1616 1029 illa
1646 982 1819 1047 obliga-

126 1059 253 1106 tione
280 1076 359 1106 seu
381 1075 575 1105 munere
599 1094 611 1115 a
639 1056 764 1120 quod
786 1074 971 1104 summo
1004 1058 1257 1122 imperanti
1293 1057 1521 1105 incumbit
1539 1096 1550 1117 a
1583 1077 1678 1106 non
1713 1059 1818 1107 fluit

118 1140 194 1197 jus
225 1134 484 1199 imperandi
514 1133 750 1199 Episcopis
790 1132 876 1179 sibi
908 1133 1123 1197 subJectis
1148 1171 1159 1194 a
1200 1144 1250 1182 ut
1280 1137 1451 1182 exortis
1481 1136 1734 1184 haeresibus
1767 1138 1816 1183 in

178 1331 230 1382 (1)
261 1331 340 1369 Cfr.
362 1331 530 1368 Zaccaria
547 1360 557 1378 ‚
585 1330 656 1368 loc.
684 1332 747 1369 cit.
780 1343 939 1369 necnon

125 1395 336 1434 Muzzarelli
348 1426 358 1443 ‚
370 1411 432 1447 op.
447 1399 511 1435 cit.
524 1404 617 1434 tom.
629 1407 655 1433 ιι
668 1425 677 1442 ,
692 1410 772 1448 cap.
792 1409 835 1434 10
847 1426 857 1445 ‚
871 1395 936 1449 §4

176 1462 230 1512 (2)
263 1462 302 1500 Id
322 1463 438 1514 liquet
464 1476 504 1501 ex
532 1462 708 1499 Hadriani
735 1476 747 1499 1
764 1460 937 1515 Epistola

122 1530 173 1567 acl
194 1530 403 1567 Taraciam
415 1559 426 1576 ‚
447 1531 487 1567 in
501 1541 574 1581 qua
589 1530 639 1566 sic
655 1528 781 1567 scribit
795 1542 806 1566 ι
824 1529 939 1580 Quod

122 1597 159 1632 si
187 1608 266 1632 ‘non
292 1603 489 1647 perspecta
513 1593 613 1632 mihi
638 1602 729 1632 esset
761 1599 797 1632 et
819 1595 937 1647 probe

122 1662 274 1711 coym'ta
289 1674 377 1712 erqa
395 1674 525 1699 sacras
542 1660 745 1712 synodicas
761 1673 827 1698 sex
848 1673 936 1697 con-

122 1727 339 1763 stitutiones
353 1733 388 1763 et
398 1725 637 1764 venerandas
649 1727 839 1777 imaqines
853 1739 933 1763 ves-

123 1797 182 1828 tra
205 1791 408 1828 sinceritas
432 1798 467 1829 et
490 1792 693 1829 orthodoxa
717 1791 814 1842 fides
830 1821 840 1837 .,
865 1804 932 1829 ne-

122 1871 310 1908 quaquam
348 1858 399 1896 ad
432 1856 629 1909 Syaodam
651 1857 933 1895 convocandam

126 1921 428 1971 adserctz'rema33
463 1924 561 1975 apud
590 1923 735 1961 Zaccar.
767 1923 838 1962 loc.
868 1924 931 1961 cit.

128 1987 236 2037 Apud
253 1987 364 2026 Hard.
375 1988 474 2026 Acta
485 1989 597 2027 Cone.
611 1997 684 2027 tom
694 2017 703 2027 .
715 2003 749 2027 iv
762 2019 773 2037 ‚
787 1987 933 2042 col-98,

125 2054 389 2105 aliquantisper
405 2054 524 2093 verbis
540 2057 743 2093 immutatis
759 2056 835 2095 haec
856 2057 933 2107 ipsa

125 2118 308 2168 leguntur.
325 2116 405 2157 Cfr.
419 2121 529 2158 etiam
543 2119 777 2165 Muzzaoelli,
792 2135 853 2171 op.
868 2123 931 2159 cit.

127 2192 216 2222 tom.
247 2198 295 2231 n,
329 2183 349 2237 ὃ
374 2198 396 2222 2
414 2215 424 2233 ‚
455 2186 521 2223 ubi
547 2185 649 2238 plura
682 2186 750 2223 alia
773 2186 871 2224 hanc
895 2189 934 2223 in

128 2263 203 2286 rem
228 2251 373 2300 profert.

182 2314 233 2365 (3)
265 2316 320 2354 En
341 2318 448 2356 verba
474 2318 649 2357 Hadriani
674 2332 723 2369 11,
746 2320 785 2356 in
801 2318 932 2369 Epist.

127 2379 180 2417 ad
214 2379 315 2433 Imp.
340 2382 537 2421 Basiliam
564 2399 577 2424 .·
606 2382 798 2422 Volumus
825 2397 933 2435 erqo,

121 2460 194 2498 per
219 2454 348 2484 vestrm
372 2450 530 2500 pietatis
565 2450 800 2489 industriam
817 2481 827 2496 ‚
855 2450 935 2488 illic

128 2525 371 2550 numerosum
395 2514 575 2553 celebrari
602 2515 816 2553 Concilium
833 2546 844 2565 ,
872 2519 937 2554 cai

129 2580 252 2615 nostri
273 2592 418 2629 quoque
439 2580 550 2617 missi
567 2579 814 2630 proesidentes
828 2611 837 2627 ,
864 2590 933 2619 etc.

127 2643 236 2695 Apud
263 2634 444 2682 Harduin.
469 2653 561 2683 tom.
589 2659 636 2690 v,
663 2646 730 2684 col.
757 2645 849 2698 768.

185 2711 235 2761 (lt)
266 2711 312 2749 Hi
332 2714 508 2749 nimirum
530 2712 612 2749 ideo
634 2712 851 2749 adnituntur
867 2713 937 2750 hoc

130 2790 225 2815 rom.
252 2776 493 2815 Pontificibus
513 2779 651 2828 eripere
668 2774 750 2828 jus,
770 2777 937 2829 illudque

131 2843 324 2881 transferre
337 2845 377 2881 in
391 2846 556 2894 regimen
571 2843 696 2891 civile,
715 2844 801 2894 quia
812 2844 935 2881 animo

133 2907 364 2947 vehementer
388 2909 434 2946 ab
455 2909 603 2947 illorum
625 2910 781 2959 prImatu
803 2907 936 2947 abhor-

132 2982 237 3020 rent,
276 2977 325 3011 uti
363 2977 449 3014 scite
488 2975 653 3013 observat
690 2974 906 3025 Roskovany
924 3005 932 3021 ‚

1007 1345 1068 1383 op.
1098 1334 1162 1370 eit.
1187 1330 1208 1386 S
1229 1344 1295 1383 70.
1318 1331 1489 1371 Attamen
1512 1334 1551 1372 hi
1574 1335 1727 1374 studiosi
1752 1350 1818 1374 an-

1006 1399 1183 1450 tiquitatis
1219 1411 1295 1435 non
1319 1397 1644 1447 animadvertunt,
1681 1415 1719 1440 se
1746 1401 1817 1440 hae

1004 1462 1135 1514 agendi
1151 1465 1292 1501 ratione
1304 1477 1323 1500 a
1341 1477 1453 1502 sensu
1466 1466 1695 1517 antiquitatis
1710 1465 1817 1517 longe

1004 1528 1188 1567 recedere.
1212 1527 1486 1580 Vidfflmsjam,
1511 1528 1690 1582 rejectum
1704 1531 1815 1569 fuisse

1004 1595 1057 1632 uti
1092 1595 1327 1632 latrocinium
1361 1608 1467 1633 conc.
1502 1594 1730 1647 Ephesinum
1759 1607 1814 1642 11,

1002 1672 1044 1697 eo
1069 1660 1167 1712 quod
1192 1658 1331 1712 absque
1357 1673 1537 1699 consensu
1566 1675 1661 1701 rom.
1683 1662 1812 1700 Ponti-

1001 1725 1078 1763 ficis
1105 1734 1371 1772 convocatum3
1395 1739 1498 1764 nunc
1516 1738 1603 1764 vero
1620 1727 1814 1780 adjicimus

1000 1789 1205 1829 Concilium
1251 1792 1520 1829 oecumenicum
1575 1805 1625 1829 vu
1651 1821 1662 1840 ‚
1713 1792 1814 1845 quod

1000 1864 1068 1894 act.
1094 1870 1128 1893 vi
1164 1855 1351 1903 ostendit,
1386 1856 1468 1894 ideo
1497 1859 1676 1909 rejectam
1703 1858 1815 1896 fuisse

1001 1919 1193 1973 Synodum
1210 1935 1229 1959 a
1253 1921 1375 1960 Leone
1395 1930 1430 1959 et
1447 1921 1688 1961 Constantino
1703 1953 1714 1970 ,
1742 1924 1815 1961 ico-

1001 1987 1192 2025 nomachis
1208 1986 1493 2037 Imperatoribus
1504 2017 1514 2034 ‚
1537 1995 1789 2039 congregatam
1801 2017 1811 2035 ‚

1002 2054 1061 2091 οὔκ
1099 2049 1188 2102 ἴσχε
1226 2048 1385 2105 συιεργὲν
1419 2049 1479 2091 τὺ
1519 2056 1713 2095 τηνικαῦτα
1749 2055 1815 2096 τῆς

1002 2116 1163 2167 Ρωμαίων
1181 2116 1308 2156 miz-m
1332 2115 1355 2161 »i
1373 2114 1454 2159 τοδς
1473 2115 1551 2170 περὶ
1572 2115 1673 2156 αὐτ-δν
1695 2118 1813 2170 ἱερεῖς,

1002 2182 1079 2224 οὗτε
1112 2182 1176 2223 διαὶ
1212 2187 1453 2236 τοποτηρητᾶν
1482 2185 1614 2229 κότου,
1648 2181 1723 2222 οὔτε
1761 2181 1815 2222 δι’

1003 2248 1191 2297 ἐγκυκλίου
1217 2251 1431 2298 ἐπιστολῆς,
1457 2246 1567 2290 καθαιῗς
1604 2246 1706 2299 η’μος
1737 2244 1816 2288 ἔο-τῖ

1004 2317 1085 2358 ταῖς
1102 2313 1262 2357 συνίδοις
1276 2346 1287 2364 ,
1324 2316 1363 2353 id
1381 2324 1432 2354 est
1446 2345 1456 2361 ‚
1487 2315 1587 2366 quod
1606 2314 1817 2366 adjutorem

1003 2396 1079 2420 non
1102 2382 1281 2420 habuerit
1302 2379 1410 2419 illius
1423 2381 1600 2432 temporis
1615 2393 1711 2419 rom.
1733 2379 1816 2417 Pa-

997 2462 1090 2500 pam
1107 2478 1117 2496 ‚
1143 2447 1204 2486 vel
1232 2460 1293 2485 eos
1327 2448 1397 2498 qui
1430 2448 1534 2484 circa
1569 2447 1698 2498 ipsum
1725 2450 1817 2483 cunt

1005 2513 1223 2552 Sacerdotes
1243 2542 1254 2559 ‚
1292 2525 1362 2550 ‘nec
1394 2513 1509 2550 etiam
1537 2525 1610 2564 per
1651 2510 1816 2549 vicarios

1004 2581 1101 2632 ejus,
1121 2592 1241 2631 neque
1254 2591 1387 2630 peren
1399 2576 1579 2629 cyclicum
1589 2575 1786 2628 epistolam
1800 2601 1813 2621 ,

1001 2644 1314 2696 quemadmodum
1328 2642 1388 2680 lem
1405 2643 1522 2680 dictat
1537 2639 1814 2680 Conciliorum.

1002 2710 1106 2762 Apud
1127 2707 1313 2750 Harduin.
1327 2717 1416 2747 tom.
1429 2722 1465 2745 ιν
1478 2736 1489 2756 ,
1509 2707 1580 2745 col.
1601 2703 1695 2744 328.
1710 2704 1813 2743 Adeo

1001 2789 1134 2827 nempe
1145 2784 1235 2814 tunc
1241 2776 1413 2826 temporis
1421 2773 1521 2824 apud
1532 2785 1659 2810 omnes
1668 2779 1809 2810 certum

1001 2850 1076 2880 erat
1086 2870 1100 2891 ‚
1123 2842 1263 2894 absque
1275 2854 1370 2879 rom.
1385 2839 1559 2877 pontifice
1581 2837 1725 2877 nullam
1741 2847 1817 2874 esse

1001 2915 1115 2946 ratam
1129 2905 1335 2959 generalem
1350 2903 1544 2957 Synodum
1559 2904 1568 2940 !
