2028 3354
1743 221 1807 271 53

413 238 538 269 PART.
573 241 605 270 1.
644 238 741 270 GAP.
777 240 830 268 11.
869 239 923 268 DE
956 238 1133 269 CHRISTI
1167 239 1287 271 8001„
1326 239 1522 271 consrl'r.

191 354 267 401 94.
306 352 442 400 Haud
467 353 670 399 multum
696 351 755 400 ab
783 352 870 400 hoc
893 354 1255 402 protestantium
1275 352 1443 418 placito
1470 351 1693 401 neoterici
1714 350 1808 400 dis-

125 440 227 478 tant
254 430 346 490 illi,
373 430 452 495 qui
476 447 582 477 cum
611 430 858 477 Edmundo
888 430 1100 477 Richerio
1127 431 1363 491 sentiunt,
1394 430 1626 477 Christum
1656 438 1805 477 totam

123 515 429 572 potestatem7
468 523 607 570 quam
641 506 805 553 tribuit
843 522 928 570 per
962 505 1256 553 collationem
1293 505 1523 562 clavium7
1562 505 1808 554 contulisse

125 584 305 647 corpori
338 581 547 629 fidelium
574 584 622 629 in
646 581 844 628 solidum
861 618 874 641 7
904 580 1298 645 quemadmodum
1322 583 1445 627 Deus
1467 582 1621 629 oculos
1640 590 1716 629 exi
1736 599 1805 646 gr.

121 657 249 705 dedit
278 659 458 723 corpori
476 694 488 717 7
523 668 602 704 aut
633 658 774 704 etiam
793 656 1058 703 facultatem
1079 655 1278 703 visivam
1296 673 1393 701 non
1411 656 1553 702 oculis
1572 658 1620 703 in
1642 675 1689 705 se
1709 675 1810 722 spe·

120 735 250 781 etatis
275 735 489 792 contulit7
511 734 591 780 sed
610 733 806 797 corpori,
821 730 945 795 quod
956 731 1102 777 cernit
1113 747 1197 795 per
1215 731 1386 790 oculos7
1408 732 1539 778 audit
1560 750 1644 797 per
1656 751 1807 792 aures,

118 818 205 857 etc.
237 812 352 857 Cum
378 827 486 857 vero
506 809 662 856 fideles
684 814 919 869 nequeant
938 822 1021 870 per
1049 822 1097 852 se
1119 806 1343 867 ejusmodi
1367 816 1650 872 potestatem
1673 826 1810 857 exer-

117 902 217 932 cere
232 922 244 945 7
266 886 474 948 deligunt
495 882 817 931 ecclesiasticos
840 881 960 928 viros
974 917 986 935 7
1018 898 1068 927 ac
1089 882 1140 927 in
1165 882 1327 947 primis
1348 884 1480 931 Rom.
1502 885 1777 932 Pontificem
1794 922 1808 947 ,

118 961 391 1025 Episcopos7
427 957 723 1021 Presbyteros
753 973 805 1003 ac
829 956 1029 1021 reliquos
1058 955 1245 1005 clericos
1274 957 1335 1005 ad
1365 958 1617 1023 peculiaria
1660 959 1808 1007 officia

118 1035 329 1082 obeunda
350 1035 434 1097 (1).
468 1033 619 1097 Atque
650 1032 758 1081 inde
779 1031 972 1098 profluit
998 1031 1075 1080 illa
1102 1037 1279 1097 capitis
1300 1037 1642 1081 ministerialis
1665 1034 1810 1083 deno-

117 1111 307 1157 minatio
340 1126 364 1155 a
397 1108 607 1155 Richerio
644 1110 883 1174 primum,
927 1108 1096 1156 deinde
1128 1126 1239 1157 vero
1269 1127 1294 1156 a
1329 1111 1507 1175 synodo
1537 1112 1811 1160 Pistoriensi

116 1188 323 1233 Romano
359 1184 572 1231 Pontifici
602 1184 776 1232 tributa
808 1186 910 1250 (2);
948 1201 1048 1250 quae
1083 1186 1273 1250 quidem
1304 1185 1622 1234 denominatio
1645 1197 1810 1253 utpote

114 1278 352 1325 emergens
375 1279 398 1307 a
424 1268 699 1324 systemate,
723 1261 849 1326 quod
876 1262 948 1308 uti
969 1261 1238 1309 haereticum
1259 1262 1536 1310 damnatum
1564 1273 1634 1311 est
1650 1300 1662 1324 7
1687 1265 1812 1327 pari-

110 1345 183 1384 ter
215 1346 266 1383 ut
298 1337 512 1385 haeretica
544 1338 802 1403 proscripta
835 1337 922 1384 fuit
955 1354 980 1384 a
1012 1338 1091 1384 Pio
1123 1339 1178 1385 Vl
1198 1374 1210 1398 7
1247 1339 1297 1385 in
1327 1340 1511 1387 constit.
1549 1341 1808 1388 Auctorem

105 1413 223 1474 fidei
243 1413 329 1476 (3).

175 1490 254 1537 95.
291 1489 342 1536 ld
361 1489 514 1553 ipsum
531 1488 589 1536 de
604 1490 657 1535 iis
675 1488 926 1536 dicendum
939 1524 952 1549 ,
977 1489 1057 1554 qui
1070 1525 1083 1549 7
1103 1489 1173 1537 sin
1194 1491 1350 1539 minus
1371 1487 1526 1541 verbis
1547 1528 1559 1551 7
1579 1509 1629 1540 re
1649 1502 1809 1540 tamen

112 1563 162 1610 in
191 1564 405 1612 eamdem
435 1564 697 1612 concedunt
715 1564 1023 1624 sententiam7
1044 1565 1383 1615 contendentes
1402 1603 1414 1625 7
1440 1567 1679 1614 Christum
1713 1569 1805 1615 Ec·-

164 1773 220 1827 (l)
250 1773 306 1812 Ita
323 1772 518 1813 Richerius
540 1775 581 1813 in
613 1788 677 1826 op.
707 1776 885 1826 inscripto
907 1788 918 1813 ε

110 1837 167 1878 De
192 1838 448 1878 ecclesiastica
477 1846 512 1877 et
530 1839 694 1892 politica
715 1846 919 1892 potestate.

110 1903 190 1943 Hoc
214 1919 306 1957 opus
328 1913 382 1943 ter
419 1905 637 1944 damnatum
671 1906 742 1944 fuit
769 1906 921 1944 decretis

117 1983 162 2007 10
192 1969 281 2022 Maj.
318 1968 445 2017 1613,
471 1984 493 2007 2
521 1970 699 2010 Decemb.
727 1968 826 2009 1622
847 2000 857 2017 ‚
882 1978 918 2008 et

987 1773 1159 1826 salsoque
1195 1776 1454 1825 contendunt,
1478 1781 1641 1829 proprie
1667 1785 1704 1816 et
1731 1780 1807 1818 im-

990 1840 1152 1878 mediate
1154 1842 1474 1893 jurisdictionem
1489 1842 1531 1881 E
1531 1843 1677 1882 cclesioe
1682 1845 1807 1895 fuisse

992 1904 1124 1942 datam
1151 1919 1175 1943 a
1194 1906 1369 1955 Christo,
1388 1920 1466 1945 non
1487 1906 1532 1946 S.
1548 1908 1664 1946 Petro
1683 1939 1693 1956 ‚
1714 1909 1806 1948 aliis

990 1969 1187 2022 Aposcotis
1220 1979 1253 2009 et
1277 1971 1485 2024 Episcopis
1502 2003 1512 2020 ‚
1541 1974 1626 2011 nisi
1642 1987 1716 2026 per
1734 1987 1806 2013 ac-

110 2034 136 2086 4
152 2034 262 2073 Mart.
292 2048 409 2088 1709.
432 2035 623 2075 Richerius
646 2036 784 2074 librum
812 2049 920 2074 suum

110 2101 223 2140 semel
244 2108 282 2139 et
307 2104 443 2140 iterum
465 2116 541 2139 non
559 2103 678 2141 solum
698 2104 919 2149 retractavit,

110 2166 172 2204 sed
196 2167 308 2218 plane
338 2167 557 2206 confutavit.
585 2168 666 2206 Cfr.
686 2181 811 2219 opusc.
832 2167 922 2205 Zac-

112 2234 216 2270 cariae
232 2263 242 2280 ‚
267 2234 327 2271 cui
365 2235 418 2272 tit.
444 2233 483 2271 T
482 2233 639 2271 heatimi
656 2232 859 2285 Eupistini
878 2232 923 2270 de

114 2295 232 2334 doctis
246 2298 444 2337 catholicis
462 2300 561 2336 viris
579 2327 592 2348 ,
605 2300 673 2350 qui
689 2298 747 2336 Cl.
764 2299 922 2336 Iustino

114 2361 304 2402 Febronio
343 2366 388 2403 in
412 2366 568 2417 scriptis
599 2366 681 2402 suis
714 2353 923 2402 retractan-

113 2426 176 2465 dis
199 2427 247 2465 ab
274 2442 340 2466 an.
363 2443 503 2468 nntxxx
530 2429 721 2469 laudabili
752 2428 923 2482 extemplo

107 2494 348 2546 praeiverunt
365 2524 375 2542 7
400 2494 496 2533 liber
529 2495 743 2548 sinqularis
758 2524 771 2545 ‚
795 2496 922 2534 Romae

119 2571 236 2612 1791.
293 2558 373 2597 Cfr.
421 2568 591 2610 praeterea
645 2561 745 2599 idem
799 2570 923 2599 auctor

115 2626 157 2662 in
190 2623 505 2663 Anti-Febrom‘o
521 2654 532 2672 ,
561 2640 643 2678 pag.
674 2624 725 2680 87
749 2635 787 2666 et
813 2641 922 2679 seqq.

115 2688 254 2728 Cesena
284 2702 401 2742 ¹770·

169 2755 227 2805 (2)
255 2753 349 2793 Sane
382 2754 572 2794 Richerius
615 2757 656 2793 in
690 2768 753 2793 sua
792 2753 926 2793 Retra-

119 2820 279 2857 ctatione
304 2822 352 2858 ita
374 2819 498 2858 scribit
525 2833 536 2858 ε
563 2818 679 2858 Hanc
693 2820 923 2872 propositio-

49 2925 51 2927 ,
119 2897 231 2933 nem,
266 2898 333 2924 seu
350 2887 482 2939 potius
505 2886 682 2925 haeresim
700 2899 749 2925 ex
772 2887 926 2940 putidis

123 2950 285 2989 Lutheri
305 2959 340 2990 et
364 2951 521 2990 calvini
539 2954 712 3004 sontibus
742 2967 801 2991 me
829 2953 927 2992 hau-

124 3017 215 3055 sisse
240 3030 319 3056 non
357 3019 537 3070 diffiteor,
574 3021 642 3071 qui
677 3020 785 3059 ambo
809 3021 927 3073 impie

989 2035 1120 2073 cidens
1141 2036 1483 2075 instrumentaliter
1501 2045 1536 2075 et
1550 2040 1707 2077 nominc
1721 2038 1763 2077 E
1762 2054 1803 2079 c-

989 2099 1114 2139 clesioe
1134 2130 1144 2148 ,
1160 2110 1217 2140 etc
1222 2130 1302 2142 .....
1321 2102 1401 2140 Nec
1430 2104 1563 2141 minus
1585 2103 1686 2142 mihi
1699 2103 1802 2143 ridi-

991 2164 1120 2203 culum
1155 2167 1236 2217 suit
1260 2168 1413 2214 dicere,
1446 2168 1619 2205 eumdem
1647 2169 1803 2221 Papam

992 2244 1068 2270 esse
1098 2238 1216 2283 caput
1240 2232 1518 2280 ministeriale,
1553 2245 1599 2270 ac
1638 2233 1675 2270 si
1705 2241 1803 2271 esset

990 2295 1175 2336 Ecclesiae
1191 2298 1368 2335 minister
1381 2327 1390 2344 ‚
1401 2296 1718 2348 quemadmodum
1731 2310 1803 2350 ap-

987 2364 1179 2415 paritores
1205 2369 1298 2400 sunt
1321 2364 1496 2400 ministri
1507 2362 1693 2415 justitioe.

1047 2427 1097 2478 (3)
1128 2427 1240 2479 Prop.
1259 2441 1298 2465 m
1317 2457 1327 2476 ,
1356 2442 1467 2480 quam
1492 2427 1582 2466 alias
1615 2427 1802 2468 dedimus.

991 2490 1050 2531 Sic
1072 2495 1205 2544 pariter
1217 2506 1323 2545 prop.
1352 2506 1379 2530 n
1395 2522 1406 2542 ,
1433 2493 1532 2545 Quae
1547 2494 1707 2541 statuit,
1728 2506 1802 2545 po-

990 2565 1158 2597 testatem
1176 2572 1200 2597 a
1234 2558 1320 2597 Deo
1352 2557 1484 2597 datam
1512 2558 1729 2607 Ecclesiae,
1760 2566 1802 2597 ut

992 2626 1293 2663 communicetur
1325 2624 1580 2674 Pastoribus,
1614 2626 1685 2676 qui
1712 2630 1805 2662 sunt

993 2694 1075 2743 ejus
1097 2695 1277 2732 ministri
1294 2706 1369 2746 pro
1397 2692 1519 2731 salute
1541 2694 1764 2731 animarum
1783 2707 1801 2739 ;

993 2760 1050 2797 sie
1071 2758 1257 2797 intellecta
1276 2788 1286 2806 ‚
1312 2765 1355 2796 ut
1372 2772 1396 2797 a
1423 2746 1695 2797 communitate
1714 2756 1806 2808 fide-

994 2822 1089 2861 lium
1124 2824 1170 2862 in
1200 2824 1380 2862 Pastores
1410 2823 1604 2862 derivetur
1627 2822 1804 2863 ecclesia-

993 2889 1083 2926 stici
1129 2890 1342 2928 ministerii
1378 2902 1426 2928 ae
1464 2890 1664 2942 reqiminis
1698 2885 1806 2939 pote-

995 2961 1072 2993 stas
1088 2983 1099 3003 ‚
1124 2953 1319 2995 hoeretica.
