2028 3354
230 187 323 235 158

697 204 852 233 TRACT.
892 205 945 232 DE
980 206 1097 238 Locis
1132 210 1430 242 THEOLOGICIS.

225 319 275 366 in
295 317 453 367 Galliis
488 315 681 380 aliisque
710 317 972 380 regionibus
990 354 1002 378 ,
1035 321 1085 367 in
1107 323 1273 387 quibus
1299 324 1510 373 homines
1532 326 1668 391 plena
1689 329 1907 378 fruuntur

225 393 439 442 libertate
459 391 751 439 conscientiae
764 392 813 438 in
829 393 1090 457 profitenda
1107 431 1121 455 ,
1141 412 1282 461 quam
1309 401 1510 461 malunt,
1531 401 1780 466 religione3
1808 423 1906 453 non

223 470 398 533 vigeret
420 486 444 514 a
464 467 641 514 fortiori
666 468 716 515 in
738 469 1015 531 provinciis,
1037 471 1087 517 in
1118 472 1283 536 quibus
1311 476 1612 525 dominantur
1636 481 1905 529 Protestan-

222 554 310 592 tes.
337 544 560 591 Attamen
581 544 814 592 catholicae
834 545 1041 595 Ecclesiae
1059 548 1213 595 unitas
1231 549 1377 612 viguit
1395 552 1480 599 sub
1498 571 1785 618 paganorum
1806 575 1906 621 per-

223 619 536 667 secutionibus
553 656 566 680 ,
593 620 739 684 viguit
761 630 921 686 postea
951 624 1050 687 pari
1066 641 1258 688 prorsus
1289 627 1493 687 ratione3
1518 629 1662 677 immo
1683 632 1905 680 Catholici

220 697 404 745 arctiori
430 696 615 744 vinculo
645 698 769 745 inter
793 715 842 746 se
875 699 1259 762 constringuntur
1291 710 1338 749 et
1373 702 1672 753 ferventiores
1705 724 1801 755 esse
1830 727 1905 755 so·-

219 773 325 821 lent
354 772 439 821 sub
461 773 856 839 protestantibus,
890 776 1153 839 praesertim
1188 793 1295 823 cum
1330 777 1389 824 ab
1417 780 1528 844 ipsis
1556 783 1899 846 opprimuntur.

220 850 338 913 Ergo
373 867 469 896 non
498 850 728 909 coactiva,
759 849 840 897 sed
868 851 1059 897 omnino
1086 850 1232 899 libera
1259 863 1327 899 est
1352 871 1403 901 ac
1429 855 1691 903 voluntaria
1714 859 1792 905 illa
1818 861 1905 907 Ec·—

220 926 369 974 clesiae
403 925 639 974 catholicae
670 926 839 973 unitas.
874 928 940 974 De
970 927 1289 976 tribunalibus
1319 931 1637 995 Inquisitionis
1667 932 1776 980 alias
1809 935 1904 982 dis—

220 1004 466 1060 seruimus,
482 1002 562 1049 ubi
578 1002 884 1064 ostendimus,
904 1003 953 1050 in
975 1003 1066 1063 his,
1083 1022 1187 1069 quae
1206 1004 1263 1051 ad
1283 1022 1446 1070 poenas
1463 1007 1738 1071 infligendas
1759 1009 1906 1058 haere-

218 1080 320 1126 ticis
339 1079 655 1144 pervicacibus
682 1088 916 1144 spectant,
941 1097 1038 1128 esse
1063 1080 1215 1144 potius
1239 1082 1388 1129 civilia
1413 1100 1550 1147 quam
1576 1083 1903 1147 ecclesiastica3

217 1155 330 1202 item
357 1164 626 1218 exaggerata
651 1172 748 1203 esse
767 1156 1020 1204 evincimus
1037 1193 1049 1215 ,
1078 1172 1178 1221 quae
1202 1155 1260 1203 ab
1281 1156 1555 1205 adversariis
1588 1159 1907 1208 obtruduntur

217 1232 333 1278 circa
353 1231 629 1297 punitorum
646 1249 895 1279 numerum
910 1268 922 1292 ,
946 1233 1023 1297 qui
1047 1241 1203 1280 tamen
1223 1233 1487 1298 reipublicae
1508 1243 1642 1280 erant
1660 1236 1795 1282 exitio
1814 1235 1901 1300 (1);

217 1324 268 1355 ac
287 1308 478 1356 demum
498 1323 771 1355 evanescere
791 1307 917 1355 hunc
938 1325 1186 1355 numerum
1200 1345 1213 1369 ,
1239 1310 1275 1356 si
1302 1310 1566 1357 conferatur
1579 1327 1684 1358 cum
1707 1328 1903 1360 numero

216 1382 589 1442 Catholicorum,
618 1384 696 1448 qui
723 1383 780 1430 ab
801 1384 1076 1448 anglicanis,
1106 1384 1378 1433 calvinianis
1395 1422 1407 1444 ,
1434 1386 1688 1434 lutheranis
1711 1387 1902 1453 aliisque

216 1460 418 1506 sectariis
435 1460 670 1525 perempti
693 1468 802 1506 sunt
813 1457 885 1523 (2)
905 1496 917 1518 ,
943 1477 1212 1525 quanquam
1242 1460 1377 1524 longe
1402 1460 1583 1509 diversa
1612 1473 1734 1509 esset
1763 1480 1899 1511 causa

197 1596 200 1598 Δ
214 1544 521 1600 utrorumque
544 1534 633 1598 (3).

268 1688 322 1739 (1)
353 1688 433 1728 Cfr.
455 1687 630 1728 Tableau
641 1688 849 1740 histor-ique
861 1695 896 1725 et
904 1689 1025 1740 pitto-

213 1768 344 1807 resque
368 1755 413 1795 de
439 1755 585 1804 Paris,
600 1768 664 1806 par
689 1753 740 1792 M.
768 1754 811 1792 B.
832 1754 878 1792 de
902 1753 1025 1791 Saint-

213 1820 354 1868 Victor,
378 1829 471 1858 tom.
487 1822 552 1868 ni,
578 1833 693 1871 prem.
712 1822 849 1871 partie,
874 1817 1019 1870 pag251

213 1895 248 1925 et
275 1900 375 1938 seqq.
400 1883 500 1924 Paris
528 1883 642 1923 1823.

268 1951 327 2003 (2)
355 1951 436 1990 Cfr.
460 1964 543 2003 quae
563 1951 771 2001 scripsimus
783 1952 822 1987 in
837 1958 941 1988 tract.
962 1948 1025 1987 De

211 2028 301 2056 vera
330 2015 437 2067 reliq.
460 2023 555 2067 part.
589 2029 627 2062 1,
660 2028 741 2067 cap.
768 2013 818 2065 4,
847 2028 951 2066 prop.
976 2027 1019 2061 11,

212 2097 252 2122 n.
275 2080 354 2133 364
377 2089 414 2121 et
440 2095 545 2134 seqq.
567 2089 658 2119 tom.
685 2095 725 2126 ι,
750 2095 785 2131 p.
818 2078 906 2130 154,
934 2093 1017 2118 cum

212 2151 309 2188 notis
334 2149 519 2201 appositis.

264 2212 319 2265 (3)
350 2212 631 2252 NamCatholici
645 2239 657 2259 ‚
682 2225 766 2250 cum
786 2212 860 2249 sint
876 2213 915 2249 in
934 2225 1018 2262 pos-

215 2281 376 2320 sessione
414 2278 502 2317 fidei
553 2292 647 2325 suae,
669 2277 728 2329 jus
762 2275 902 2314 hahent
925 2289 1017 2315 eam

212 2345 422 2395 retinendi3
450 2351 576 2383 contra
600 2356 684 2381 vero
709 2349 920 2388 novatores,
942 2339 1017 2379 hae-

212 2411 312 2448 retici
353 2419 389 2449 et
427 2410 664 2455 schismatici,
710 2409 800 2446 dum
837 2408 1017 2444 novitates

211 2488 294 2513 suas
314 2474 524 2514 obtrudunt
541 2505 551 2521 ,
582 2481 646 2512 aut
666 2473 835 2525 legitimae
856 2471 1017 2511 auctori-

211 2542 294 2578 tatis
309 2540 437 2592 jugum
457 2540 672 2581 excutiunt,
700 2546 866 2588 pugnant
891 2546 1016 2577 contra

210 2606 398 2657 antiquam
429 2613 464 2643 et
500 2611 680 2654 receptam
705 2602 942 2654 religionem,
979 2611 1016 2641 et

211 2677 337 2710 contra
348 2669 544 2721 legitimam
558 2670 833 2716 auctoritatem3
848 2671 897 2706 rei
913 2683 1017 2721 prop·

211 2745 306 2777 terea
339 2737 613 2775 constituuntur
641 2736 841 2787 gravissimi
873 2735 1015 2775 sceleris

210 2815 335 2841 coram
354 2800 433 2840 Deo
458 2809 493 2839 et
513 2803 683 2840 societate
701 2831 711 2848 ,
738 2800 817 2839 lites
849 2815 891 2838 ac
925 2801 1015 2840 divi-

211 2870 330 2907 siones
366 2875 515 2914 serunt,
552 2874 757 2918 cunctaque
787 2866 1013 2917 perturbant.

210 2933 445 2985 Experientia
463 2934 544 2985 jugi
565 2940 795 2985 compertum
821 2940 897 2980 est,
919 2947 1017 2973 nun-

210 3013 321 3052 qnam
343 2998 572 3052 praevaluisse
587 2998 794 3037 haereticam
815 3005 878 3037 aut
897 2998 1016 3037 schis—

1094 1690 1263 1726 maticam
1303 1696 1440 1726 sectam
1478 1690 1570 1741 quin
1595 1689 1716 1737 bella,
1743 1698 1778 1728 et
1804 1691 1902 1729 sedi-

1092 1755 1208 1792 tiones
1260 1755 1485 1804 gravissimas
1531 1757 1710 1793 excitarit.
1765 1754 1903 1794 Mirum

1090 1819 1244 1869 proinde
1276 1832 1352 1856 non
1380 1827 1431 1856 est
1450 1846 1460 1864 ,
1490 1817 1518 1855 si
1548 1818 1732 1871 Principes
1759 1820 1899 1871 politici

1090 1884 1327 1922 novatoribus
1347 1883 1579 1930 obstiterint,
1611 1899 1630 1922 a
1656 1885 1791 1937 quibus
1815 1899 1896 1924 om-

1088 1951 1149 1987 nia
1177 1949 1247 1987 sibi
1269 1950 1365 1987 mala
1389 1949 1603 2000 impendere
1624 1953 1755 1989 merito
1782 1953 1897 2003 perti-

1088 2015 1314 2053 mescebant.
1344 2013 1430 2052 Haec
1451 2017 1530 2065 ipsa
1551 2018 1642 2054 ratio
1671 2024 1747 2061 est,
1783 2030 1897 2068 quam

1087 2087 1188 2132 urget
1216 2078 1363 2117 Gibbon
1389 2082 1427 2116 in
1451 2093 1514 2117 sua
1538 2080 1686 2119 historia
1712 2080 1779 2118 De
1803 2094 1898 2118 casu

1086 2144 1427 2197 Imperiiromani
1437 2173 1448 2191 ,
1465 2144 1556 2182 dum
1573 2147 1701 2197 satagit
1722 2157 1896 2184 excusare

1085 2225 1255 2250 romanos
1279 2209 1517 2261 Imperatores
1540 2212 1580 2247 in
1598 2211 1789 2249 dirissimis
1812 2224 1895 2262 per-

1085 2279 1335 2317 secutionibus
1361 2288 1395 2319 et
1416 2280 1607 2328 cladibus,
1633 2292 1725 2331 quas
1759 2281 1896 2319 intule-

1085 2352 1171 2381 runt
1190 2344 1357 2396 religioni
1381 2345 1587 2383 christianae
1605 2375 1615 2392 ,
1643 2358 1729 2383 cum
1750 2345 1894 2384 nullam

1085 2417 1248 2448 crearent
1266 2411 1474 2449 molestiam
1486 2410 1508 2448 J
1512 2411 1622 2449 udaeis
1634 2439 1644 2457 ‚
1668 2411 1837 2462 quamvis
1854 2410 1894 2448 hi

1084 2474 1296 2526 religionem
1315 2475 1572 2526 profiterentur
1593 2477 1777 2515 diversam
1802 2488 1822 2513 a
1839 2488 1895 2513 re-

1083 2539 1222 2592 ligione
1236 2539 1383 2592 Imperii
1400 2542 1557 2579 romani.
1585 2539 1749 2588 Deinde,
1775 2540 1892 2591 prius-

1084 2619 1196 2657 quam
1227 2606 1351 2657 aliqua
1379 2606 1579 2643 honestatis
1600 2607 1719 2657 specie
1746 2612 1893 2655 possent

1084 2671 1242 2709 haeretici
1258 2679 1321 2709 aut
1341 2670 1560 2709 schismatici
1577 2669 1795 2722 exprobrare
1818 2667 1890 2707 Ca-

1084 2736 1227 2775 tholicis
1248 2750 1372 2788 poenas
1385 2766 1396 2785 ,
1417 2736 1553 2789 quibus
1567 2734 1751 2774 interdum
1773 2735 1891 2772 mulc-

1084 2811 1208 2842 tarunt
1237 2802 1452 2849 han-etiem,
1480 2800 1676 2846 deberent,
1706 2801 1887 2852 inquam,

1082 2870 1183 2918 prius
1195 2882 1238 2907 ex
1251 2869 1325 2907 suis
1338 2867 1439 2905 fastis
1460 2877 1666 2916 expungere
1679 2864 1890 2903 doctrinam

1084 2932 1228 2971 Calvini
1243 2963 1254 2980 ,
1277 2931 1395 2984 quiin
1417 2928 1592 2982 Exposit.
1610 2942 1782 2968 errorum
1799 2927 1889 2967 Ser·

1084 3002 1180 3046 veti,
1197 2998 1326 3046 edixit,
1326 2997 1420 3048 jure
1431 2995 1555 3048 qtadii
1574 2996 1795 3035 coercendos
1811 3007 1889 3034 esso
