2028 3354
468 207 592 237 PART.
631 208 662 237 1.
698 205 817 236 sacr.
857 206 908 234 11.
948 206 1046 235 GAP.
1084 204 1147 238 lv-
1183 203 1236 233 ΒΕ
1272 201 1415 234 noris.
1455 203 1580 233 Pam.
1782 186 1874 236 505

191 325 487 382 universam,
524 340 619 370 non
651 323 830 369 ratione
861 320 1204 369 infallibilitatis
1240 323 1289 366 in
1318 320 1426 368 fidei
1460 321 1683 381 decretis,
1713 320 1877 369 saltem

191 400 344 466 quoad
375 404 471 463 ejus
504 417 798 447 successores
831 400 885 445 20
920 397 1065 446 Multo
1101 416 1212 445 vero
1243 399 1399 446 minus
1432 399 1659 462 ejusmodi
1692 397 1876 464 privile-

192 477 318 540 gium
351 475 575 541 probatur
609 493 665 523 ex
696 493 768 535 eo,
802 473 927 539 quod
946 476 1107 521 Petrus
1139 474 1416 521 constitutus
1448 475 1507 521 sit
1535 474 1743 522 Ecclesiae
1772 474 1879 520 fun-

193 553 498 610 damentum,
530 570 635 599 cum
666 551 861 599 Ecclesia
892 568 989 596 non
1018 567 1044 596 a
1068 548 1381 596 'fundamento
1408 551 1679 614 secundario
1708 567 1760 596 ac
1787 550 1880 596 mi-

189 646 278 676 nus
314 629 561 694 principali
592 637 833 675 mutuetur
862 628 1133 673 firmitatem
1169 626 1219 671 in
1255 625 1377 685 fide,
1414 628 1495 674 sed
1523 645 1546 675 a
1573 626 1882 687 fundamento

187 706 409 771 primario
436 743 448 765 7
498 706 686 753 interno
729 712 775 752 et
815 702 1080 761 essentiali,
1116 700 1373 763 cujusmodi
1405 703 1527 749 solus
1562 713 1629 751 est
1674 703 1881 751 Christus

188 783 352 841 Jesus7
385 791 432 829 et
467 800 559 847 quo
592 781 689 828 solo
722 779 1082 826 fundamentum
1113 776 1437 824 secundarium
1458 815 1469 837 7
1515 781 1678 827 Petrus
1711 796 1883 843 nempe

190 862 378 922 ejusque
412 874 722 913 successores,
755 853 956 902 solidum
990 863 1197 919 perstat,
1241 854 1474 919 quamdiu
1506 856 1711 904 Ecclesiae
1742 857 1882 904 totius

191 934 378 980 aedificio
402 934 636 999 aptissime
665 930 878 979 adhaeret
893 967 905 989 7
934 931 1128 979 minime
1152 949 1263 979 vero
1289 932 1327 977 si
1353 931 1469 980 forte
1493 931 1551 979 ab
1574 933 1674 998 ipso
1694 942 1885 998 propter

189 1008 401 1056 haeresim
433 1013 699 1071 sejungatur
730 1006 816 1071 (l).
851 1007 981 1070 Ergo.

259 1085 373 1132 740.
410 1086 548 1148 Resp.
595 1083 718 1146 Ney.
763 1091 863 1128 ant.
906 1081 974 1128 Ad
1023 1083 1117 1144 1¹1¹,
1157 1084 1295 1149 prob.
1338 1086 1463 1133 Dist.
1505 1086 1686 1147 Etiam,
1729 1103 1886 1141 conc„-

191 1161 338 1208 solum
361 1195 373 1219 7
412 1178 515 1223 neq.
556 1161 817 1223 Utrumque
855 1159 982 1207 enim
1021 1161 1231 1208 Christus
1270 1163 1405 1209 Petro
1447 1163 1671 1224 contulit,
1711 1172 1758 1210 et
1792 1163 1886 1228 pri-

189 1246 369 1283 matum
393 1245 439 1283 et
463 1235 871 1293 infallibilitatem3
905 1254 1016 1283 nam
1039 1236 1135 1293 haec
1161 1237 1227 1284 illi
1252 1240 1504 1286 necessaria
1527 1249 1615 1298 est,
1633 1249 1686 1286 ut
1709 1240 1887 1304 prima-

188 1320 263 1359 tus
296 1329 488 1359 munere
517 1313 604 1359 rite
633 1312 918 1376 fungeretur.
953 1314 1104 1361 Portae
1134 1315 1260 1361 enim
1293 1314 1430 1361 inferi
1453 1315 1767 1380 praevalerent
1794 1315 1886 1363 ad—

189 1405 350 1436 versus
378 1398 592 1453 petram,
631 1406 682 1436 ac
714 1388 912 1454 proinde
939 1406 997 1437 ex
1032 1389 1163 1436 dictis
1201 1390 1341 1438 etiam
1372 1390 1594 1440 adversus
1621 1391 1887 1454 Ecclesiam,

190 1466 226 1510 si
263 1473 393 1530 petra
431 1465 795 1512 fundamentalis
831 1483 883 1513 ac
918 1465 1113 1513 visibilis
1150 1466 1361 1515 Ecclesiae
1393 1469 1443 1514 in
1484 1468 1680 1517 solemni
1714 1469 1887 1532 judicio

190 1542 307 1588 circa
338 1541 479 1589 fidem
518 1556 720 1600 erraret,
756 1559 863 1590 cum
891 1545 1071 1609 concipi
1107 1554 1336 1610 nequeat,
1356 1538 1884 1609 quomodo-aedificium,

189 1618 392 1683 collapso
417 1619 724 1667 fundamento
748 1622 818 1667 cui
844 1629 996 1667 totum
1026 1621 1245 1667 innititur
1262 1657 1274 1680 7
1306 1620 1555 1670 subsistere
1587 1623 1752 1672 valeat.

254 1693 365 1741 741.
405 1694 476 1742 Ad
510 1696 596 1754 2¹¹¹,
632 1696 753 1760 Ney.
791 1697 1032 1761 Siquidem
1061 1698 1274 1762 quamvis
1311 1697 1570 1758 fateamur,
1621 1699 1746 1765 quod
1778 1700 1887 1747 infi-

188 1770 335 1816 ciatur
360 1788 528 1827 nemo,
565 1773 835 1820 firmitatem
863 1773 970 1820 fidei
999 1791 1051 1820 ac
1076 1774 1308 1838 religionis
1336 1774 1385 1820 in
1418 1775 1663 1823 Ecclesiam
1694 1794 1886 1842 proma-

188 1862 302 1893 nare
332 1863 357 1891 a
394 1846 601 1906 Christo,
633 1849 783 1913 capite
820 1866 870 1896 ac
906 1848 1216 1898 fundamento
1251 1851 1502 1915 primario,
1545 1852 1693 1900 nihilo
1727 1861 1888 1902 tamen

189 1922 343 1967 niinus
379 1924 731 1983 contendimus,
774 1925 995 1989 singulari
1036 1944 1232 1974 munere
1267 1926 1438 1974 Christi
1455 1930 1760 1976 constitutum
1789 1948 1887 1979 esse

190 1997 393 2045 Ecclesiae
420 2000 781 2048 fundamentum
827 2003 1153 2051 secundarium
1195 2014 1423 2070 perpetuo
1452 2006 1502 2052 in
1544 2007 1679 2054 terris
1709 2006 1887 2055 visibile

189 2074 381 2119 Petrum
397 2110 408 2129 7
436 2076 514 2139 qui
538 2080 633 2137 ejus
661 2079 759 2125 vice
782 2077 911 2141 fungi
931 2078 1150 2139 deberet,
1176 2080 1537 2129 fundamentum
1563 2100 1735 2149 nempe
1761 2083 1887 2148 quod

191 2150 448 2197 accessione
482 2153 820 2217 omnipotentis
855 2156 1036 2202 virtutis
1074 2174 1167 2204 suae
1199 2156 1405 2204 Christus
1437 2159 1625 2206 firmum
1655 2158 1810 2207 reddit
1835 2176 1887 2207 ac
1945 2212 1949 2215 ,

190 2224 433 2273 immobile
449 2263 461 2286 7
489 2237 541 2274 ut
572 2229 869 2277 fundamenti
888 2232 1020 2279 istius
1044 2233 1259 2297 praesidio
1282 2234 1415 2282 firma
1441 2245 1488 2283 et
1506 2236 1758 2283 immobilis
1781 2253 1887 2284 con-

194 2300 326 2347 sistat
346 2303 560 2351 Ecclesia.
595 2305 828 2371 Alioquin,
850 2308 888 2354 si
912 2309 1154 2374 quidpiam
1178 2308 1353 2358 valeret
1377 2312 1745 2360 adversariorum
1757 2330 1888 2377 argu-

191 2386 432 2440 mentum,
458 2380 587 2427 nulla
616 2392 738 2431 esset
762 2383 898 2443 ratio,
928 2402 1072 2449 quare
1097 2385 1384 2434 tribueretur
1404 2387 1610 2437 Ecclesiae
1629 2390 1716 2455 ipsi
1747 2389 1887 2437 infal-

190 2451 318 2499 libile
344 2456 677 2518 magisterium.

256 2527 368 2577 742.
386 2529 490 2593 Ohj.
511 2535 662 2579 tertia.
686 2534 867 2582 Nullius
887 2537 1076 2584 demum
1102 2538 1280 2587 roboris
1302 2549 1370 2587 est
1390 2551 1716 2604 argumentum
1730 2577 1743 2600 7
1763 2541 1887 2607 quod

188 2605 433 2651 instruitur
458 2624 511 2653 ex
538 2609 673 2655 Joan.
696 2611 818 2658 XXI.
856 2614 974 2658 Nam
1000 2614 1050 2660 1⁰
1073 2615 1213 2663 etiam
1244 2617 1454 2681 Episcopi
1486 2618 1653 2681 singuli
1679 2627 1886 2682 pastores

189 2690 328 2739 sunt,
355 2680 522 2745 quibus
543 2684 703 2748 populi
726 2686 919 2748 subjecti
941 2688 1129 2738 obedire
1156 2701 1403 2751 tenentur,
1428 2711 1515 2741 nec
1547 2704 1708 2742 tamen
1736 2693 1887 2758 colligi

189 2765 344 2819 potest
362 2757 648 2821 singulorum
666 2760 981 2812 infallibilitas.
998 2766 1190 2825 20Qu0d
1202 2767 1240 2814 si
1262 2768 1365 2832 quis
1385 2770 1654 2830 contendat,
1679 2770 1886 2818 Pontifici

245 2931 300 2981 (l)
330 2931 386 2970 Ita
414 2933 487 2972 fere
514 2933 702 2989 Tournely
719 2965 731 2984 7
762 2935 823 2975 De
844 2936 998 2979 Eccles.
1067 2941 1208 2980 memb.
1228 2956 1271 2980 ex
1299 2941 1432 2995 Script.
1453 2945 1544 2987 edit.
1565 2946 1681 2986 Paris.
1714 2954 1805 2986 tom,
1833 2961 1880 2994 v,

190 3005 316 3048 quaest.
350 3012 398 3049 v,
429 3007 500 3039 art.
541 3015 612 3050 ιιι,
646 3003 686 3040 in
728 3017 823 3055 resp.
861 3006 909 3044 ad
953 3014 1000 3044 1¹¹¹
1067 3016 1165 3059 part.
1194 3022 1247 3056 11,
1276 3022 1361 3068 pag.
1394 3023 1479 3064 ¹⁰9·
