2028 3354
274 258 404 288 PART.
445 260 478 286 1.
517 256 635 286 secr.
676 258 725 286 11.
766 257 863 285 οη.
905 256 974 285 111.
1013 258 1067 285 m:
1101 257 1206 286 NAT.
1245 257 1297 285 ΕΤ
1335 256 1431 287 mn.
1467 256 1589 287 rum.
1674 240 1767 288 449

143 372 250 419 652.
288 371 356 419 Ad
389 371 470 432 3¹¹¹,
494 372 618 434 Dist.
645 369 887 418 Ohsolevit
908 386 959 417 ac
985 370 1121 416 viluit
1145 370 1240 417 haec
1259 371 1489 419 sententia
1512 370 1638 435 apud
1662 371 1766 437 plu-

76 449 218 495 rimos
244 449 501 496 neotericos
519 483 531 506 7
558 446 725 511 quibus
744 463 867 495 nova
887 445 1075 511 placent
1089 481 1102 506 ‚
1133 463 1283 501 conc.;
1309 446 1434 512 apud
1455 464 1589 494 sanos
1606 447 1768 495 catho-

74 524 185 572 licos
213 524 452 587 theologos
469 559 481 575 7
513 541 612 586 neq.
639 523 773 587 Apud
791 521 877 569 hos
911 523 1037 569 enim
1064 523 1236 569 veritas
1263 524 1459 569 immota
1497 532 1590 570 stat
1609 560 1622 582 7
1663 540 1765 588 quae

74 602 173 647 sine
201 599 383 665 piaculo
407 602 484 648 vix
521 608 600 645 aut
625 616 684 646 ne
710 601 787 647 vix
818 598 1009 663 quidem
1034 599 1297 661 impugnari
1321 607 1491 662 potest-
1521 599 1621 645 Huc
1640 600 1767 646 enim

72 677 271 724 refertur
303 693 438 741 prop.
477 677 652 734 XXIX,
686 674 744 722 ab
771 673 1032 722 Alexandro
1065 673 1165 719 VIII
1196 675 1485 737 proscripta:
1520 676 1700 721 Fatilis
1727 683 1772 721 ec

74 755 202 800 toties
228 754 452 799 convulsa
473 760 540 799 est
559 753 753 799 assertio
770 752 825 796 de
838 749 1087 809 Pontifices
1104 749 1301 793 romani
1327 765 1473 811 super
1502 750 1768 797 Concilium

71 834 416 876 oecumenicum
451 832 755 880 auctoritate,
800 834 944 886 atque
975 828 1032 870 in
1060 824 1175 885 fidei
1202 825 1547 887 quaestionibus
1583 828 1768 888 infalli-

71 905 253 952 bilitate
286 904 372 967 (1).

701 1033 1029 1076 PROPOSITIO
1063 1034 1138 1075 ΙΙΙ.

70 1182 154 1229 Ad
178 1184 328 1230 solum
365 1197 480 1227 rom.
513 1180 817 1242 Pontificem,
850 1184 901 1225 vi
931 1184 1015 1225 sui
1039 1182 1313 1241 primatus,
1346 1189 1525 1244 spectat
1558 1184 1770 1231 Concilio

209 1260 713 1320 aeeumenicajcoyerffi
752 1258 814 1301 iis
830 1256 1119 1317 praesidere,
1147 1273 1292 1318 eaque
1325 1258 1624 1320 confirmare.

134 1438 246 1487 653.
287 1440 341 1485 Et
373 1438 470 1485 haec
497 1438 752 1503 propositio
787 1439 991 1501 legitime
1013 1441 1224 1502 sequitur
1251 1456 1309 1486 ex
1338 1440 1484 1504 priori
1512 1440 1570 1487 de
1599 1451 1764 1490 natura

69 1516 296 1581 primatus
312 1531 431 1562 rom.
453 1514 688 1561 Pontificis
713 1514 895 1562 anobis
915 1514 1167 1562 vindicata.
1192 1515 1377 1562 Etenim
1394 1516 1433 1562 si
1451 1525 1618 1564 natura
1639 1519 1767 1565 Pon-

14 1638 17 1642 ,
69 1592 194 1638 tificii
240 1591 469 1656 primatus
503 1590 556 1636 in
586 1606 641 1637 eo
667 1591 908 1650 consistit,
947 1599 999 1637 ut
1036 1592 1096 1638 sit
1121 1592 1370 1638 auctoritas
1415 1592 1685 1657 episcopalis
1715 1595 1765 1641 in

69 1668 332 1716 universam
355 1666 603 1714 Ecclesiam
651 1675 699 1714 et
730 1677 941 1732 respectu
972 1668 1186 1714 omnium
1215 1668 1481 1732 Episcorum
1500 1704 1512 1727 7
1552 1673 1658 1731 jure
1690 1671 1766 1717 in·-

69 1743 217 1790 fertur
258 1744 316 1789 ab
363 1743 443 1789 illo
488 1742 588 1789 solo
631 1746 876 1792 convocari
917 1743 1173 1790 Concilium
1223 1744 1562 1792 oecumenicum
1599 1762 1762 1808 posse7

70 1818 313 1884 eidemque
331 1817 464 1865 illum
499 1818 649 1865 solum
680 1837 813 1884 posse
834 1837 1061 1884 praeesse,
1095 1829 1236 1885 atque
1269 1819 1397 1867 idem
1429 1821 1565 1867 unice
1592 1823 1759 1869 confir-

70 1911 198 1941 mare
218 1930 231 1954 ‚
254 1895 342 1959 qui·
364 1911 607 1960 supremus
635 1904 705 1942 est
727 1897 1059 1961 Episcoporum
1082 1897 1295 1942 omnium
1317 1905 1474 1960 pastor
1505 1905 1553 1942 et
1577 1897 1762 1962 Episco-

69 1987 156 2036 pus
174 2006 186 2029 7
217 1971 388 2035 quique
415 1971 463 2017 in
487 1970 590 2018 illos
616 1972 714 2019 sive
738 1970 1034 2021 distributive
1064 1972 1160 2020 sive
1185 1971 1425 2020 collective
1446 1981 1657 2037 sumptos
1677 1991 1765 2038 po«

69 2053 160 2092 test
186 2063 244 2093 ex
274 2045 434 2092 divina
462 2046 762 2112 dispositione
787 2050 1113 2096 auctoritatem
1135 2065 1362 2096 exercere.
1390 2048 1529 2112 Atqui
1549 2065 1605 2096 ex
1629 2049 1763 2097 dictis

70 2121 175 2168 talis
205 2130 275 2169 est
300 2122 423 2169 solus
454 2140 571 2169 rom.
608 2124 819 2171 Pontifex
843 2145 855 2182 ς
886 2141 1010 2187 ergo,

138 2197 248 2244 654.
288 2199 487 2245 Rursum
514 2217 523 2245 :
555 2198 681 2245 Illius
710 2208 897 2246 tantum
924 2209 994 2247 est
1025 2217 1127 2265 quae
1164 2201 1479 2248 recensuimus
1507 2211 1757 2265 praestare,

74 2272 151 2336 qui
170 2275 276 2333 jure
301 2274 462 2323 divino
491 2276 576 2321 toti
603 2275 817 2339 praesidet
836 2275 1042 2322 Ecclesiae
1060 2312 1071 2334 7
1102 2293 1243 2340 quam
1266 2277 1479 2340 generale
1498 2277 1757 2325 Concilium

131 2448 182 2498 (1)
213 2446 255 2485 ln
278 2461 388 2500 quam
415 2452 650 2502 proposition.
674 2452 742 2489 cfr.
772 2450 879 2500 Viva,
949 2451 1231 2502 amplectuntur.
1262 2450 1408 2489 Possem
1434 2452 1496 2490 hic
1520 2450 1680 2505 adjicere
1703 2467 1762 2492 ca-

78 2513 286 2551 Damnatoe
310 2512 451 2561 theses,
479 2523 549 2556 etc.
582 2515 719 2554 Petavii
757 2530 853 2569 1717
871 2547 881 2564 7

74 2594 157 2632 pag.
198 2578 276 2632 447
315 2588 352 2618 et
382 2593 485 2632 seqq.
522 2582 646 2632 Atque
676 2582 736 2619 hic
764 2583 885 2620 obiter

75 2645 226 2684 observo
245 2675 254 2692 ‚
269 2659 345 2691 eos,
365 2647 431 2697 qui
449 2646 544 2684 hanc
560 2646 762 2684 doctrinam
778 2656 885 2685 tuen-

74 2719 158 2760 tur,
188 2710 452 2763 utplurimum
476 2713 604 2751 sectari
628 2712 803 2750 moralem
821 2713 888 2750 do-

76 2777 229 2815 ctrinam
252 2777 458 2829 rigidiorem
473 2790 484 2826 ;
500 2784 553 2815 ast
564 2777 677 2815 iidem
694 2778 772 2822 isti,
801 2790 887 2815 cum

77 2843 195 2894 agitur
228 2842 273 2880 de
305 2856 400 2881 rom.
429 2841 616 2880 pontificis
641 2843 882 2890 auctoritate,

78 2907 249 2946 videntur
279 2906 385 2946 obliti
418 2920 567 2945 suorum
591 2908 854 2959 principiorum
871 2937 881 2955 7

78 2981 115 3012 et
134 2973 277 3024 absque
296 2974 477 3025 scrupulo,
496 2973 595 3026 quod
611 2972 679 3011 sibi
694 2974 809 3023 magis
828 2986 886 3011 ar-

78 3038 185 3085 ridet,
203 3039 375 3077 adversus
391 3039 595 3090 pontificias
613 3040 886 3077 constitutiones

145 3103 197 3149 T.
239 3103 354 3149 VIH.

950 2516 1109 2567 talogum
1137 2517 1389 2567 theologorum
1410 2547 1420 2564 7
1452 2518 1515 2568 qui
1540 2520 1649 2556 etiam
1672 2522 1761 2570 'post

952 2581 1230 2620 declarationem
1244 2584 1296 2620 sic
1317 2582 1451 2620 dictam
1463 2582 1552 2623 cleri
1568 2583 1755 2634 gallicani,

953 2649 1143 2699 antiquam
1178 2649 1253 2685 imo
1287 2648 1420 2686 avitam
1454 2648 1658 2686 doctrinam
1691 2650 1758 2688 ad-

953 2716 1175 2752 struxerunt.
1193 2712 1333 2751 Verum
1357 2713 1459 2751 hunc
1480 2715 1634 2764 reperies
1658 2715 1757 2765 apud

954 2776 1146 2822 Zaccaria,
1178 2780 1219 2816 in
1249 2776 1516 2829 Amifebronio
1532 2807 1544 2826 ,
1578 2786 1669 2818 tom.
1697 2788 1754 2826 ir,

950 2842 1037 2881 diss.
1072 2855 1123 2891 11,
1155 2857 1238 2896 cap.
1263 2842 1316 2893 4,
1346 2851 1384 2881 et
1412 2845 1452 2881 in
1483 2841 1756 2895 Antifhbronio

950 2906 1145 2946 vindicato
1158 2936 1171 2956 ‚
1192 2916 1289 2960 part.
1312 2922 1339 2946 n
1354 2937 1365 2956 ‚
1385 2908 1475 2946 diss.
1499 2921 1535 2946 iv
1551 2936 1561 2954 ‚
1589 2922 1670 2960 cap.
1699 2907 1724 2947 5
1738 2938 1748 2955 ‚

951 2973 1086 3026 quibus
1106 2974 1228 3025 plures
1249 2974 1310 3013 alii
1336 2972 1423 3011 addi
1446 2980 1606 3024 possent.

1503 3099 1566 3145 29
