2028 3354
194 225 290 271 200

668 236 826 266 TRACT.
865 237 920 266 DE
955 237 1076 269 LOCIS
1111 239 1411 271 THEOLOGICIS.

140 414 145 417 v
195 356 373 413 fuerat,
394 360 493 398 arte
515 348 639 395 illius
654 348 847 414 pessimi
868 347 1073 396 hominis
1097 350 1658 402 seductaacommunione
1682 369 1885 403 romanae

194 430 325 479 Sedis
357 434 525 498 sponte
554 424 770 484 recessit7
805 441 857 472 ac
883 426 1150 472 Graecorum
1173 442 1349 477 errores
1377 427 1579 494 professa
1603 428 1783 493 est(1).
1810 429 1890 477 Ec-

196 505 331 554 clesia
353 519 546 550 romana
560 501 679 548 nihil
699 502 890 548 interim
904 518 1113 566 unquam
1136 501 1307 562 omisit7
1328 522 1418 569 quo
1435 504 1568 553 illam
1581 505 1641 552 ad
1659 505 1889 554 unitatem

191 587 445 630 revocaret.
473 578 661 625 Restitit
692 577 770 624 illa
793 586 972 626 tamen.
1006 578 1185 641 Ergone
1215 577 1410 628 Ecclesia
1445 598 1639 629 romana
1672 582 1724 629 in
1752 581 1888 648 culpa

201 656 309 705 est?
333 658 359 703 J
366 654 520 702 udicet
542 654 833 701 adversarius
861 654 978 719 ipse.

257 733 370 781 310.
411 730 482 779 Ad
500 731 568 777 71¹1
588 766 600 789 a
630 730 751 793 Ney.
774 731 937 793 Agitur
956 729 1084 777 enim
1103 729 1162 776 de
1188 730 1436 779 schismate
1458 732 1639 781 formali
1662 752 1720 782 ex
1743 743 1880 800 parte

194 805 717 872 constantinopolitanae
750 805 960 852 Ecclesiae
991 804 1049 852 ab
1077 806 1274 853 Ecclesia
1300 806 1551 867 catliolica;
1588 827 1791 858 romanae
1827 812 1891 858 si-

192 885 383 952 quidem
407 883 617 930 Ecclesiae
647 881 891 929 adhaerent
909 899 1097 942 omnes7
1127 884 1217 943 qui
1246 892 1359 930 sunt
1384 885 1602 948 undique
1634 887 1811 948 fideles,
1841 896 1894 933 ut

193 961 401 1028 loquitur
427 961 474 1006 S.
503 960 703 1005 Irenaeus
724 993 737 1016 a
759 958 963 1022 exceptis
987 958 1212 1005 haereticis
1236 967 1283 1006 et
1309 959 1609 1007 schismaticis
1625 997 1638 1021 ‚
1671 963 1750 1026 qui
1776 962 1895 1009 fide-

192 1039 260 1086 les
285 1056 382 1085 non
406 1046 533 1083 sunt.
562 1035 698 1094 Quod
731 1051 843 1083 vero
873 1033 1043 1081 dicitur
1070 1071 1084 1094 n
1110 1040 1244 1083 salva
1276 1038 1463 1083 unitate
1487 1038 1714 1086 Ecclesz‘ae
1744 1040 1898 1086 catho-

195 1118 328 1171 licae,
355 1131 452 1161 non
472 1112 595 1177 sapit
618 1112 708 1158 nisi
732 1119 1054 1158 monstrosum
1078 1120 1276 1175 systema
1302 1110 1360 1158 ab
1381 1111 1645 1160 adversario
1666 1115 1899 1177 excogita-

197 1202 300 1240 tum
316 1212 329 1249 ς
348 1199 549 1254 systema
569 1188 711 1254 plane
728 1188 1015 1235 contrarium
1031 1187 1170 1235 sacris
1189 1188 1387 1250 Litteris,
1407 1205 1463 1236 ex
1476 1187 1643 1254 quibus
1659 1191 1895 1250 novimus,

196 1287 222 1316 a
254 1268 437 1316 Christo
470 1266 742 1312 universum
781 1282 967 1328 gregem
1002 1282 1139 1311 suum
1170 1266 1338 1324 Petro,
1373 1281 1424 1311 ac
1454 1265 1653 1329 proinde
1678 1265 1895 1331 legitimis

199 1349 297 1408 ejus
320 1345 369 1390 in
392 1342 479 1389 hoc
509 1343 716 1407 primatu
746 1340 1081 1388 successoribus
1099 1376 1112 1398 q
1142 1340 1280 1388 fuisse
1300 1341 1628 1403 commissum,
1661 1351 1716 1389 ut
1735 1351 1896 1407 postea

202 1419 531 1477 ostendemus3
555 1427 757 1482 systema
786 1417 1073 1464 contrarium
1108 1425 1178 1464 est
1209 1416 1296 1463 toti
1323 1417 1615 1481 antiquitati7
1646 1434 1747 1483 quae
1779 1417 1897 1465 illud

199 1512 388 1562 prorsus
414 1494 648 1559 ignoravit
678 1493 768 1557 (2).

257 1702 270 1752 (
278 1702 308 1751 l)
339 1702 436 1742 Ibid.
452 1700 473 1755 §
489 1716 510 1755 7
525 1730 537 1749 ‚
551 1715 620 1740 nec
631 1715 709 1740 non
723 1703 789 1740 cit.
805 1698 1012 1740 Dissertat.

198 1783 280 1822 cap.
305 1782 347 1821 7.

249 1834 310 1887 (2)
341 1833 479 1872 Verum
496 1833 596 1885 quod
613 1834 729 1884 magis
751 1834 893 1871 mireris
918 1830 1016 1870 illud

203 1908 280 1947 est,
301 1898 402 1951 quod
427 1898 587 1946 palmer,
619 1900 683 1950 qui
708 1906 759 1936 tot
780 1896 936 1949 paginas
953 1900 1014 1936 in-

1085 1700 1205 1738 Pater
1220 1713 1308 1738 eum
1319 1701 1470 1739 miserit
1481 1699 1711 1752 (Joan.xvu‚
1728 1714 1796 1752 20,
1812 1700 1902 1749 23).

1084 1765 1125 1803 E
1127 1780 1191 1818 rqo
1213 1766 1471 1818 quodcumque
1493 1766 1659 1804 schisma
1683 1768 1790 1804 intra
1815 1766 1899 1805 Εσ-

1083 1831 1237 1870 clesiam
1274 1832 1499 1871 adversatur
1519 1832 1709 1870 voluntati
1740 1843 1821 1870 suoe
1864 1838 1900 1870 et

1085 1904 1218 1950 aperta
1252 1900 1443 1950 separatio
1476 1898 1523 1937 ab
1545 1900 1632 1951 ipsa
1650 1929 1661 1945 ‚
1688 1906 1742 1936 est
1768 1899 1899 1936 mani-

202 1966 364 2015 sumpsit
400 1964 447 2002 ad
477 1963 780 2015 persuadendum
813 1963 1015 2002 lectoribus
1079 1963 1177 2015 festa
1209 1964 1469 2002 inobedientia
1518 1964 1660 2005 aDeo.
1692 1964 1901 2016 Quumque

203 2031 279 2067 suis
295 2058 305 2076 ‚
332 2042 438 2080 posse
466 2030 673 2068 conservari
707 2032 887 2068 unitatem
912 2032 952 2067 in
983 2038 1019 2068 et

203 2106 290 2133 cum
321 2094 485 2133 Ecclesia
522 2095 701 2133 catholica
716 2125 726 2142 ‚
749 2109 825 2133 non
847 2095 1024 2140 obstante!

201 2159 335 2199 actuali
348 2162 576 2212 separatione
591 2190 601 2207 ‚
616 2163 769 2212 ipsemet
783 2168 909 2211 postea
927 2175 1021 2213 pau-

203 2227 255 2264 cis
266 2224 390 2264 verbis
404 2227 577 2275 destruat,
592 2227 693 2278 quod
709 2234 809 2264 tanto
826 2224 1019 2265 molimine

202 2292 382 2330 aediticare
404 2294 506 2330 nisus
533 2301 600 2331 est.
621 2290 768 2331 Etenim
786 2306 895 2343 agens
912 2320 923 2339 ,
954 2306 1015 2344 op.

206 2357 271 2394 cit.
303 2365 397 2406 part.
434 2371 472 2404 1,
496 2370 580 2409 cap.
612 2357 658 2395 13
677 2387 688 2405 ‚
712 2358 884 2396 adversus
912 2370 1020 2409 sepa-

204 2422 387 2470 retinas,
426 2437 491 2462 seu
524 2423 740 2462 dissidentes
779 2423 826 2462 ab
860 2422 1021 2462 Ecclesia

211 2487 403 2538 anglicana
417 2518 427 2535 ‚
472 2488 570 2527 hanc
605 2488 675 2526 sibi
711 2502 753 2527 ex
794 2501 920 2527 eorum
960 2502 1020 2528 ore

205 2554 629 2606 opponitdifficultatem
644 2566 654 2592 ε
671 2554 802 2592 Potest
812 2555 899 2592 dari
912 2569 1020 2607 sepa-

203 2620 306 2657 ratio
315 2619 458 2669 absque
476 2620 680 2657 schamam
692 2649 702 2667 ‚
718 2621 903 2671 quoniam
916 2620 1020 2660 chri-

207 2685 329 2723 stiani
346 2691 508 2736 possunt
532 2698 609 2722 esse
630 2685 734 2723 inter
757 2699 795 2723 se
822 2689 1021 2738 conjuncti

205 2751 253 2788 in
275 2749 385 2788 corde
410 2757 447 2787 et
472 2751 517 2788 in
542 2752 686 2802 spiritu
704 2780 714 2799 ‚
741 2754 916 2804 quamvis
936 2754 1017 2806 offi-

204 2816 267 2853 cia
295 2814 496 2866 reliqionis
522 2816 745 2868 expleantur
779 2818 826 2855 in
857 2818 1019 2859 diversis

204 2880 329 2920 cultus
339 2880 447 2920 locis.
467 2880 674 2932 Respondet
700 2895 712 2921 :
739 2882 1015 2937 Christusjm-

201 2947 255 2985 sit
279 2947 479 3001 Apostolos
497 2962 586 2986 suos
602 2963 682 2988 esse
691 2950 857 3002 perfecte
872 2955 1011 2998 unitos,

202 3020 245 3051 ut
276 3013 444 3053 mundus
471 3025 692 3065 coquoscere
727 3023 877 3068 posset,
915 3016 1018 3068 quod

1084 2034 1260 2080 separata
1287 2029 1544 2073 conciliabula
1572 2043 1640 2067 sea
1679 2042 1900 2080 congressus

1085 2094 1286 2132 constituti
1307 2100 1399 2131 sunt
1416 2124 1427 2142 ,
1451 2100 1485 2131 et
1499 2093 1632 2133 aemuli
1653 2095 1829 2132 ministri
1837 2107 1901 2132 sa-

1084 2164 1221 2209 taqunt
1239 2158 1444 2210 proselytos
1459 2158 1588 2210 facere
1619 2172 1666 2197 ex
1691 2158 1870 2197 Ecclesia
1887 2189 1898 2207 ‚

1086 2224 1318 2262 declarantes
1331 2226 1413 2276 ejus
1431 2224 1575 2262 cultum
1591 2253 1602 2271 ‚
1621 2226 1791 2276 reqimen
1808 2253 1820 2274 ,
1840 2238 1900 2263 re-

1084 2289 1195 2340 qulas
1220 2290 1277 2327 ita
1310 2289 1645 2342 antiseripturales
1672 2303 1750 2328 esse
1779 2297 1814 2327 et
1841 2303 1903 2328 er·-

1087 2367 1220 2393 roneas
1233 2386 1244 2404 ‚
1268 2361 1311 2393 ut
1328 2355 1535 2394 christiani
1550 2361 1754 2393 teneantur
1770 2355 1817 2392 ab
1831 2355 1899 2393 illa

1086 2420 1191 2457 exire
1216 2434 1261 2459 ao
1278 2433 1316 2458 se
1339 2433 1517 2473 separare
1533 2422 1719 2472 3quinam
1733 2427 1898 2473 proetea-

1086 2491 1147 2522 tus
1150 2492 1278 2538 potest
1286 2487 1410 2537 maqis
1421 2487 1557 2524 inanis
1563 2500 1675 2537 οπεος
1681 2487 1777 2523 itari
1784 2498 1900 2536 qaam

1085 2550 1240 2603 magno
1244 2552 1503 2605 praetenditur
1512 2554 1674 2591 interior
1684 2550 1900 2591 communio

1085 2620 1330 2673 affectionum
1345 2650 1355 2666 ‚
1379 2633 1463 2671 quw
1483 2633 1508 2658 a
1528 2621 1660 2671 quovis
1670 2618 1773 2670 facto
1785 2616 1898 2667 salsi-

1086 2685 1174 2724 tatis
1205 2685 1421 2736 arquitur?
1455 2685 1651 2737 Quomodo
1679 2684 1740 2720 hic
1770 2690 1897 2721 auctor

1085 2751 1156 2790 sibi
1169 2752 1362 2799 cohaereat,
1375 2754 1452 2803 ipse
1465 2751 1596 2789 viderit
1613 2749 1718 2799 3satis
1729 2756 1783 2785 est
1797 2750 1897 2786 enim

1084 2817 1161 2856 haec
1183 2817 1366 2869 applicare
1389 2815 1575 2861 Ecclesia,
1590 2826 1687 2865 quas
1700 2815 1777 2864 ipse
1789 2821 1895 2852 vocat

1083 2881 1310 2921 britannicas
1324 2912 1335 2930 ‚
1357 2888 1523 2932 respectu
1535 2879 1705 2918 Ecclesiae
1718 2891 1893 2926 romanae,

1082 2962 1103 2987 a
1125 2961 1198 2999 qua
1224 2949 1344 2987 scissae
1372 2954 1457 2985 sunt
1474 2972 1487 2994 ‚
1513 2952 1554 2983 ut
1585 2952 1659 2983 tota
1683 2941 1764 2997 ejus
1797 2944 1894 2983 labe-

1081 3013 1235 3052 factetur
1255 3011 1408 3051 theoria.
1425 3009 1543 3049 Tanta
1558 3018 1613 3050 est
1626 3012 1678 3049 vis
1702 3012 1861 3050 veritatis
1877 3009 1885 3046 ἔ
