2028 3354
222 197 316 245 470

696 216 854 245 TRACT.
894 219 948 247 m:
983 217 1100 248 Locls
1134 221 1435 255 THROLOGIGIS.

225 329 365 376 totius
386 326 703 391 antiquitatis,
739 345 842 392 quae
881 330 1001 379 illico
1031 333 1101 378 uti
1128 332 1365 385 haereticos
1393 339 1559 388 habuit
1601 358 1678 388 eos
1712 358 1873 389 omnes
1900 378 1914 402 .,

224 405 303 469 qui
325 412 430 466 post
448 402 740 451 decretorum
761 405 1128 469 dogmaticorum
1149 413 1569 477 promulgationem
1590 417 1915 483 obtemperare

223 480 311 526 illis
354 478 717 527 detrectaverint
736 518 748 541 ‚
786 482 917 530 nullo
952 494 1195 549 expectato
1222 488 1429 538 Ecclesiae
1459 503 1540 540 aut
1573 512 1803 542 consensu
1835 503 1918 541 aut

222 555 553 618 acceptatione.
584 556 637 602 20
666 559 731 604 Ex
760 560 913 621 agenti
947 562 1125 609 ratione
1153 563 1363 627 ipsorum
1383 566 1693 616 Conciliorum
1719 587 1918 618 oecume-

224 631 463 691 nieorum7
494 649 594 697 quae
629 633 877 682 anathema
910 636 1130 685 dixerunt
1171 643 1455 689 contrarium
1483 646 1791 694 asserentibus
1817 646 1916 706 illi,

225 706 352 772 quod
385 702 634 755 definitum
654 711 712 757 ab
734 711 843 775 ipsis
870 713 1031 760 fuisset
1049 751 1060 773 ,
1090 725 1230 781 atque
1256 719 1324 765 uti
1358 720 1595 769 haereticos
1617 722 1675 769 ab
1709 724 1917 772 Ecclesiae

224 785 551 831 communione
581 797 873 850 separarunt.
904 789 954 835 30
988 791 1051 836 Ex
1075 800 1247 839 tessera
1266 831 1278 852 7
1309 813 1447 860 quam
1483 808 1659 846 veteres
1685 800 1919 848 dederunt

224 859 283 907 de
312 858 602 922 legitimitate
627 861 817 924 alicujus
849 865 1038 919 Concilii
1070 871 1369 923 oecumenici:
1391 874 1516 937 quod
1537 892 1707 940 nempe
1728 876 1866 923 fuerit
1894 894 1920 923 a

221 953 338 982 rom.
365 937 587 983 Pontifice
620 942 973 997 confirmatum,
1011 942 1127 1005 quin
1157 944 1245 991 alia
1275 964 1325 994 re
1358 966 1473 1012 opus
1499 950 1651 998 fuerit.
1674 952 1793 999 Sane
1820 953 1922 999 Fer-

222 1011 396 1058 randus
431 1013 654 1059 diaconus
688 1014 745 1060 ad
774 1015 1106 1062 certitudinem
1130 1027 1177 1064 et
1200 1019 1387 1082 plenam
1416 1027 1818 1075 confirmationem
1839 1027 1923 1075 de-

220 1097 454 1135 cretorum
486 1089 681 1135 Concilii
702 1091 930 1153 generalis
957 1092 1167 1140 sufficere
1191 1095 1401 1160 scripsit,
1427 1100 1465 1145 si
1477 1104 1714 1163 perducta
1753 1109 1809 1150 in
1843 1120 1924 1150 no·

220 1166 379 1209 titiam
405 1169 547 1211 totius
570 1166 617 1211 E
622 1168 861 1213 colesz'oe...
888 1169 1169 1231 Apostolz'ooe
1200 1172 1319 1232 fidei
1350 1179 1598 1222 convenire
1626 1179 1919 1239 firmentur,

224 1242 501 1304 Apostolieoe
534 1242 669 1289 Sedis
697 1244 921 1291 roborata
950 1262 1181 1293 consensu
1230 1246 1318 1311 (l).
1344 1250 1460 1296 Cum
1492 1260 1735 1316 propterea
1763 1255 1927 1302 sollici·

222 1325 295 1363 tus
320 1326 438 1364 esset
468 1319 725 1366 Marcianus
766 1322 1025 1385 Imperator
1057 1323 1116 1370 de
1156 1321 1415 1372 obtinenda
1449 1343 1665 1391 expressa
1693 1329 1738 1375 S.
1761 1329 1925 1378 Leonis

223 1393 601 1455 confirmatione,
631 1405 683 1442 ut
710 1413 759 1442 os
791 1396 1110 1445 obstrueretur
1129 1400 1433 1464 Eutychianis
1451 1438 1463 1461 ‚
1486 1403 1546 1450 ad
1563 1403 1778 1452 eumdem
1802 1407 1925 1453 Pon-

223 1469 393 1515 tificem
433 1471 642 1536 scripsit,
683 1482 736 1518 ut
773 1472 1046 1537 dignaretur
1077 1478 1353 1540 quantocius
1392 1495 1478 1544 per
1513 1479 1692 1527 litteras
1725 1481 1928 1546 idipsum

222 1545 402 1593 efficere
424 1547 511 1611 (2).
542 1548 754 1610 Synodus
791 1550 867 1596 vll
897 1568 978 1599 seu
1008 1552 1201 1600 Nicoena
1233 1554 1274 1600 II
1302 1553 1407 1603 ideo
1435 1556 1807 1621 pseudo—synodo
1837 1558 1926 1605 ico-

273 1752 327 1802 (l)
357 1750 485 1804 Epist.
509 1752 636 1800 v1,a‹1
653 1749 853 1804 Pelayium
876 1762 911 1793 et
927 1754 1043 1793 Ana-

199 1827 202 1829 ·
220 1816 354 1855 talium
374 1817 557 1856 diaconos
578 1818 689 1856 urbis
715 1819 864 1867 Romae,
891 1834 973 1873 cap.
990 1834 1016 1874 9
1031 1852 1041 1868 ‚

221 1884 320 1934 apud
340 1882 518 1922 Galland.
546 1883 734 1924 Biblioth.
751 1885 865 1924 Patr.
881 1894 1040 1937 tom.x1,

219 1963 303 2000 pag.
328 1947 427 1988 363.

275 2013 326 2065 (2)
355 2012 410 2051 Ex
449 2029 493 2053 eo
535 2018 637 2053 enim
680 2017 783 2068 quod
827 2028 1042 2070 acceperant

219 2082 456 2133 eutychiani,
500 2082 541 2120 S.
589 2083 754 2122 Leonem
811 2086 1041 2137 improbasse

221 2161 304 2186 can.
334 2162 451 2186 xxvlu
474 2147 591 2187 Cone.
617 2149 929 2190 Chalcedonensis
946 2183 956 2200 ‚
982 2165 1042 2190 ea-

222 2227 295 2265 que
326 2216 451 2251 omnia
469 2243 479 2261 ‚
509 2224 705 2267 quaegesta
730 2216 877 2254 fueraut
906 2219 945 2255 in
975 2218 1041 2256 ab-

222 2281 338 2317 sentia
381 2280 586 2331 legatorum
628 2295 779 2319 suorum
800 2310 810 2328 ‚
852 2297 1039 2323 rumorem

225 2354 461 2394 sparserant,
514 2345 712 2398 Synodum
757 2347 860 2386 illam
886 2350 1039 2387 minime

225 2409 337 2446 fuisse
366 2424 387 2447 a
423 2410 463 2449 S.
497 2409 590 2449 Sede
619 2411 837 2462 probatam,
862 2416 971 2453 etiam
999 2417 1038 2453 in

226 2473 379 2511 decretis
416 2475 513 2514 fidei.
553 2475 650 2514 Hinc
691 2477 789 2528 Imp.
824 2478 1037 2518 Marcianus

226 2541 368 2591 scripsit
389 2541 435 2577 ad
462 2541 632 2579 eumdem
650 2541 866 2582 Pontificem
886 2545 943 2583 his
963 2560 1037 2585 ver-

225 2603 283 2641 bis
308 2618 320 2642 :
351 2603 465 2656 Quod
484 2606 756 2647 nonnullorum
772 2611 940 2659 animis,
969 2615 1040 2663 qui

230 2664 459 2720 Eutycbeeis
489 2672 603 2708 etiam
634 2686 739 2712 nunc
763 2688 927 2726 pravam
956 2682 1039 2730 opi-

230 2735 387 2772 nionem
427 2743 462 2774 et
493 2740 781 2788 perversitatem
824 2750 1038 2794 sectantur,

233 2799 521 2849 ambiguitatem
550 2802 709 2842 multam
730 2807 887 2856 injecit,
911 2818 1041 2848 utrum

232 2871 299 2902 tua
318 2865 549 2915 Βεαίίιαᾰο,
569 2881 654 2919 quw
672 2871 715 2908 in
735 2878 867 2909 sancta
886 2871 1041 2925 Synodo

233 2928 381 2967 decreta
395 2937 487 2968 aunt
497 2961 508 2979 ‚
523 2934 820 2982 confirmaverit.
835 2935 889 2976 Et
899 2940 942 2977 ob
955 2953 1040 2978 eam

235 3007 314 3032 rem
333 2997 539 3048 tuapietas
562 2998 707 3039 litteras
729 3002 878 3042 mittere
898 3004 1039 3056 ‹liqna-

1113 1757 1243 1807 bitur‚
1266 1772 1340 1811 per
1363 1773 1459 1811 quas
1491 1762 1671 1800 omnibus
1697 1764 1864 1802 ecclesiis
1890 1771 1926 1801 et

1105 1822 1266 1875 populis
1281 1825 1530 1876 manifestum
1538 1828 1626 1877 fiat,
1646 1829 1688 1865 in
1701 1836 1833 1867 sancta
1845 1826 1878 1866 S
1877 1842 1922 1880 y—

1112 1887 1209 1926 nodo
1224 1897 1385 1940 peracta
1413 1897 1499 1929 rata
1520 1891 1667 1932 haberi.
1697 1893 1795 1932 Inter
1818 1897 1921 1946 epist.

1110 1951 1150 1991 S.
1173 1953 1288 1993 Leon.
1318 1956 1407 1994 edit.
1435 1955 1611 1997 Ballerin.
1636 1972 1704 2007 cx,
1726 1960 1796 1998 col.
1824 1958 1922 1998 1182

1110 2027 1145 2057 et
1178 2033 1283 2072 seqq.
1310 2020 1390 2059 Hoc
1418 2024 1536 2074 reipsa
1558 2027 1717 2075 praestitit
1742 2025 1921 2068 Pontifex.

1109 2084 1276 2123 scribens
1298 2087 1344 2124 ad
1355 2087 1569 2141 Episcopus,
1587 2092 1650 2143 qui
1668 2092 1710 2128 in
1720 2100 1841 2129 sancta
1858 2091 1925 2143 Sy-

1109 2151 1208 2189 nodo
1225 2150 1514 2192 Chalcedonensi
1525 2157 1729 2207 congregati
1743 2156 1894 2194 fuerunt
1909 2187 1920 2204 ‚

1109 2219 1315 2269 epistolam,
1328 2229 1483 2272 quaeest‚
1506 2222 1595 2260 edit.
1613 2223 1674 2259 cit.
1686 2235 1727 2260 n.
1747 2236 1842 2271 cxlv,
1855 2223 1922 2262 uhi

1108 2298 1189 2335 cap.
1211 2298 1224 2322 ῐ
1245 2289 1322 2336 ait:
1337 2286 1397 2325 Ne
1410 2300 1495 2338 erqo
1500 2301 1573 2339 per
1591 2286 1780 2338 maliynos
1798 2291 1920 2327 inter—

1101 2356 1229 2402 pretes
1240 2351 1450 2391 dubitabile
1461 2340 1658 2402 videatur,
1676 2361 1821 2404 utrum,
1837 2369 1923 2406 quw

1107 2417 1151 2452 in
1176 2414 1329 2466 Synodo
1357 2417 1663 2456 Chalc-adonemi
1678 2434 1753 2472 per
1774 2421 1920 2458 unani-

1101 2483 1277 2519 mitatem
1302 2490 1466 2521 vestram
1491 2484 1537 2522 de
1555 2485 1632 2536 fide
1654 2493 1796 2525 statuta
1807 2492 1915 2534 sunt,

1107 2548 1335 2600 approbem,
1368 2549 1448 2587 boec
1480 2550 1532 2589 ad
1565 2564 1697 2590 omnes
1715 2552 1855 2603 fratres
1884 2557 1919 2588 et

1104 2614 1342 2666 coepiscopos
1360 2623 1507 2654 nostros
1517 2647 1527 2665 ,
1540 2618 1801 2669 quiproedioto
1815 2615 1917 2655 Con-

1107 2678 1194 2717 cilio
1213 2680 1496 2731 interfieerunt,
1519 2684 1663 2735 scripta
1684 2683 1858 2720 direxi...
1875 2688 1923 2719 ut
1992 2690 2011 2727 Ἰ;

1108 2751 1143 2781 et
1151 2744 1328 2796 fraterna
1347 2748 1584 2785 universitas
1597 2754 1634 2786 et
1644 2748 1815 2785 omnium
1822 2746 1917 2795 fide-

1106 2809 1204 2847 lium
1224 2812 1339 2849 corda
1356 2811 1604 2863 coqnoscant‚
1626 2825 1730 2850 me...
1749 2811 1824 2864 per
1846 2825 1914 2864 ap-

1101 2874 1364 2926 probationem
1376 2884 1563 2929 yestorum
1575 2875 1818 2928 synodalium
1824 2891 1914 2929 pro-

1099 2945 1233 2993 priam
1267 2945 1459 2983 vobiscum
1499 2945 1631 2983 unisse
1672 2945 1911 2983 sententiam.

1107 3006 1188 3045 Col.
1223 3008 1335 3059 1195.
