2028 3354
214 187 257 217 Vl

206 303 312 362 jure
343 301 431 349 sibi
450 302 668 351 vindicat.
695 302 894 364 Etenim,
916 321 1016 370 quae
1036 306 1226 373 reliquae
1250 318 1359 355 sunt
1379 310 1741 373 theologicarum
1758 313 1894 360 insti-

170 396 174 399 *
213 399 449 448 tutionum
468 409 623 465 partes
637 434 652 461 ,
672 416 729 447 ex
742 400 978 465 principiis
993 402 1138 450 veluti
1151 404 1338 454 aliunde
1352 407 1475 454 notis
1488 416 1627 473 atque
1646 408 1895 474 exploratis

210 496 261 544 in
288 499 591 563 peculiarium
616 497 888 562 dogmatum
916 477 1175 547 evincenda
1196 503 1389 551 veritate
1416 515 1680 556 versantur.
1712 509 1771 554 At
1789 524 1901 556 vero

211 594 323 655 haec,
350 613 492 660 quarn
521 596 814 661 auspicamur
835 632 848 654 ,
878 604 1209 662 posteaquam,
1234 599 1361 662 quod.
1389 618 1472 664 par
1494 612 1588 663 est„
1613 603 1895 652 fundamen-

210 702 315 740 tum
348 694 398 740 in
438 702 641 743 tractatu
681 694 740 742 de
771 701 880 743 vera
909 694 1130 758 religione
1163 699 1437 760 praejactum
1472 699 1608 748 fuerit
1620 739 1633 757 ‚
1665 702 1895 768 principia

209 790 322 856 ipsa⁴
340 799 481 857 atque
503 792 679 853 fonteS‚
704 792 830 839 unde
858 794 1008 841 omnis
1033 794 1084 840 in
1110 793 1368 857 theologica
1387 795 1630 862 disciplina
1648 800 1900 849 veritatum

209 889 351 938 series
364 888 593 950 dimanat,
615 891 839 956 proponit
849 900 987 955 atque
999 890 1216 956 explicat,
1235 893 1508 940 eorumdem
1525 895 1650 942 inter
1668 913 1716 943 se
1727 915 1900 945 nexum

210 1005 263 1036 ac
282 997 501 1036 mutuam
516 1026 529 1049 ,
549 1007 691 1054 quam
705 999 892 1047 vocant,
914 988 1280 1055 dependentiam
1293 991 1510 1055 patefacit
1522 1027 1535 1050 ‚
1554 1000 1600 1039 et
1618 993 1745 1057 quod
1764 1005 1904 1060 caput

210 1095 298 1148 est,
314 1085 603 1150 singulorum
624 1088 872 1137 veritatem
890 1096 1102 1136 accurate
1121 1087 1427 1136 demonstrat.
1454 1089 1563 1147 Quae
1579 1106 1685 1136 cum
1703 1091 1769 1137 ita
1788 1092 1900 1152 sint,

211 1184 390 1250 optimo
400 1188 506 1247 jure
521 1185 695 1232 factum
715 1194 785 1232 est
799 1221 812 1245 ,
831 1194 884 1232 ut
902 1185 1167 1233 tractationi
1185 1185 1292 1233 huic
1305 1187 1531 1235 Locorum
1545 1187 1908 1253 theologicorum

143 1270 150 1281 ἶ
210 1283 465 1349 appellatio
478 1284 721 1331 inderetur
735 1304 747 1342 ς
763 1283 1072 1349 eamdemque
1093 1284 1153 1331 ob
1169 1302 1269 1333 rem
1283 1284 1411 1332 haud
1432 1285 1522 1332 alio
1538 1303 1679 1351 quam
1689 1288 1908 1353 receptis-

210 1382 328 1430 simo
343 1381 421 1429 illo
444 1382 579 1430 titulo
588 1383 710 1430 hanc
731 1383 881 1448 operis
894 1383 1041 1430 nostri
1053 1392 1237 1448 partem
1248 1384 1604 1449 praenotandam
1625 1386 1904 1434 censuimus.

282 1535 388 1582 Jam
412 1553 495 1582 nos
519 1535 606 1600 ipsi
628 1535 905 1599 profitemur
930 1571 942 1593 ,
971 1552 1055 1581 1103
1081 1534 1217 1598 plura
1248 1536 1297 1581 in
1319 1535 1443 1583 hisce
1473 1538 1598 1583 Locis
1625 1537 1911 1585 illustrandis

211 1635 349 1681 fuisse
360 1632 628 1697 complexos
645 1668 659 1692 ‚
679 1650 781 1698 quae
795 1633 1099 1680 arctissimam
1111 1650 1216 1680 cum
1228 1633 1283 1679 iis
1296 1634 1687 1682 necessitudinem
1701 1634 1877 1682 habent
1888 1671 1903 1694 ,

214 1749 322 1797 quae
346 1732 397 1778 in
422 1731 565 1779 altera
589 1740 722 1797 parte
763 1709 986 1776 tractatus
1009 1728 1067 1776 de
1092 1747 1200 1777 vera
1228 1729 1452 1795 religione
1475 1731 1601 1777 haud
1625 1732 1690 1778 ita
1713 1732 1908 1778 summis

212 1829 345 1877 labiis
359 1828 561 1878 delibata
580 1838 704 1876 sunt.
723 1829 894 1876 Verum
915 1837 1111 1893 utraque
1134 1827 1340 1875 invicem
1366 1826 1622 1893 disputatio
1644 1828 1906 1893 plurimum

213 1928 371 1976 distat.
400 1928 583 1975 Etenim
601 1927 651 1974 id
663 1945 812 1974 unum
823 1925 1245 1984 illicintendimus,
1269 1935 1320 1972 ut
1344 1925 1610 1973 continenti
1631 1926 1915 1992 propositio-

212 2044 331 2074 num
359 2027 496 2088 serie,
533 2026 704 2073 efficaci
741 2025 821 2072 illa
849 2025 1041 2091 quidem
1060 2062 1072 2085 7
1105 2023 1187 2072 sed
1216 2023 1402 2071 arctiori
1427 2031 1474 2070 et
1509 2040 1694 2088 pressa,
1732 2023 1912 2071 homini

215 2124 386 2174 divinae
421 2122 718 2175 revelationis
758 2124 1086 2172 necessitatem
1119 2132 1257 2187 atque
1299 2122 1601 2170 existentiam
1641 2122 1912 2188 nuperrime

216 2223 379 2273 edocto
393 2261 406 2285 7
429 2241 516 2271 1160
532 2224 582 2271 in
592 2240 796 2289 quanam
807 2223 1022 2270 societate
1032 2221 1316 2288 exquirenda
1336 2238 1390 2268 ea
1405 2221 1464 2268 sit
1479 2222 1588 2269 satis
1605 2240 1690 2288 per
1710 2223 1915 2287 seipsum

217 2323 532 2371 internoscere
562 2322 768 2383 valenti,
797 2338 919 2371 verae
948 2320 1121 2368 Christi
1153 2319 1364 2368 Ecclesiae
1392 2320 1562 2368 faciem
1592 2337 1645 2367 ac
1677 2321 1912 2386 praecipua

219 2420 507 2468 lineamenta
530 2421 660 2469 velut
690 2421 740 2466 in
769 2417 934 2466 tubula
966 2419 1171 2484 quadam
1198 2435 1414 2483 expressa
1452 2417 1795 2468 exhiberemus·
1830 2419 1915 2466 Hic

216 2534 329 2566 vero
347 2553 360 2577 ,
390 2518 612 2582 quoniam
634 2516 800 2580 regulae
823 2517 1045 2581 proximae
1075 2516 1184 2564 fidei
1214 2526 1386 2564 nostrae
1417 2518 1694 2583 dignitatem
1711 2515 1914 2565 nancisci

217 2614 418 2664 Ecclesia
457 2613 626 2675 debet,
662 2614 873 2662 funditus
899 2613 1185 2663 enucleanda
1227 2632 1306 2663 res
1343 2626 1440 2677 est3
1467 2625 1636 2664 natura
1655 2617 1755 2680 ipsa
1777 2621 1917 2678 atque

217 2714 382 2761 intima
398 2712 607 2761 Ecclesiae
625 2714 891 2761 constitutio
905 2712 1218 2779 exploranda,
1244 2723 1489 2781 ceteraque
1509 2714 1567 2761 de
1591 2710 1839 2777 Scripturis
1863 2719 1909 2757 et

219 2810 548 2859 traditionibus
571 2812 620 2859 in
636 2811 883 2878 propatulo
910 2811 1157 2878 ponenda3
1179 2828 1283 2876 quae
1301 2812 1391 2860 nisi
1416 2811 1560 2859 solide
1576 2810 1625 2857 in
1642 2809 1743 2875 ipso
1765 2807 1911 2857 Theo-

218 2897 354 2964 logiae
388 2898 616 2946 vestibulo
649 2900 900 2946 constituta
937 2900 1112 2948 fuerint
1134 2935 1146 2959 7
1182 2901 1333 2947 omnis
1366 2898 1585 2963 deinceps
1626 2895 1908 2962 disputatio,

221 2986 312 3033 suis
335 2987 465 3052 quasi
487 2987 642 3039 nervis
666 2980 914 3049 destituta,
941 2996 1074 3036 nutet
1101 2995 1301 3051 oportet.
