2028 3354
348 241 471 271 ΡΑΒΤ.
514 243 544 271 1.
582 242 701 272 secr.
740 242 790 270 11.
827 242 924 270 ou».
964 242 1013 271 ιι.
1056 243 1108 271 1)ss
1144 240 1323 271 Pmmu.
1364 240 1542 270 PERPET.
1691 223 1787 269 399

95 354 250 403 verbis
286 362 505 420 concepto
544 373 555 401 :
603 355 797 402 Etenim
837 359 1050 419 antiquoe
1080 356 1248 403 Romoe
1286 355 1479 413 thronoq
1511 355 1638 418 quod
1668 357 1790 402 urbs

94 434 180 479 illa
202 435 486 495 imperaret,
506 435 626 494 jure
644 433 813 478 Patres
830 434 1085 495 privilegia
1104 433 1407 488 tribuerunt,
1428 440 1471 477 et
1488 432 1647 477 eadem
1673 449 1791 478 con-

95 510 380 555 sideratione
408 511 526 554 moti
545 517 735 554 centum
753 510 1114 571 quinquaqinta
1136 509 1233 554 Dei
1249 510 1585 553 amantissimi
1599 507 1792 569 Episco-

91 588 153 647 pi
167 586 466 630 sanctissimo
486 601 615 632 novoe
628 587 785 630 Romoe
799 585 966 650 throno
989 584 1197 646 aequalia
1210 585 1469 646 privilegia
1488 584 1765 630 tribuerunt
1771 603 1793 640 ‚-

95 669 142 706 et
182 660 439 724 Cyprianus
476 677 487 705 :
527 661 788 722 Quoniam,
824 660 1004 722 inquit,
1035 674 1126 720 pro
1170 659 1510 719 maynitudine
1543 676 1633 705 sua
1663 660 1798 706 debet

99 736 435 799 Carthayinem
463 737 620 784 Roma
641 736 904 798 praecedere
921 734 1008 797 (1).
1040 734 1290 798 Episcopus
1312 750 1532 779 romanus
1556 735 1709 782 seculo
1730 737 1796 782 111

95 811 335 859 fruebatur
351 812 678 874 jurisdictione
705 827 843 875 super
878 826 1045 872 magna
1077 807 1219 855 Italiae
1242 818 1375 872 parte
1398 827 1410 866 ς
1433 826 1538 855 eam
1563 810 1648 873 ipsi
1679 828 1795 858 con-

95 888 300 935 firmavit
343 888 553 952 Synodus
579 887 786 941 Nicaena,
806 902 909 932 can.
950 887 1032 940 VI,
1068 886 1147 950 qui
1166 886 1229 931 ita
1270 902 1318 931 se
1350 884 1494 932 habet
1528 903 1539 931 ε
1572 888 1797 950 Antiqua

94 965 379 1012 consuetudo
412 973 624 1010 servetur
636 979 728 1025 per
746 963 1016 1026 AEyyptum
1031 996 1049 1019 ,
1084 962 1279 1008 Libiam
1305 971 1349 1008 et
1373 963 1700 1025 Pentapolim,
1727 973 1797 1010 ita

96 1052 151 1087 ut
171 1042 537 1089 Alexandrinus
554 1041 822 1103 Episcopus
851 1040 1023 1086 horum
1047 1043 1269 1085 omnium
1296 1039 1470 1085 haheat
1494 1048 1797 1102 potestatem‚·

94 1121 213 1180 quia
238 1127 283 1163 et
307 1118 440 1164 urhis
467 1117 636 1164 Romoe
672 1117 909 1177 Episcopo
933 1117 1112 1177 parilis
1134 1132 1232 1162 mos
1256 1124 1336 1161 est.
1362 1116 1600 1162 Similiter
1631 1125 1796 1164 autem

95 1203 138 1239 et
164 1196 298 1257 apud
327 1193 637 1240 Antiochiam
679 1200 944 1254 ceterasque
972 1193 1253 1254 provincias
1283 1194 1386 1237 suis
1417 1193 1677 1256 privilegia
1693 1210 1797 1240 ser-

94 1279 265 1318 ventur
280 1270 509 1316 Ecclesiis
530 1269 599 1332 (2)
617 1304 629 1326 ἦ
651 1285 732 1315 seu
753 1277 804 1314 ut
820 1267 990 1332 legitur
1011 1269 1061 1313 in
1086 1270 1298 1315 versione
1318 1268 1497 1328 Rufini,
1526 1277 1569 1317 et
1590 1279 1647 1315 ut
1658 1271 1800 1333 apud

94 1347 475 1402 Alexandriam,
519 1353 561 1390 et
593 1347 647 1390 in
686 1346 803 1390 urbe
831 1345 1015 1399 Roma,
1045 1352 1224 1390 vetusta
1242 1346 1526 1391 consuetudo
1554 1355 1794 1406 servetur,

94 1431 151 1467 ut
179 1426 248 1468 vel
267 1423 343 1467 ille
355 1421 563 1484 AEqypti
576 1454 590 1475 ,
615 1421 685 1466 vel
715 1421 793 1467 liic
810 1421 1273 1467 suburbicariarum
1295 1423 1605 1469 ecclesiarum
1625 1425 1802 1471 sollici-

93 1498 312 1544 tudinem
331 1505 470 1560 9erat
496 1497 582 1560 (3).
608 1496 661 1542 30
695 1497 954 1544 Concilium
970 1497 1239 1544 Sardicense
1267 1497 1309 1545 ei
1328 1496 1527 1544 contulit
1544 1498 1795 1564 peculiaria

94 1573 332 1637 privilegia
361 1589 448 1620 sec,
485 1574 541 1619 IV
579 1572 666 1635 (4),
710 1571 764 1618 40
807 1575 1111 1638 Imperatores
1141 1590 1252 1620 vero
1294 1574 1570 1633 Gratianus,
1612 1575 1797 1623 Valen-

95 1649 298 1695 tinianus
318 1658 365 1695 et
389 1649 681 1696 Justinianus
693 1647 861 1713 aliique
889 1658 1195 1713 agnoverunt.
1219 1651 1336 1696 Rom
1359 1650 1592 1697 Pontificis
1617 1652 1795 1716 prima-

96 1733 195 1770 tum
213 1761 224 1783 ,
247 1742 298 1771 ac
330 1726 478 1772 varias
509 1726 550 1771 ei
571 1725 872 1772 contulerunt
894 1726 1220 1790 praerogativas
1250 1734 1297 1772 et
1328 1724 1585 1791 privilegia.
1624 1728 1658 1773 A
1684 1744 1797 1775 vero

94 1818 233 1865 porro
271 1799 539 1858 abluderet,
574 1803 655 1866 qui
688 1802 1089 1866 praeeminentiam
1138 1801 1346 1848 Ecclesiae
1384 1819 1590 1849 romanae
1630 1820 1656 1849 a
1688 1803 1798 1850 solis

96 1877 437 1941 Imperatorum
458 1877 654 1924 decretis
675 1887 755 1924 aut
775 1878 1088 1925 Conciliorum
1107 1877 1362 1924 canonibus
1385 1879 1579 1926 inferret
1594 1915 1607 1938 a
1628 1897 1797 1945 quam-

98 1953 166 1998 vis
186 1952 321 2001 valde
340 1963 470 2000 aucta
490 1972 546 2001 ex
564 1954 791 2016 ejusmodi
809 1955 954 2002 causis
972 1954 1124 2001 fuerit.
1146 1953 1447 2001 Fundabatur
1466 1954 1547 2002 illa
1565 1956 1797 2020 siquidem

98 2029 147 2075 in
185 2030 473 2094 possessione
512 2030 873 2089 attributorum,
915 2048 1019 2096 quae
1055 2030 1295 2078 collective
1341 2030 1400 2077 ad
1444 2030 1623 2078 nullam
1657 2032 1797 2079 aliam

98 2105 346 2152 Ecclesiam
374 2105 664 2170 spectabant.
700 2106 876 2154 Exinde
899 2124 1103 2171 pronum
1128 2116 1197 2154 est
1220 2123 1465 2169 agnoscere
1481 2143 1494 2167 ,
1515 2125 1657 2172 quare
1687 2109 1798 2172 Epi-

98 2183 222 2244 scopi
257 2184 440 2230 romani
473 2193 754 2231 vocarentur
784 2201 808 2230 a
843 2183 1055 2231 Patribus
1094 2201 1373 2231 successores
1402 2185 1450 2232 S.
1495 2185 1635 2231 Petri
1644 2202 1662 2239 ;
1707 2186 1796 2250 ipsi

101 2257 226 2303 enim
258 2268 391 2305 erant
433 2261 644 2325 Episcopi
684 2260 970 2325 particularis
1017 2260 1250 2321 Ecclesiae,
1295 2261 1368 2307 cui
1403 2262 1449 2307 S.
1490 2263 1653 2308 Petrus
1682 2262 1795 2308 fun-

101 2332 266 2380 dandae
298 2335 679 2396 adlaboraverat‚
721 2336 884 2402 cuique
919 2337 1196 2402 praesederat
1214 2374 1226 2397 7
1257 2347 1483 2402 erantque
1510 2337 1626 2385 adeo
1649 2338 1798 2386 veluti

101 2410 309 2474 Episcopi
331 2412 538 2461 Ecclesiae
564 2413 834 2480 principalis
852 2450 865 2473 a
884 2419 1214 2462 eminentiores
1236 2415 1361 2461 inter
1381 2431 1663 2462 successores
1680 2416 1800 2479 Apo-

101 2484 357 2543 stolorum„
387 2488 447 2534 ad
476 2506 584 2536 eum
615 2491 808 2555 praecise
842 2489 1036 2536 modum
1069 2507 1160 2555 quo
1195 2492 1360 2537 Petrus
1392 2491 1799 2556 praeeminentiam

100 2560 329 2610 habuerat
361 2563 483 2611 inter
509 2565 747 2629 Apostolos
786 2567 910 2631 ipsos
948 2565 1035 2628 (5).
1073 2568 1203 2633 Ergo.

161 2715 213 2766 (1)
244 2715 362 2766 Epist.
384 2715 760 2762 xnx.Theodoretus‚
786 2717 917 2769 Epist.
1041 2718 1091 2769 (2)
1123 2719 1230 2770 Apud
1262 2719 1371 2758 Hard.
1395 2729 1486 2758 tom.
1513 2733 1553 2767 ι,
1578 2718 1650 2758 col.
1681 2718 1772 2759 326.

104 2781 153 2819 ad
164 2784 350 2830 Leonem,
364 2782 532 2834 loquitur
542 2783 588 2820 de
606 2781 695 2820 urbe
705 2782 821 2821 Roma
835 2790 920 2820 tan-
1043 2784 1097 2836 (3)
1127 2784 1227 2824 Ibid.
1252 2784 1325 2825 col.
1350 2785 1445 2824 333.

111 2860 223 2898 quam
246 2847 291 2885 de
305 2849 478 2886 omnium
495 2849 669 2886 maxima
688 2855 724 2886 et
747 2847 918 2886 clarissi-
1041 2849 1094 2900 (ἃ)
1124 2849 1297 2890 Canonn.
1323 2863 1368 2890 ιιι
1381 2881 1393 2899 ,
1411 2864 1450 2889 lv
1463 2881 1474 2899 ‚
1502 2865 1579 2889 vm.
1597 2851 1697 2890 Ibid.
1726 2851 1798 2889 col.

110 2924 174 2949 ma
190 2941 200 2959 ‚
222 2926 308 2963 qum
335 2920 369 2951 et
392 2913 478 2952 orbi
498 2921 688 2951 terrarum
709 2913 914 2965 proesidet,
985 2912 1184 2967 639-642.
1231 2938 1234 2941 ·

111 2984 145 3015 et
168 2976 380 3016 incolarum
409 2992 567 3018 numero
593 2978 806 3031 redundat(
820 2979 918 3031 apud
1043 2979 1094 3031 (5)
1124 2979 1316 3020 Hactenus
1340 2981 1416 3019 sere
1443 2980 1586 3019 Palmer
1603 3011 1613 3028 ,
1637 2992 1704 3030 op.
1731 2981 1796 3017 cit.

112 3041 243 3081 Baller.
262 3056 347 3095 opp.
372 3042 413 3083 S.
433 3045 550 3084 Leon.
579 3053 670 3085 tom.
690 3058 703 3082 1
719 3074 729 3094 ‚
751 3058 811 3097 ep.
829 3058 877 3084 m
891 3046 921 3095 ).
995 3055 1087 3097 part.
1113 3060 1163 3085 vu
1181 3076 1193 3096 ‚
1213 3060 1297 3099 cap.
1315 3046 1338 3085 3
1356 3075 1368 3093 ‚
1395 3047 1469 3086 vol.
1489 3060 1516 3086 ιι
1528 3075 1542 3095 ,
1567 3059 1649 3098 pag.
1667 3043 1743 3098 497
1761 3052 1798 3084 et
