2028 3354
190 193 252 238 26
661 208 816 239 TnAc‘r.
853 208 906 236 nn
940 207 1056 239 iocis
1090 206 1391 238 TneoLoclcls.

258 323 337 371 41.
376 323 444 371 Ad
474 325 564 382 6¹11,
592 322 715 367 Disc.
754 322 786 366 A
820 321 1000 368 Christo
1030 322 1246 369 historico
1272 322 1459 370 realiter
1487 323 1713 370 existente
1737 322 1866 369 facile

194 399 279 446 fuit
309 398 366 447 ad
394 399 660 444 institutam
701 395 759 442 ab
790 396 888 460 ipso
916 397 1160 444 Ecclesiam
1192 398 1386 460 gradum
1423 399 1569 445 facere
1594 434 1607 457 ,
1645 415 1801 452 eono.;
1841 416 1866 445 a

194 476 375 523 Christo
394 473 532 520 ideali
552 483 599 520 et
617 472 867 537 symbolico
883 508 896 531 ‚
921 490 1024 537 neq.
1047 474 1168 518 Nam
1186 475 1402 534 Ecclesia,
1430 493 1575 542 caque
1594 475 1726 522 realis
1746 483 1867 522 certe

195 552 367 616 pendet
393 566 421 596 a
452 550 633 597 Christo
661 550 787 614 ipso,
820 558 983 614 utpote
1013 551 1109 610 ejus
1136 556 1320 596 auctore
1349 560 1396 597 et
1417 553 1709 610 institutore,
1743 550 1869 599 velut

194 636 372 684 catena,
386 628 514 687 cujus
534 625 734 672 annulus
753 626 929 689 primus
948 624 1129 671 Christo
1149 622 1379 688 pendulus
1395 625 1581 674 haereat.
1602 628 1679 673 Ast
1700 626 1870 672 Christi

191 701 440 749 existentia
456 737 468 759 ,
499 710 638 766 prout
668 701 726 748 ab
748 699 1048 763 Evangelistis
1072 698 1319 745 exhibetur
1336 736 1347 757 ,
1379 699 1583 761 sublata,
1617 701 1748 748 nulla
1769 718 1871 747 am-

193 778 313 845 plius
349 779 656 828 institutionis
696 787 743 825 et
786 776 1068 824 fundationis
1112 775 1320 822 Ecclesiae
1366 776 1481 822 ratio
1521 776 1651 823 reddi
1697 784 1865 842 potest.

193 857 357 921 Ecquis
383 859 510 905 enim
543 857 604 903 sic
627 855 782 900 animo
808 863 877 901 est
896 860 1187 917 comparatus
1204 888 1216 910 ,
1242 860 1293 897 ut
1323 852 1594 899 innumeros
1615 853 1870 900 exantlaret

194 931 375 980 labores
392 970 405 994 ,
439 950 600 998 poenas
630 930 705 978 vel
723 930 950 976 immanes
981 927 1180 986 subiret,
1208 928 1480 991 sanguinem
1503 928 1702 992 denique
1722 928 1873 992 ipsum

195 1008 456 1056 effunderet
473 1046 485 1068 ,
502 1009 570 1055 uti
588 1007 906 1072 praestiterunt
924 1003 1131 1069 Apostoli
1150 1012 1288 1067 atque
1310 1002 1548 1068 discipuli,
1576 1002 1744 1050 deinde
1764 1019 1873 1051 vero

196 1094 266 1132 tot
300 1095 562 1150 martyrum
593 1081 765 1141 millia,
793 1098 877 1146 pro
907 1080 1043 1127 ideali
1066 1097 1117 1126 ac
1141 1078 1391 1143 symbolico
1418 1080 1588 1126 mentis
1616 1078 1875 1143 conceptu?

197 1162 309 1211 Haec
333 1161 574 1225 nugatoria
598 1167 730 1219 sunt,
758 1157 851 1204 imo
871 1156 1069 1204 absurda
1089 1156 1391 1202 deliramenta
1406 1192 1418 1216 ,
1451 1171 1553 1219 quae
1580 1153 1664 1201 soli
1686 1154 1876 1217 mythici

197 1247 245 1285 et
281 1237 577 1285 rationalistae
612 1234 777 1298 glutire
809 1240 1022 1298 possunt.
1061 1231 1234 1279 Judaeis
1268 1239 1423 1278 autem
1456 1248 1506 1277 ac
1535 1229 1876 1292 judaizantibus

197 1314 535 1378 relinquimus,
567 1328 669 1376 quae
703 1310 761 1356 de
791 1309 958 1359 veteris
991 1324 1227 1371 synagogae·
1252 1306 1619 1354 institutionibus
1637 1342 1650 1364 ,
1681 1304 1846 1352 ritibus
1864 1341 1877 1363 ,

197 1390 419 1454 regimine
436 1425 448 1448 ,
486 1386 742 1435 hierarchia
777 1394 822 1432 et
845 1383 1099 1431 sacerdotio
1118 1419 1130 1442 ,
1161 1391 1263 1428 tum
1291 1400 1390 1447 quae
1415 1384 1473 1429 de
1504 1381 1710 1445 ejusdem
1739 1381 1877 1445 gloria

203 1483 254 1513 ac
286 1469 555 1528 maJestate,
587 1473 689 1510 tum
719 1462 910 1509 demum
938 1477 1037 1524 quae
1061 1459 1119 1505 'de
1148 1458 1389 1522 temporali
1416 1458 1762 1521 regeneratione
1794 1473 1874 1502 seu

198 1542 532 1589 resurrectione
557 1538 797 1603 applicatis
824 1553 904 1583 seu
934 1534 1170 1581 translatis
1199 1533 1256 1579 ab
1279 1533 1504 1598 Apostolis
1529 1532 1577 1578 in
1603 1531 1774 1578 Christi
1798 1532 1882 1577 Ec-

199 1618 385 1666 clesiam
400 1617 489 1681 ipsi
510 1614 928 1663 comminiscuntur
945 1648 956 1668 ,
978 1609 1314 1676 prophetarum
1336 1608 1518 1655 oracula
1547 1607 1753 1653 crassiori
1777 1623 1885 1671 qua-

201 1695 311 1741 dam
327 1693 508 1740 ratione
524 1693 900 1754 interpretantes.
925 1687 1112 1736 Diversa
1135 1683 1422 1749 providentis
1447 1684 1529 1729 Dei
1549 1682 1664 1728 ratio
1688 1683 1737 1727 in
1756 1699 1889 1746 syna-

202 1787 364 1834 gogam
400 1777 507 1815 ante
544 1777 591 1814 et
620 1774 727 1830 post
749 1764 1048 1826 rejectionem
1080 1760 1278 1820 Christi,
1310 1758 1569 1805 continenti
1600 1757 1764 1820 viginti
1784 1756 1887 1821 plus

202 1926 382 1981 ρόγμοιτος
405 1925 472 1966 fior&
495 1931 558 1966 τοῦ
580 1928 729 1979 Χριστοῦ
752 1921 1005 1978 πεπραγμένων
1072 1919 1290 1973 pertinent,
1323 1916 1466 1955 tradita
1505 1928 1607 1962 esse,
1641 1916 1722 1967 ipse
1758 1914 1889 1952 divino

203 1991 383 2041 διἠγησ-ιν.
396 1991 565 2031 Perlatis
577 1994 688 2044 jam,
705 1990 851 2037 scribit,
871 1991 915 2026 in
931 2001 1009 2026 om-

204 2060 315 2097 m'um
332 2088 342 2106 ,
367 2059 563 2111 ipsiusque
597 2056 690 2095 adeo
718 2054 885 2093 Joanm‘s
908 2053 1007 2091 ‘noti-

206 2126 301 2163 tiam
340 2123 570 2177 supradictis
614 2121 736 2160 tribus
780 2119 984 2171 evanqeliis
1000 2148 1009 2165 ,

204 2189 471 2242 approbavisse
487 2202 532 2227 ea
556 2187 725 2226 Joannes
739 2216 749 2234 ,
773 2192 808 2222 et
819 2187 1011 2222 veritatem

203 2257 430 2307 scriptorum
449 2267 517 2292 suo
540 2252 755 2292 testimonio
772 2250 1012 2300 confirmasse

205 2322 348 2360 dicitur
361 2336 371 2370 3
384 2320 500 2360 solam
511 2334 596 2358 vero
607 2319 866 2357 narrationem
880 2329 1010 2353 earam

205 2401 329 2425 rerum
347 2417 357 2435 ,
377 2400 472 2438 quas
501 2386 679 2424 Christus
695 2385 800 2421 circa
821 2380 1012 2433 praedioa-

206 2452 322 2490 tionis
347 2453 507 2489 initium
539 2455 704 2503 qesserat
720 2477 730 2495 ‚
767 2446 1011 2485 desiderasse.

207 2517 381 2556 Clemens
435 2516 633 2566 Alexandr.
688 2513 785 2564 apud
844 2511 1015 2550 eumdem

209 2582 344 2621 Euseb.
388 2581 455 2620 lib.
486 2596 523 2620 v1
547 2610 558 2629 ,
598 2593 677 2631 cap.
718 2575 766 2627 14
788 2607 798 2625 ,
839 2576 966 2615 subdit
1002 2590 1013 2615 ε

211 2645 330 2688 ...Tin
349 2645 466 2698 μέντοι
482 2644 631 2690 Ἰωάννην
656 2642 810 2694 ἔσχατον
832 2640 1015 2681 Μηδένα-οι

208 2712 260 2755 ἔτι
296 2710 346 2753 τοὶ
383 2710 574 2763 σωματικαὶ
608 2712 636 2750 ἐν
675 2711 748 2752 τοῖς
791 2706 1016 2756 εὐαγγελίοις

209 2777 430 2823 δεδήλωται·
455 2776 698 2831 προτραπέντοι
720 2772 786 2814 dore}
804 2780 867 2813 τῶν
894 2772 1016 2827 γνωρί-

208 2862 278 2896 μων
289 2875 301 2894 ,
313 2842 489 2894 πνέἇματι
502 2839 769 2895 θεοφορεθέντω,
783 2837 1019 2890 πνευματικὴ

210 2914 357 2955 ποιῆσαι
387 2908 612 2958 ἐυαγγέλιον.
642 2907 814 2945 Joannes
849 2906 1021 2944 omnium

206 2984 419 3029 postremus
457 2988 543 3013 cum
586 2973 729 3012 videret
766 2973 811 3009 in
857 2970 1022 3008 aliorum

212 3040 416 3097 evanqeliis
449 3054 492 3079 ea
506 3070 517 3089 ‚
541 3053 626 3091 quae
644 3037 695 3078 ad
713 3049 848 3089 eorpus
878 3035 1025 3089 Christi

1079 1984 1234 2036 Spiritu
1263 1983 1411 2034 afflatus
1443 1980 1613 2034 spiritale
1651 1978 1890 2031 evanqeliam

1075 2048 1333 2101 familiarium
1342 2060 1495 2085 suoram
1507 2052 1640 2096 roqata
1651 2046 1889 2095 conscripsit.

1081 2114 1332 2166 Epiphanius,
1368 2111 1501 2150 hoeres.
1537 2122 1601 2158 m,
1635 2108 1658 2162 ᾗ
1688 2121 1736 2161 19
1774 2108 1888 2159 (edit.

1082 2179 1233 2230 Petav.)
1251 2176 1450 2230 εΤέτοιρτ-ας
1484 2173 1556 2227 γοέρ
1588 2172 1688 2213 zaro?
1710 2170 1889 2222 διαδοχῆν

1084 2247 1194 2284 ἔλθω
1228 2245 1244 2282 ἆ
1265 2242 1465 2296 μακάριος,
1491 2246 1623 2295 πρῶτος
1648 2237 1711 2290 μὲν
1746 2236 1810 2286 α’)ν,
1826 2234 1890 2276 ὅσ·

1082 2327 1177 2363 τερος
1206 2307 1250 2347 δὲ
1269 2310 1342 2351 τοῖς
1358 2306 1469 2348 ’ἔτεα-ιν
1488 2302 1811 2353 ἔυωγγελεσοὶμενος
1840 2302 1891 2342 voe*

1083 2373 1148 2428 arpo*
1171 2376 1278 2413 adro&
1306 2378 1425 2416 καλῶς
1445 2369 1655 2421 τεταγμένοι
1687 2371 1747 2409 ου’»ι
1781 2367 1892 2422 ἐμερί-

1083 2456 1208 2492 μνησεν
1229 2437 1399 2478 ἐκθέσθαι
1411 2469 1422 2488 ,
1446 2435 1547 2477 dmin)
1567 2433 1813 2489 προλαμβάνει
1829 2438 1890 2473 rar

1086 2503 1256 2558 ῥηθέντων
1281 2500 1330 2542 τοῖ’
1350 2501 1403 2553 ,κη’
1430 2501 1595 2555 ‘instinct-
1616 2500 1892 2539 Sanctissimae

1086 2570 1149 2608 hie
1161 2568 1407 2621 Evanqelista
1424 2598 1433 2615 ‚
1446 2569 1571 2621 inquit
1587 2597 1597 2614 ,
1613 2565 1746 2604 ordine
1755 2576 1800 2601 ao
1809 2575 1892 2600 suc-

1085 2637 1249 2674 cessione
1280 2642 1459 2686 quartus,
1483 2647 1550 2679 ac,
1575 2630 1720 2669 tametsi
1738 2629 1893 2679 primas

1086 2709 1177 2740 esset
1203 2702 1376 2740 omnium
1391 2730 1400 2746 ,
1434 2696 1625 2738 scribendi
1649 2701 1773 2731 tamen
1797 2699 1890 2730 tem-

1083 2780 1174 2819 pore
1193 2772 1407 2819 postremus
1423 2793 1433 2810 ,
1450 2777 1534 2814 quw
1549 2766 1634 2799 ante
1655 2771 1694 2796 ee
1710 2756 1892 2810 proeelare

1090 2836 1201 2871 erant
1233 2830 1399 2869 aliorum
1434 2839 1545 2880 opera
1567 2824 1712 2875 diqesla
1732 2829 1893 2875 repetere

1090 2896 1214 2935 noluit
1234 2912 1247 2942 ;
1272 2894 1340 2933 sed
1359 2900 1444 2933 ante
1467 2906 1509 2930 ea
1524 2920 1543 2947 ,Δ
1576 2903 1660 2941 quoe
1679 2890 1768 2941 jam
1791 2887 1892 2925 dicta

1090 2963 1273 3015 fuerant,
1302 2973 1386 3012 quae
1422 2971 1502 2997 non
1532 2962 1642 2994 erant
1671 2954 1773 2993 diota
1801 2966 1894 3006 pro·-

1089 3030 1234 3081 posuit.
