2028 3354
210 175 272 224 94
667 191 823 220 'rasor-
863 191 917 219 ΒΕ
951 191 1083 237 Loms
1107 193 1410 223 THEOLOGICIS.

206 305 295 354 sibi
325 312 540 368 arrogent
558 303 869 362 sanctitatem,
896 321 996 368 quae
1016 307 1234 370 provenit
1250 315 1351 355 tum
1376 325 1433 356 ex
1455 309 1631 356 ratione
1651 310 1809 375 capitis
1834 323 1882 361 et

206 382 514 448 plurimorum
549 377 713 425 saltem
746 377 1097 439 membrorum,
1139 390 1240 428 tum
1276 401 1332 431 ex
1368 385 1546 431 ratione
1581 384 1803 434 doctrinae
1835 397 1882 459 et

206 463 631 512 sacramentolum7
662 471 721 501 ne
740 453 927 517 longam
954 471 1005 501 ac
1026 454 1260 503 difficilem
1291 459 1658 507 discussionem
1647 479 1882 524 meamus,

200 538 335 596 Juxta
364 528 657 589 methodum,
686 548 826 595 quam
846 531 1200 596 proposuimus
1228 533 1439 594 dicimus
1462 535 1581 583 hanc
1613 546 1771 585 notam
1801 538 1884 586 de-

209 606 437 674 prehendi
469 624 526 654 ex
553 607 787 654 interioris
816 608 924 655 vitae
962 607 1325 672 supernaturalis
1360 612 1748 662 manifestatione.
1779 615 1884 662 Haec

211 694 368 731 autem
396 683 705 730 manifestatio
736 700 834 729 non
862 682 1015 730 solum
1043 684 1095 730 fit
1124 701 1209 748 per
1244 685 1512 733 exercitium
1543 688 1769 738 virtutum
1792 708 1887 737 om-

209 761 341 807 nium
361 769 408 808 et
427 759 722 821 consiliorum
752 759 893 806 etiam
925 758 1297 822 evangelicorum
1339 760 1389 806 in
1413 778 1595 810 summo
1612 764 1754 827 gradu
1771 801 1783 825 7
1808 783 1888 813 seu

208 838 277 885 uti
306 845 475 885 vocant
505 837 713 892 heroico,
740 852 906 884 verum
930 836 1070 882 etiam
1097 853 1179 901 per
1206 836 1540 885 charismatum
1578 840 1859 888 affluentiam
1875 878 1887 900 7

210 913 537 961 miraculorum
584 912 840 978 praesertim
885 929 935 958 ac
976 912 1298 960 vaticiniorum
1321 949 1333 972 7
1377 931 1516 977 quam
1556 914 1763 963 Ecclesiae
1799 935 1893 964 suae

210 1007 454 1055 nunquam
501 988 769 1036 defuturam
804 988 1012 1036 Christus
1050 989 1262 1053 promisit
1279 1025 1292 1047 7
1338 998 1385 1035 et
1425 1006 1509 1054 per
1546 990 1895 1040 foecunditatem

210 1083 468 1134 perennem
484 1101 497 1121 7
526 1082 667 1130 quam
693 1065 735 1113 ei
755 1064 930 1130 pariter
943 1067 1076 1126 juxta
1099 1064 1219 1111 dicta
1249 1064 1459 1111 Christus
1483 1065 1715 1129 pollicitus
1742 1077 1830 1115 est.

279 1143 390 1190 161.
429 1141 476 1189 Si
508 1159 597 1206 qua
626 1141 764 1204 igitur
794 1141 984 1188 societas
1010 1158 1063 1188 ea
1088 1140 1298 1188 doctrina
1319 1141 1540 1188 instructa
1564 1159 1662 1188 non
1685 1143 1763 1202 sit7
1798 1160 1897 1208 quae

211 1219 272 1268 ad
292 1218 586 1266 sanctitatem
603 1216 815 1264 homines
835 1217 1086 1276 informet7
1120 1216 1269 1264 multo
1297 1218 1439 1280 magis
1461 1218 1498 1264 si
1516 1235 1619 1265 eam
1639 1218 1899 1266 doctrinam

215 1297 517 1362 profiteatur,
549 1310 651 1358 quae
683 1293 917 1340 sanctitati
946 1287 1248 1353 adversetur,
1280 1310 1473 1359 quaeque
1503 1311 1644 1359 opera
1666 1294 1790 1341 bona
1815 1296 1899 1343 mi-

214 1373 341 1419 nime
364 1379 661 1437 promoveat,
686 1378 765 1416 aut
787 1369 927 1416 etiam
947 1369 1186 1429 excludat,
1215 1369 1389 1435 absque
1408 1369 1496 1417 alio
1515 1370 1683 1417 indicio
1710 1371 1901 1419 evidens

213 1457 305 1506 est,
325 1465 429 1496 eam
447 1446 532 1493 hac
556 1454 667 1492 nota
692 1446 946 1493 sanctitatis
962 1462 1061 1492 esse
1087 1445 1357 1492 destitutam
1374 1480 1386 1504 7
1410 1462 1496 1492 nec
1525 1445 1720 1510 proinde
1740 1464 1900 1495 veram

217 1543 315 1573 esse
340 1524 512 1571 Christi
533 1523 794 1571 Ecclesiam.
815 1524 859 1569 Si
879 1531 1101 1588 praeterea
1124 1540 1219 1569 non
1240 1538 1334 1587 prae
1358 1538 1406 1568 se
1428 1522 1547 1568 ferat
1564 1521 1756 1569 indubia
1775 1523 1903 1586 signa

215 1618 268 1648 ac
299 1599 611 1649 ineluctabilia
649 1600 733 1647 Dei
766 1599 1064 1657 testimonia7
1103 1598 1271 1663 quibus
1307 1599 1503 1645 interior
1536 1597 1902 1663 supernaturalis

217 1682 313 1740 ejus
341 1678 437 1726 vita
453 1713 466 1736 7
490 1692 592 1742 quae
617 1676 665 1722 in
685 1676 827 1738 gratia
852 1674 1079 1722 habituali
1098 1711 1111 1735 7
1142 1674 1395 1722 virtutibus
1423 1673 1757 1737 theologalibus
1780 1683 1904 1722 cetea·

222 1754 378 1820 risque
411 1752 600 1800 adnexis
629 1752 866 1811 consistit7
897 1751 1098 1798 exterius
1120 1759 1280 1816 aperte
1303 1750 1547 1797 manifesta
1573 1750 1633 1796 sit
1650 1785 1662 1808 7
1692 1749 1903 1814 quamvis

223 1832 517 1878 sanctitatem
528 1832 672 1891 jactet
688 1864 700 1888 7
722 1845 966 1893 nunquam
984 1836 1109 1874 certo
1135 1826 1268 1873 nobis
1288 1826 1537 1885 constabit7
1562 1835 1722 1873 utrum
1743 1836 1905 1876 notam

223 1924 343 1956 verae
366 1904 573 1952 Ecclesiae
597 1902 766 1949 habeat
791 1920 876 1949 nec
899 1920 973 1950 ne.
999 1904 1166 1950 Fucata
1191 1903 1317 1948 enim
1346 1902 1566 1949 sanctitas
1589 1901 1762 1968 absque
1789 1906 1907 1965 ejus-

224 1982 349 2028 modi
377 1980 536 2029 divino
564 1979 830 2027 testimonio
859 1996 957 2026 esse
996 1988 1177 2043 potest3
1208 1988 1318 2025 nota
1348 1986 1505 2025 autem
1546 1979 1609 2025 ita
1645 1988 1769 2026 certa
1807 1994 1906 2026 esse

225 2057 363 2106 debet
381 2073 432 2103 ac
453 2055 643 2102 indubia
657 2091 669 2114 7
699 2064 752 2101 ut
774 2055 827 2101 in
847 2055 1057 2101 omnium
1080 2054 1236 2101 oculos
1256 2053 1385 2101 facile
1410 2054 1632 2102 incurrat.
1659 2055 1776 2101 Cum
1797 2070 1907 2102 vero

226 2152 284 2182 ex
306 2133 441 2181 dictis
465 2131 565 2179 haec
592 2139 703 2178 nota
729 2131 982 2177 sanctitatis
1013 2139 1137 2177 certa
1169 2147 1221 2177 ac
1250 2129 1555 2177 ineluctabilis
1584 2147 1680 2176 non
1704 2130 1791 2186 sit,
1818 2128 1908 2175 nisi

225 2227 310 2276 per
334 2208 609 2258 exteriorem
629 2207 733 2256 vitae
757 2206 1180 2254 manifestationem
1199 2224 1247 2253 se
1274 2205 1442 2271 prodat
1466 2222 1517 2252 ea
1533 2240 1546 2263 ‚
1572 2222 1663 2269 qua
1694 2205 1905 2269 exposui·

225 2304 359 2347 mus7
383 2286 563 2333 ratione
583 2320 595 2344 7
624 2292 753 2347 patet
769 2282 897 2329 illam
920 2282 1064 2329 solam
1095 2283 1385 2339 societatem,
1414 2298 1513 2346 quae
1542 2280 1771 2344 ejusmodi
1798 2289 1909 2328 nota

226 2362 483 2410 sanctitatis
496 2362 556 2409 sit
573 2361 787 2424 insignita
802 2395 816 2419 7
835 2375 994 2408 veram
1012 2376 1145 2424 posse
1159 2358 1248 2405 dici
1269 2367 1316 2406 et
1333 2375 1431 2406 esse
1453 2358 1621 2405 Christi
1638 2357 1904 2405 Ecclesiam.

705 2532 776 2574 DE
803 2532 949 2576 NOTA
976 2513 1432 2576 cATHoLICITATls.

299 2667 408 2731 162.
454 2665 825 2713 Catholicitatem
852 2681 931 2711 seu
960 2665 1366 2712 universalitatem
1403 2664 1578 2728 pariter
1612 2669 1772 2709 notam
1810 2676 1909 2707 esse

232 2760 352 2793 verte
362 2740 586 2800 Ecclesiae,
599 2742 938 2806 Scripturarum
958 2740 1137 2788 oracula
1153 2758 1204 2787 ac
1219 2742 1413 2788 Patrum
1432 2738 1641 2786 omnium
1661 2752 1910 2783 consensus

230 2819 491 2867 luculenter
512 2816 783 2864 ostendunt.
814 2817 993 2864 Etenim
1021 2819 1354 2876 Deus7Genes.
1379 2815 1462 2862 XII
1479 2852 1493 2873 7
1517 2812 1577 2872 33
1611 2813 1740 2859 XXII
1763 2847 1776 2870 7
1817 2812 1908 2870 183

232 2896 409 2953 XXVI,
430 2893 484 2952 43
505 2894 691 2940 XXVIII
707 2928 720 2953 7
746 2892 804 2939 14
821 2929 833 2952 7
859 2892 1010 2943 collat.
1035 2893 1134 2940 Aet.
1157 2893 1317 2957 Apost.
1340 2892 1402 2939 III
1419 2926 1431 2949 7
1452 2888 1540 2950 25,
1558 2897 1606 2937 et
1623 2887 1724 2936 Gal.
1749 2888 1838 2949 ΙΙΙ,
1860 2887 1910 2945 9,

235 2970 447 3036 promisit
470 2968 703 3017 Abraham
723 3005 735 3029 7
761 2970 881 3016 Isaac
910 2976 956 3016 et
976 2966 1119 3017 Jacob
1133 3003 1147 3028 7
1170 2968 1294 3033 quod
1319 2974 1477 3031 gentes
1495 2975 1656 3013 omnes
1679 2964 1729 3012 in
1750 2978 1911 3013 eorum
