2028 3354
435 196 566 227 mar.
604 196 638 226 1.
673 193 795 225 suar.
830 193 883 225 11.
914 191 1013 226 off.
1044 193 1109 225 iv.
1136 192 1191 223 nn
1214 190 1361 225 nom.
1392 164 1516 224 an‘.
1712 177 1806 227 529

114 326 222 358 cum
253 309 489 377 prolatum
525 317 647 357 esset
675 308 728 355 in
762 307 827 356 VI
857 306 1075 372 Synodo‚
1111 306 1253 371 legati
1288 307 1422 355 Rom.
1466 305 1596 354 Sedis
1626 305 1808 369 adJece-

114 395 229 433 runt
259 404 271 433 ε
309 386 462 443 Ecce,
496 385 830 447 beniqnissime
864 385 1099 440 Domine,
1126 385 1379 447 manifeste
1407 383 1531 430 duas
1561 385 1810 431 naturales

114 464 406 525 operationes
425 463 677 525 inconfuse
693 469 738 508 et
752 461 959 508 indivise
983 462 1039 507 in
1057 460 1119 507 D.
1139 459 1207 507 N.
1220 460 1274 507 J.
1300 459 1353 506 C.
1371 476 1586 522 praesens
1605 462 1810 507 sanctis-

113 541 265 586 simus
289 539 528 601 proedz‘cat
553 538 702 585 Pater
718 537 823 601 (l),·
853 552 941 583 nec
970 535 1093 582 ullus
1117 534 1398 599 repugnavit
1429 535 1520 582 nisi
1549 536 1774 583 Macarius
1794 572 1809 598 ‚

110 613 492 680 Archiepiscopus
523 611 867 671 Antiochenus,
901 611 1142 660 haereticus
1175 610 1500 659 monothelita.
1531 612 1666 670 Quod
1690 614 1728 660 si
1760 613 1811 661 in

110 690 157 736 S.
198 691 363 738 Leonis
403 690 677 738 testimonio
718 691 971 751 manifeste
1008 685 1292 734 catholicum
1329 687 1499 751 dogma
1539 687 1599 736 de
1637 688 1812 754 duplici

112 767 381 831 operatione
400 767 685 824 continetur,
698 781 780 812 cur
797 780 896 811 non
912 761 1230 809 continebitur
1243 760 1294 807 in
1308 763 1577 810 testimonio
1590 764 1783 812 Honorii
1796 800 1811 827 ‚

110 843 191 906 qui
216 860 313 889 non
336 842 488 889 solum
510 840 673 889 eadem
697 836 936 902 usurpavit
955 835 1100 886 verba
1113 871 1126 897 7
1145 834 1230 885 sed
1248 835 1379 884 idem
1397 846 1622 902 praeterea
1640 839 1810 904 dogma

112 917 278 966 clarius
306 918 458 966 adhuc
483 913 747 982 expressit?

174 994 288 1042 781.
327 994 399 1042 Ad
435 993 635 1040 alterum
676 1005 788 1053 vero
829 987 956 1053 quod
998 988 1206 1050 attinet,
1246 1007 1345 1036 non
1379 990 1536 1037 minus
1571 990 1812 1042 luculenta

114 1068 258 1118 verba
288 1078 397 1117 sunt
414 1104 427 1127 ‚
449 1064 618 1131 quibus
646 1064 879 1110 Honorius
911 1063 1116 1112 declarat
1131 1101 1144 1125 .,
1166 1082 1213 1113 se
1232 1065 1360 1113 nolle
1388 1066 1528 1115 edere
1549 1066 1660 1115 fidei
1685 1067 1811 1117 defi-

108 1146 335 1193 nitionem
353 1176 366 1202 ,
402 1142 560 1188 dicens
584 1157 595 1185 z
618 1138 733 1187 Non
754 1156 839 1187 nos
870 1148 1049 1203 oportet
1081 1158 1232 1189 unam
1267 1146 1338 1189 vel
1361 1143 1488 1189 duas
1515 1148 1812 1206 operationes

107 1223 375 1286 definientes
392 1217 664 1280 praedicare
681 1215 768 1279 (2).
791 1218 943 1262 Immo
965 1225 1153 1264 tantum
1174 1215 1328 1277 abest,
1348 1226 1402 1264 ut
1421 1217 1621 1268 voluerit
1646 1222 1811 1269 Hono·

106 1298 199 1344 rius
235 1293 431 1341 definire
464 1309 609 1339 unam
641 1291 719 1341 vel
749 1291 985 1357 duplicem
1020 1310 1120 1340 esse
1154 1294 1206 1340 in
1236 1293 1421 1341 Christo
1456 1296 1810 1360 operationem,

104 1381 157 1419 ut
180 1369 492 1437 grammaticis
517 1369 567 1416 id
589 1367 935 1416 discutiendum
954 1367 1222 1434 reliquerit:
1248 1370 1424 1418 Utrum
1443 1379 1634 1430 autem,
1654 1373 1811 1439 inquit

104 1447 350 1508 Pontifex,
382 1453 581 1513 propter
613 1462 757 1510 opera
797 1445 1073 1492 divinitatis
1112 1454 1157 1493 et
1193 1446 1546 1505 humanitatis,
1597 1465 1703 1496 una
1740 1467 1812 1499 cm

100 1526 306 1588 yeminoe
337 1527 630 1587 operationes
659 1523 861 1570 debeant
893 1522 1121 1588 derivatee
1142 1524 1248 1571 diei
1269 1525 1340 1571 vel
1364 1526 1600 1589 z'ntellcyi,
1639 1526 1711 1573 ad
1725 1543 1811 1575 nos

105 1604 200 1648 ista
216 1605 462 1664 pertinere
481 1617 577 1647 non
597 1600 785 1655 dehent,
807 1601 1123 1663 relinquentes
1144 1617 1198 1647 ea
1213 1604 1554 1664 qrammatz'cz's
1572 1600 1661 1664 (3).
1687 1603 1808 1652 Cum

103 1677 244 1739 igitur
261 1676 493 1725 Honorius
512 1676 746 1741 professus
763 1676 822 1723 sit
837 1712 851 1736 ,
881 1692 930 1723 se
959 1674 1081 1723 nihil
1100 1675 1295 1724 definire
1312 1713 1325 1736 ,
1356 1692 1463 1724 cum
1493 1694 1630 1726 voces
1659 1676 1808 1727 decli-

105 1753 294 1802 naverit
316 1753 455 1800 unius
475 1762 556 1799 aut
579 1751 775 1818 duplicis
788 1752 1095 1818 operationiS‚
1122 1760 1268 1817 patet,
1292 1752 1447 1818 ipsum
1467 1752 1670 1802 noluisse
1690 1754 1808 1818 dog-

103 1828 321 1875 maticam
351 1828 463 1876 dare
483 1828 801 1876 definitionem
816 1863 830 1889 ‚
855 1828 944 1875 etsi
973 1827 1335 1875 concederemus
1353 1864 1366 1888 ,
1392 1829 1675 1892 dogmaticas
1706 1839 1806 1880 esse

104 1907 200 1965 ejus
231 1904 447 1970 epistolas
466 1940 479 1965 ‚
508 1904 635 1969 quod
662 1904 740 1951 alii
775 1904 932 1951 forsan
963 1902 1091 1950 haud
1118 1903 1356 1951 immerito
1381 1904 1650 1952 inficiantur
1678 1905 1767 1971 (4).

170 1979 282 2026 782.
318 1981 437 2027 Cum
464 1981 605 2044 igitur
637 1997 696 2028 ex
717 1978 965 2040 omnibus,
992 1979 1073 2044 qui
1100 1978 1462 2041 incusabantur,
1499 1981 1802 2029 Pontificibus

105 2054 197 2102 duo
235 2064 316 2103 aut
351 2064 472 2116 treS‚
509 2056 764 2103 fatentibus
800 2056 912 2120 ipsis
943 2054 1250 2115 adversariis,
1283 2057 1551 2121 supersint,
1585 2058 1666 2122 qui
1695 2074 1802 2106 cum

103 2130 256 2197 aliqua
288 2132 390 2180 veri
417 2132 568 2196 specie
592 2131 643 2177 in
671 2131 984 2196 suspicionem
1011 2132 1174 2179 venire
1200 2131 1406 2196 possint,
1429 2140 1477 2179 et
1501 2132 1801 2198 exploratum

105 2206 192 2266 sit,
220 2224 374 2273 neque
395 2206 482 2256 hos
509 2207 632 2273 ipsos
649 2207 702 2255 in
723 2205 1034 2272 dogmaticum
1067 2223 1275 2255 errorem
1298 2206 1452 2273 lapsos
1474 2225 1597 2270 esse,
1630 2210 1799 2258 merito

160 2384 216 2436 (1)
244 2385 344 2426 Ibid.
367 2393 458 2425 tom.
478 2397 546 2436 111,
570 2386 643 2426 col.
673 2384 788 2427 1063.
981 2383 1183 2425 Garnerius
1199 2393 1236 2426 et
1256 2385 1427 2425 Baluzius
1449 2394 1651 2439 testantur,
1670 2388 1801 2428 nullus

160 2449 216 2501 (2)
245 2449 362 2501 Epist.-
385 2462 427 2490 n.
451 2451 551 2491 lbid.
578 2452 650 2490 col.
683 2450 798 2503 1354.
977 2452 1055 2504 jam
1078 2452 1154 2491 fere
1179 2454 1249 2501 sit,
1270 2454 1336 2506 qui
1351 2452 1516 2493 Honorio
1529 2453 1707 2495 haereseos
1723 2456 1796 2495 cri-

160 2514 216 2566 (3)
244 2514 357 2566 Epist.
378 2528 408 2554 1.
434 2515 532 2556 lbid.
558 2516 632 2555 col.
659 2517 779 2555 1322.
981 2528 1069 2556 meu
1102 2519 1273 2568 imputet.
1305 2517 1375 2557 Vel
1416 2521 1494 2571 ipse
1522 2518 1661 2560 Natalis
1692 2520 1800 2560 Alex.

162 2580 218 2632 (4)
247 2580 328 2620 Cfr.
347 2579 462 2620 Card.
475 2580 581 2631 Orsi,
597 2594 659 2633 op.
670 2582 734 2621 cit.
746 2578 804 2620 De
816 2581 916 2621 irre·
981 2580 1181 2632 gallicanus
1191 2584 1407 2632 acerrimus,
1433 2583 1519 2624 diss.
1532 2588 1629 2632 11,in
1640 2598 1713 2624 sec.
1725 2599 1800 2632 vn,

99 2645 322 2699 formabili,
339 2654 408 2686 etc.
421 2654 516 2685 tom.
530 2660 545 2685 1
556 2676 569 2695 ,
581 2654 680 2699 part.
696 2657 733 2699 1,
749 2659 831 2698 cap.
842 2658 913 2696 υ,
981 2658 1089 2699 prop.
1110 2648 1134 2687 3
1149 2676 1161 2695 ,
1185 2650 1330 2697 statuit,
1350 2647 1576 2689 Honorinum
1595 2650 1643 2688 ab
1659 2651 1798 2690 hoemi

104 2720 178 2753 art.
212 2725 236 2751 2
255 2740 268 2763 ,
305 2711 326 2765 §
357 2710 398 2752 5.
435 2711 610 2752 Attamen
646 2712 832 2751 Honorius
862 2720 918 2752 est
984 2719 1063 2750 tam
1083 2725 1167 2751 vere
1186 2716 1368 2752 excusari
1388 2727 1505 2767 qnam
1517 2715 1603 2768 pie,
1626 2715 1724 2768 Quid
1749 2716 1796 2755 do

101 2792 257 2832 magnus
269 2808 279 2828 ‚
292 2780 368 2817 imo
380 2779 511 2818 unicus
524 2778 789 2830 gallicanorum
797 2777 918 2817 Achil·
983 2779 1114 2818 ceteris
1131 2791 1227 2817 rom.
1239 2778 1479 2819 Pontificibus
1497 2781 1683 2830 dicemus,
1697 2794 1793 2834 quo-

99 2843 180 2896 les3
204 2844 401 2885 Bossuetus
418 2845 564 2896 lapsum
576 2841 737 2884 Honorii
752 2844 920 2882 maxime*
982 2855 1067 2881 tum
1097 2845 1281 2883 accusatio
1317 2844 1426 2899 longe
1458 2845 1657 2888 levioribus
1687 2859 1795 2899 argu-

103 2918 223 2962 urget.
247 2909 357 2950 Nunc
379 2923 464 2951 vero
489 2910 580 2950 adeo
601 2910 760 2963 eliquata
784 2923 840 2949 res
861 2914 917 2948 est
983 2911 1116 2950 mentis
1139 2911 1341 2952 innititur?

102 2976 261 3016 Honorii
273 2989 380 3016 causa
389 3004 403 3028 ,
423 2984 467 3017 ut
482 2984 611 3030 praeter
630 2975 822 3017 haereticos
832 3004 844 3026 ,
859 2975 915 3015 uti

168 3042 220 3089 T.
255 3040 373 3090 vm.
1534 3039 1596 3087 34
