2028 3354
314 226 443 257 PART.
481 229 508 255 1.
552 226 671 256 SECT.
712 227 761 255 11.
804 227 904 256 CAP.
944 227 1017 256 111.
1054 227 1107 256 nt:
1143 225 1246 257 NAT.
1288 228 1341 258 ET
1377 227 1473 257 JUR.
1513 227 1633 258 PmM.

1723 209 1815 258 427

120 341 284 387 Merito
300 340 468 387 idcirco
487 342 771 387 oeoumem'ei
792 341 1028 403 Episcopi
1054 341 1424 388 denominationi
1446 342 1628 389 fortiter
1650 342 1820 389 restitit

118 417 311 480 Magnus
342 418 586 481 Gregorius
626 417 683 463 ad
717 416 838 463 mala
870 417 1049 465 semina
1089 417 1372 465 suffocanda.
1413 418 1532 465 Cum
1568 435 1678 465 vero
1702 417 1821 465 illud

117 493 432 540 interdixisset
467 494 669 552 Joanni,
717 493 962 559 prudentis
1004 494 1278 542 oeconomiae
1315 495 1460 557 gratia
1505 493 1668 542 debuit
1707 512 1730 541 a
1770 511 1820 542 se

119 569 362 632 Gregorius
385 570 558 634 pariter
577 586 819 634 respuere,
843 571 1056 634 quamvis
1082 568 1300 627 fateatur,
1318 569 1406 616 sibi
1420 570 1538 617 illud
1556 579 1820 636 competere

109 648 214 707 jure
239 650 373 710 posse
392 647 480 710 (l).
508 648 719 705 Interim,
747 655 799 692 ut
827 645 1098 710 praeclarum
1125 644 1400 692 humilitatis
1419 646 1688 712 exemplum
1709 663 1820 713 prae-

113 719 247 768 beret
268 759 280 780 ,
311 731 427 769 teste
450 727 546 784 ejus
581 721 837 787 biographo
854 758 866 780 ,
891 738 986 768 sese
1010 721 1177 767 exinde
1208 721 1351 785 eoepit
1378 723 1424 768 S.
1452 724 1698 786 Gregorius
1718 725 1820 771 Ser-

114 814 227 844 vum
262 800 519 846 Servorzmz
552 802 651 847 Dei
675 814 944 862 nuncupare
973 797 1061 861 (2).

116 997 134 1020 a
160 983 329 1034 pluribus
351 986 503 1032 seculis,
519 992 576 1022 *ut
606 997 648 1021 ex
676 985 765 1021 actis
794 983 930 1022 Conci-

114 1051 248 1089 liorum
275 1058 311 1091 et
338 1052 467 1103 agendi
495 1053 636 1090 ratione
662 1050 931 1102 Episcoporum

114 1114 216 1154 illius
260 1117 352 1156 sedis
395 1118 619 1168 apertissime
657 1122 814 1154 constat.
851 1114 930 1154 Cfr.

114 1181 246 1233 Christ.
271 1182 421 1233 Lupus,
445 1184 482 1219 in
511 1180 677 1219 Scholsts
700 1183 745 1220 ad
780 1194 860 1219 can.
891 1182 931 1219 'ui

113 1246 227 1285 Cone.
276 1246 676 1299 Constantinopolitani
721 1247 740 1286 I
756 1277 766 1295 ,
809 1254 845 1286 et
882 1248 927 1286 ad

112 1326 196 1351 can.
225 1325 341 1352 xxvm
368 1313 485 1351 Cone.
509 1313 684 1352 Chalced.
714 1313 780 1352 ubi
805 1314 925 1351 ambi-

109 1379 218 1416 tionis
256 1379 407 1417 illorum
440 1380 637 1431 praesulum
672 1381 924 1432 principium,

109 1458 341 1497 progressum
357 1459 400 1483 ao
414 1446 601 1484 funestum
620 1447 768 1485 tandem
787 1448 924 1485 exitum

109 1512 274 1561 exponit.

164 1576 219 1624 (l)
251 1575 398 1613 Etenim
427 1576 466 1615 S.
491 1575 708 1629 Gregorius,
732 1579 835 1630 epist.
861 1580 924 1617 cit.

110 1652 197 1679 xvm
223 1654 266 1678 ex
288 1641 354 1678 lib.
383 1656 430 1689 v,
465 1650 589 1693 aperte
610 1643 737 1681 scribit
761 1657 772 1682 :
797 1643 923 1681 Num-

111 1705 207 1757 quid
228 1719 328 1754 non,
348 1708 448 1744 siout
469 1714 593 1746 vestra
608 1709 837 1759 fraternitas
849 1723 924 1747 no-

112 1772 189 1819 vit,
217 1785 292 1823 per
328 1774 590 1811 venerandum
625 1773 926 1813 chalcedonense

114 1835 331 1875 Concilium
350 1837 466 1889 hujus
479 1839 517 1876 A
514 1839 706 1891 postoliooe
716 1839 833 1880 Sedis
843 1842 925 1880 An-

110 1903 251 1940 tistites
265 1933 275 1949 ,
302 1905 368 1941 cui
379 1902 460 1943 Deo
482 1905 705 1957 disponente
727 1907 896 1945 deservio
911 1938 921 1955 ‚

110 1967 343 2006 universales
361 1971 483 2009 oblato
499 1970 639 2010 honore
654 1973 780 2011 vocati
797 1981 888 2011 sunt
896 1974 924 2011 ,Ρ

109 2031 190 2072 Sed
214 2040 340 2074 tamen
359 2037 489 2074 nullus
513 2052 683 2090 unquam
715 2038 785 2077 tali
807 2053 920 2078 voea-

109 2099 197 2137 bulo
216 2100 407 2154 appellari
429 2102 571 2151 voluit,
600 2104 731 2143 nullus
755 2105 833 2143 sibi
854 2105 923 2145 hoo

105 2169 348 2204 temerarium
368 2181 505 2207 nomen
529 2170 701 2220 arripuit
713 2187 726 2216 ;
746 2184 814 2218 ne,
831 2173 924 2210 siin

102 2232 353 2281 pontificatus
375 2235 501 2285 qradu
525 2235 690 2286 9Ioriam
713 2236 922 2288 sinqulari-

997 991 1049 1022 tet
1073 998 1116 1022 ex
1140 986 1242 1035 epist.
1274 999 1345 1032 xx,
1377 984 1448 1024 lib.
1483 1001 1515 1024 v.
1547 992 1590 1024 2⁰
1625 986 1716 1026 Rem
1750 987 1819 1027 hoe

997 1048 1106 1088 titulo
1135 1050 1380 1101 significatam
1404 1065 1500 1091 rom.
1529 1052 1706 1092 Pontifici
1729 1067 1819 1093 eon-

999 1123 1136 1154 stanter
1159 1118 1237 1168 ipse
1257 1117 1420 1156 vindieat
1436 1147 1447 1165 ‚
1476 1118 1567 1157 dum
1587 1127 1694 1158 vocat
1718 1133 1815 1160 rom.

1001 1179 1219 1220 Pontificem
1239 1188 1356 1234 caput
1377 1182 1501 1234 fidei,
1532 1197 1579 1223 ex
1604 1198 1677 1236 quo
1700 1200 1818 1225 mem-

995 1246 1149 1285 brorum
1180 1254 1303 1285 status
1330 1249 1478 1300 inteqer
1508 1257 1638 1289 manet
1655 1281 1665 1299 ‚
1702 1255 1746 1290 ut
1776 1254 1818 1291 in

994 1314 1103 1365 epist.
1121 1327 1249 1353 xxxvii
1262 1344 1271 1362 ‚
1296 1316 1365 1356 lib.
1386 1330 1473 1367 ²¹¹¹3
1493 1318 1586 1356 dum
1602 1326 1814 1366 potestatem

994 1394 1031 1418 se
1052 1394 1218 1420 exercere
1242 1382 1438 1433 profitetur
1454 1412 1464 1431 ,
1495 1386 1607 1422 etiam
1630 1386 1670 1423 in
1691 1387 1815 1424 orien-

992 1447 1081 1486 tales
1104 1447 1302 1500 Episeopos
1328 1449 1512 1502 subjectos
1546 1449 1628 1489 aliis
1660 1453 1814 1503 patriar-

991 1514 1070 1552 chis
1084 1543 1098 1563 7
1128 1523 1170 1552 ut
1187 1515 1305 1568 liquet
1325 1531 1367 1554 ex
1389 1518 1499 1568 epist.
1528 1531 1613 1555 LXVI
1629 1548 1640 1566 ,
1663 1519 1732 1558 lib.
1753 1533 1813 1570 v1;

992 1580 1083 1619 dum
1105 1580 1278 1631 affirmat,
1305 1597 1325 1621 a
1347 1597 1442 1622 rom.
1462 1584 1641 1623 Pontifice
1666 1599 1812 1625 eausam

991 1648 1216 1697 primatuum
1265 1648 1445 1700 judicari,
1494 1652 1548 1689 uti
1585 1659 1729 1690 constat
1769 1667 1813 1692 ex

991 1715 1100 1764 epist.
1129 1726 1206 1761 ux,
1227 1714 1296 1752 lib.
1320 1729 1356 1754 ix
1374 1729 1385 1767 3
1409 1716 1499 1754 dum
1521 1718 1592 1755 sibi
1608 1719 1736 1758 tribuit
1750 1721 1812 1772 jus

992 1778 1148 1817 aliorum
1178 1780 1447 1833 Episcoporum
1478 1785 1699 1823 retractandi
1726 1799 1811 1824 sen-

990 1847 1123 1883 tentias
1141 1875 1151 1894 ,
1175 1855 1217 1884 ut
1238 1848 1278 1884 in
1302 1849 1408 1899 epist.
1433 1862 1523 1886 xxlx
1537 1879 1547 1897 ,
1564 1849 1633 1887 lib.
1648 1864 1695 1901 κς
1718 1851 1810 1890 dum

989 1924 1082 1949 rom.
1114 1911 1330 1950 Pontificem
1379 1912 1584 1953 Universis
1619 1915 1810 1955 Ecclesiis

988 1988 1122 2014 curam
1158 1972 1375 2030 impendere
1416 1980 1599 2030 affirmat3
1631 1983 1722 2022 dum
1752 1983 1808 2021 lo-

989 2057 1107 2095 quens
1117 2043 1162 2081 de
1172 2058 1323 2083 romana
1337 2045 1449 2093 Sede,
1465 2048 1537 2086 ait:
1550 2047 1704 2097 Nescio,
1720 2051 1809 2099 quis

988 2110 1027 2147 ei
1049 2109 1269 2164 Episcopus
1293 2112 1488 2165 subjectus
1511 2126 1590 2152 non
1609 2115 1685 2163 sit,
1708 2122 1750 2153 ut
1765 2117 1807 2155 in

988 2178 1095 2227 epist.
1124 2190 1209 2227 mx,
1240 2178 1311 2217 lib.
1344 2193 1411 2226 ix,
1438 2184 1510 2218 ete.
1539 2188 1610 2218 etc.
1645 2179 1725 2221 Cfr.
1750 2180 1808 2221 De

987 2241 1227 2282 Simeonibus
1243 2274 1252 2290 ‚
1279 2258 1340 2296 op.
1368 2247 1429 2283 cit.
1450 2244 1515 2283 De
1539 2258 1636 2284 rom.
1665 2246 1806 2285 Ponti-

107 2296 197 2332 tatis
222 2298 406 2349 arriperet
422 2332 432 2349 ,
460 2300 562 2339 hanc
586 2302 768 2341 omnibus
786 2303 924 2354 fratri-
980 2308 1296 2361 ficisjudiciaria
1316 2317 1496 2362 potestate
1512 2341 1522 2359 ‚
1547 2324 1626 2362 cap.
1642 2309 1691 2362 4,
1717 2310 1774 2364 §2
1791 2342 1802 2361 ‚

107 2360 179 2399 bus
208 2362 407 2415 deneqasse
444 2368 651 2407 videretur.
685 2370 823 2408 Eadem
848 2371 922 2410 sere

104 2430 234 2480 repetit
259 2431 351 2469 ibid.
383 2448 442 2485 ep.
470 2449 570 2476 xmn.
603 2435 660 2475 En
700 2452 774 2490 quo
809 2451 921 2476 sensu

103 2503 250 2533 sanctus
265 2495 433 2537 Pontifex
456 2503 635 2552 respuerit
652 2503 836 2554 ejusmodi
854 2504 922 2542 de-

102 2563 418 2611 nominationem,
432 2572 468 2603 et
485 2567 669 2617 quoillam
687 2582 795 2607 sensu
809 2577 923 2608 teme-

101 2628 234 2665 rariam
259 2642 302 2666 ac
317 2629 511 2680 profanam
526 2631 679 2678 dixerit,
702 2634 750 2672 ob
765 2648 921 2685 pravum

101 2692 238 2732 scilieet
268 2709 414 2732 sensum
460 2710 534 2748 quo
565 2701 732 2749 usurpari
765 2707 923 2750 poterat.

102 2758 270 2798 Ceterum
299 2764 336 2798 1⁰
358 2763 506 2800 titulum
531 2762 633 2801 hunc
652 2777 716 2815 per
740 2778 777 2802 se
794 2792 805 2813 ‚
830 2780 922 2818 qua-

101 2835 208 2865 tenus
221 2824 365 2864 oblatus
380 2834 434 2865 est
446 2842 465 2865 a
479 2826 594 2867 Cone.
611 2827 918 2880 chalcedonensi,

101 2902 163 2927 seu
187 2892 307 2941 potius
334 2894 373 2930 in
402 2893 536 2933 libellis
565 2895 821 2946 supplicibus,
855 2900 921 2951 qui

100 2952 255 2995 Actione
286 2970 328 2996 111
366 2960 466 2999 illins
498 2959 656 3000 Concilii
683 2962 766 3001 lecti
804 2973 918 3013 sunt,

102 3035 178 3060 non
207 3023 441 3078 reprehendit
465 3026 504 3066 S.
536 3028 731 3080 Gregorius
753 3060 763 3079 ,
788 3038 830 3069 ut
854 3045 921 3083 pa·-

987 2383 1023 2413 et
1039 2374 1124 2414 Nat.
1149 2377 1253 2415 Alex.
1281 2376 1369 2415 diss.
1393 2375 1440 2427 4,
1457 2380 1497 2416 in
1513 2378 1625 2417 secul.
1649 2391 1677 2416 1.

1042 2441 1092 2492 (2)
1123 2441 1231 2493 Apud
1265 2441 1432 2482 Bolland.
1465 2451 1556 2482 tom.
1584 2457 1636 2491 11,
1669 2445 1807 2483 mensis

987 2504 1110 2545 Martii
1128 2537 1138 2554 ‚
1162 2510 1200 2546 in
1226 2508 1269 2547 V
1266 2509 1321 2546 ita
1339 2524 1359 2548 a
1376 2509 1521 2549 Joanne
1535 2509 1701 2550 Diacono
1716 2523 1805 2549 eon-

986 2574 1141 2625 scripta,
1169 2574 1236 2612 lib.
1264 2587 1316 2622 n,
1348 2588 1430 2627 cap.
1459 2588 1494 2614 ι.
1515 2576 1572 2614 Ex
1597 2576 1668 2614 hae
1695 2589 1803 2628 porro

986 2639 1057 2676 vita
1081 2652 1157 2677 non
1182 2653 1286 2679 secus
1313 2653 1356 2678 ae
1383 2654 1432 2680 ex
1457 2640 1540 2689 illa,
1560 2655 1674 2693 quam
1693 2640 1802 2680 ador-

985 2712 1121 2742 narunt
1140 2705 1299 2744 Maurini
1323 2706 1478 2745 editores
1492 2736 1502 2752 ‚
1532 2721 1618 2759 opp.
1634 2715 1726 2745 tom.
1741 2720 1800 2754 lv,

985 2784 1027 2808 ex
1055 2774 1197 2823 seriptis
1226 2771 1266 2812 S.
1294 2771 1487 2825 Gregorii,
1521 2780 1644 2825 patet,
1673 2781 1800 2813 utrum

987 2838 1103 2888 reipsa
1118 2838 1181 2876 hie
1195 2838 1236 2878 S.
1251 2839 1419 2879 Pontii'ex
1432 2840 1686 2878 auctoritatem
1699 2852 1802 2879 exer-

985 2904 1098 2941 cuerit
1120 2917 1240 2943 neene
1265 2906 1304 2942 in
1330 2904 1530 2944 Ecclesiam
1557 2907 1766 2947 universam
1785 2932 1797 2951 ,

985 2969 1200 3010 orientalem
1219 2977 1254 3009 et
1274 2970 1555 3011 occidentalem.
