2028 3354
226 194 324 243 238

719 208 877 238 TRAGT.
912 208 967 238 DE
1002 209 1117 241 mols
1151 210 1449 241 THEOLOGICIS.

229 326 285 374 2⁰
308 324 517 374 Christus
540 320 765 387 praeterea
796 338 1041 386 nunquam
1071 322 1275 387 alligavit
1297 323 1530 388 religionis
1555 337 1646 370 suae
1671 323 1915 370 essentiam

229 401 364 450 alicui
397 399 589 456 formae3
635 396 718 444 sed
752 414 855 445 eam
889 398 1024 470 unice
1054 400 1292 447 constituit
1318 401 1369 447 in
1405 417 1562 447 amore
1591 408 1638 447 et
1660 399 1914 458 charitate,

230 493 335 543 quae
362 472 620 522 dummodo
644 481 766 520 sarta
792 481 912 521 tecta
932 481 1148 521 teneatur
1164 510 1176 532 ,
1202 492 1503 541 quaecumque
1523 475 1716 523 demum
1737 476 1796 523 sit
1812 492 1920 524 ver-

229 553 400 600 borum
430 550 609 608 forma,
646 567 737 614 qua
773 550 1087 597 enuncientur
1116 549 1227 602 fidei
1263 550 1476 613 dogmata
1494 588 1507 605 „
1534 551 1731 616 perinde
1761 560 1832 598 est
1862 551 1922 598 ad

231 627 467 694 religionis
505 625 817 673 substantiam
841 626 1014 689 (1).30
1044 626 1180 684 Quod
1207 627 1242 673 si
1271 627 1536 674 exoriantur
1566 622 1920 690 controversiae,

231 704 544 753 transactione
566 702 713 751 veluti
742 702 945 767 quadam
976 703 1117 767 sopiri
1144 710 1342 768 possunt
1374 704 1609 750 communi
1642 704 1832 750 consilio
1863 702 1922 749 ad

231 799 392 849 pacem
410 780 462 827 in
475 779 690 827 societate
709 777 961 827 fovendam
985 787 1033 826 et
1046 778 1205 826 adhoc
1219 777 1340 842 adigi
1354 776 1676 825 dissentientes
1689 788 1887 844 possunt
1907 815 1920 837 7

233 857 446 925 quamvis
466 856 517 903 in
536 855 726 922 propria
745 855 938 902 interius
971 855 1202 902 sententia
1231 863 1544 920 permaneant
1562 855 1650 918 (2)
1680 855 1733 901 40
1754 857 1926 902 Contra

234 953 348 986 vero
374 933 689 1001 perniciosum
715 940 786 980 est
807 931 895 979 hoc
919 930 1262 979 infallibilitatis
1290 941 1488 994 systema
1509 951 1521 991 ς
1545 931 1643 978 sive
1674 931 1782 996 quia
1802 931 1929 979 fovet

236 1012 539 1060 fanatismum
567 1026 620 1056 ac
645 1007 993 1056 intolerantiam
1009 1044 1022 1063 2
1060 1024 1160 1072 quae
1189 1025 1285 1054 non
1312 1007 1499 1054 aliunde
1530 1016 1640 1054 nata
1664 1015 1763 1065 est,
1788 1023 1929 1071 quam

237 1106 296 1137 ex
320 1086 558 1154 supposita
585 1083 812 1149 ejusmodi
832 1084 1161 1149 praerogativa3
1192 1084 1243 1129 5⁰
1264 1085 1360 1132 sive
1393 1084 1500 1147 quia
1532 1084 1660 1130 fovet
1687 1083 1930 1143 inertiam,

237 1175 286 1214 et
311 1163 543 1227 extinguit
570 1178 710 1209 omne
742 1159 1016 1227 proficiendi
1040 1160 1089 1206 in
1113 1160 1315 1207 scientiis
1344 1157 1575 1217 colendis7
1603 1159 1781 1222 exegesi
1809 1174 1931 1223 prae-

239 1242 402 1290 sertim
431 1239 599 1287 biblica
624 1237 945 1305 promovenda
963 1273 974 1293 ,
998 1236 1223 1283 studium.
1253 1237 1305 1282 60
1325 1237 1468 1283 Porro
1486 1234 1696 1281 studium
1724 1235 1931 1283 veritatis

239 1317 376 1365 altius
410 1315 687 1379 indagandae
723 1323 771 1363 et
799 1313 967 1361 rectius
1001 1312 1328 1377 cognoscendae
1346 1347 1358 1371 ,
1386 1310 1511 1376 quod
1536 1311 1772 1375 Scriptura
1805 1326 1930 1356 sacra

240 1393 375 1444 valde
397 1391 695 1440 commendat
718 1392 872 1454 (Joan
893 1391 956 1448 V,
978 1388 1065 1447 393
1103 1389 1204 1436 VIII
1227 1422 1241 1448 .,
1265 1389 1359 1446 223
1394 1387 1446 1447 Ι,
1476 1388 1613 1433 Joan.
1645 1386 1735 1446 IV,
1760 1385 1806 1444 13
1833 1385 1851 1431 1
1872 1383 1933 1431 ad

242 1472 350 1518 Cor.
383 1470 455 1529 X,
481 1468 569 1527 153
603 1467 705 1515 Iad
733 1466 892 1514 Thess.
923 1466 988 1525 V,
1017 1465 1077 1511 21
1112 1465 1156 1528 )‚
1189 1481 1213 1510 a
1244 1466 1340 1511 Deo
1374 1462 1475 1525 ipso
1505 1462 1654 1509 menti
1679 1461 1897 1507 humanae
1917 1495 1930 1518 ,

300 1689 358 1746 (l)
386 1688 475 1728 Tale
488 1695 542 1726 est
554 1693 707 1739 systema
729 1684 830 1737 quod
848 1682 947 1734 apud
974 1683 1058 1734 plu-

245 1774 302 1798 res
326 1763 564 1811 protestantes
586 1753 699 1792 modo
720 1759 916 1804 grassatur.
938 1748 1056 1788 Purus

246 1838 353 1864 amor
378 1836 461 1873 erga
486 1820 608 1858 Deum
626 1847 637 1866 ‚
655 1816 764 1855 aiunt
784 1818 852 1867 ipsi
870 1844 880 1863 ,
910 1816 949 1853 in
968 1828 1057 1865 ope-

248 1891 391 1929 ratione
410 1888 525 1925 activa
545 1892 597 1923 est
621 1886 730 1921 unica
754 1881 895 1932 religio·
920 1879 1059 1919 Eadem

250 1957 389 1994 ratione
409 1981 422 2002 ‚
458 1964 529 2003 qua
561 1963 638 1987 non
673 1955 727 1987 est
750 1948 821 1985 nisi
841 1960 937 1984 unus
959 1944 1059 1984 Deus

249 2023 290 2059 in
306 2021 487 2058 immenso
517 2015 590 2053 hoc
616 2015 791 2052 universo
813 2041 824 2060 ‚
852 2012 902 2049 ita
930 2010 1059 2063 religio

251 2087 379 2128 eadem
415 2084 554 2135 ubique
591 2095 667 2120 esse
702 2080 840 2127 debet,
880 2079 1060 2131 quoniam

252 2167 339 2192 vero
358 2151 459 2190 Deus
473 2157 528 2187 est
546 2161 659 2199 purus
674 2145 922 2185 substantialis
941 2157 1059 2191 amor,

253 2218 381 2270 religio
410 2216 545 2268 pariter
574 2226 676 2252 amor
707 2225 784 2250 esse
823 2210 955 2257 debet,
986 2223 1062 2247 non

254 2287 374 2324 solum
390 2285 429 2322 in
444 2286 552 2328 terra,
570 2279 631 2318 sed
642 2286 677 2317 et
690 2280 729 2316 in
746 2276 849 2316 coelo.
867 2275 908 2313 In
921 2275 1062 2314 mundo

255 2350 387 2389 actuali
414 2361 517 2386 amor
542 2360 655 2398 purus
682 2358 764 2395 erga
791 2341 914 2382 Deum
942 2342 1062 2379 officia

256 2418 380 2454 omnia
393 2414 568 2467 producit
592 2413 734 2464 pietatis
747 2438 760 2459 ,
773 2418 852 2448 'tam
873 2411 914 2447 in
937 2408 1062 2447 divina

257 2481 447 2520 voluntate
482 2477 648 2517 facienda
677 2506 687 2523 ‚
723 2489 834 2528 quam
876 2476 915 2511 in
948 2475 1061 2512 animi

258 2546 547 2585 conformatione
580 2542 625 2581 ad
649 2544 797 2593 ipsam3
832 2541 919 2578 item
948 2554 1061 2591 purus

259 2625 361 2650 amor
383 2622 466 2660 erga
489 2623 545 2647 res
567 2615 702 2646 creatas
737 2604 898 2658 cujusvis
923 2605 1062 2644 ordinis

260 2684 297 2716 et
316 2674 449 2728 gradus
474 2673 592 2729 officia
608 2674 692 2710 vitae
712 2672 910 2722 respectiva
943 2685 985 2709 ac
1005 2684 1064 2709 so·-

262 2742 370 2781 cialia
396 2740 528 2792 gignit.
553 2737 640 2776 Haec
658 2745 709 2776 est
731 2735 829 2775 basis
853 2749 896 2774 ac
930 2736 1065 2775 funda-

263 2814 429 2847 mentum
452 2804 587 2843 ethices
609 2803 826 2855 evangelicae
851 2803 890 2839 in
918 2804 1010 2840 mira
1025 2814 1068 2840 ac

266 2874 363 2912 varia
391 2869 665 2924 pulchritudine
687 2877 722 2908 et
754 2867 964 2907 excellentia
988 2881 1067 2906 sua.

265 2937 389 2978 Semel
399 2949 441 2975 ac
458 2934 682 2988 per-‘amabile
697 2934 768 2973 hoc
789 2935 1013 2986 principium
1029 2934 1070 2971 in

275 3005 397 3042 animo
423 3001 561 3041 radices
587 3002 719 3053 egerit,
747 2998 982 3039 habitudines
1000 3012 1071 3037 no-

1124 1691 1240 1730 stras,
1270 1694 1378 1734 opera
1404 1694 1447 1720 ac
1473 1681 1582 1720 verba
1619 1681 1720 1719 ducit
1752 1693 1794 1718 ac
1822 1680 1934 1730 regit3

1125 1750 1154 1787 si
1168 1763 1252 1787 vero
1266 1748 1453 1796 defecerit,
1469 1761 1544 1785 non
1559 1753 1720 1798 superest
1730 1747 1802 1783 nisi
1816 1758 1934 1782 unum

1127 1828 1289 1861 nomen,
1324 1827 1414 1864 pura
1443 1820 1530 1863 puta
1570 1812 1685 1850 forma
1714 1818 1748 1849 et
1782 1812 1936 1848 exterior

1127 1879 1301 1930 professio
1326 1891 1337 1917 ι
1364 1879 1432 1930 qui
1458 1877 1610 1930 quidem
1628 1884 1742 1915 status
1763 1883 1814 1914 est
1831 1883 1935 1913 tene-

1127 1944 1278 1995 brarum
1300 1974 1310 1991 ‚
1337 1945 1474 1994 peccati
1499 1956 1541 1980 ac
1567 1943 1708 1980 mortis.
1727 1941 1858 1979 Forma
1881 1954 1937 1978 as—

1129 2010 1281 2048 similari
1296 2016 1414 2060 potest
1433 2009 1574 2059 corpori
1588 2007 1752 2045 humano
1770 2005 1935 2056 pulchri-

1130 2075 1258 2113 tudine
1278 2074 1454 2126 praedit03
1479 2073 1543 2112 sed
1566 2086 1669 2111 amor
1692 2074 1732 2109 in
1751 2070 1871 2108 Deum
1885 2077 1938 2108 est

1130 2143 1268 2188 anima,
1279 2153 1360 2193 quae
1371 2146 1492 2178 totum
1504 2139 1693 2177 informat.
1704 2135 1831 2185 Dolor,
1845 2135 1937 2174 fides
1973 2170 1975 2172 ,

1130 2216 1166 2246 et
1205 2209 1316 2245 oratio
1343 2204 1498 2243 totidem
1535 2204 1656 2242 media
1691 2211 1776 2241 sunt
1802 2216 1821 2240 a
1859 2201 1937 2240 Deo

1130 2273 1242 2311 electa
1256 2273 1302 2311 ad
1326 2270 1597 2323 perducendam
1621 2271 1785 2307 animam
1801 2269 1839 2305 in
1864 2271 1938 2305 sta-

1130 2346 1211 2376 tum
1223 2339 1451 2389 religiosum3
1467 2344 1519 2374 ast
1529 2349 1632 2373 amor
1648 2343 1699 2374 est
1713 2334 1811 2382 finis,
1824 2345 1937 2385 quem

1130 2404 1236 2442 nobis
1260 2416 1465 2456 proponere
1495 2401 1673 2440 debemus
1703 2401 1744 2438 in
1769 2399 1936 2438 exercitio

1129 2471 1284 2508 istorum
1322 2468 1552 2520 aliorumque
1583 2465 1768 2519 ejusmodi
1798 2463 1936 2503 officio-

1130 2549 1229 2573 rum.
1256 2535 1321 2575 Ille
1344 2534 1488 2586 sapiens
1513 2540 1587 2580 est,
1613 2533 1679 2584 qui
1702 2541 1892 2580 nunquam
1913 2540 1935 2565 a

1129 2601 1205 2639 fine
1237 2603 1277 2639 in
1313 2613 1384 2639 usu
1420 2598 1625 2637 mediorum
1654 2594 1934 2634 necessariorum

1132 2668 1300 2717 aberrat,
1323 2675 1392 2706 etc.

1189 2733 1241 2785 (2)
1280 2734 1337 2772 Ita
1370 2731 1593 2771 Boehmerus
1618 2756 1628 2775 ‚
1667 2739 1707 2764 ex
1752 2724 1934 2762 sententia

1135 2800 1414 2853 protestantium
1439 2825 1451 2844 ‚
1489 2797 1529 2833 in
1555 2794 1652 2832 Iure
1689 2787 1936 2827 ecclesiastico

1132 2868 1356 2918 protestant.
1375 2861 1474 2900 Halae
1499 2854 1600 2911 1714
1610 2883 1623 2905 ,
1647 2862 1742 2894 tom.
1761 2868 1774 2892 1
1788 2884 1798 2902 ‚
1818 2854 1886 2893 lib.
1905 2867 1936 2898 ι,

1138 2932 1195 2971 tit,
1222 2944 1235 2969 1
1261 2960 1272 2977 ‚
1308 2927 1370 2966 De
1398 2935 1548 2963 summa
1586 2921 1781 2960 Trinitate
1808 2926 1844 2958 et
1864 2918 1940 2970 fide

1136 2995 1320 3036 catholica
1332 3022 1342 3042 ,
1371 2990 1393 3043 §
1414 2988 1478 3029 16·
