2028 3354
207 184 301 233 308

678 202 839 233 ‘numu
879 203 933 231 DE
968 203 1087 234 Locis
1121 205 1421 237 THEOLOGICIS·

270 316 381 364 458,
422 314 491 362 Ad
522 314 618 374 4111,
661 314 779 377 Neq.
818 315 937 361 Nam
965 315 1054 362 hoc
1081 318 1181 381 ipso
1213 321 1337 384 quod
1357 319 1696 383 jurisdictionis
1723 321 1900 385 prima-

206 404 309 441 tum
334 391 542 439 Christus
561 392 700 437 Petro
720 390 943 449 eontulit„
975 393 1016 437 is
1039 390 1199 439 debuit
1215 430 1227 453 7
1271 405 1324 442 ut
1348 396 1501 444 verbis
1523 397 1746 445 Bossuetii
1765 406 1869 444 utar
1887 433 1899 456 ,

204 485 350 532 super
377 483 537 513 omnes
567 469 672 513 sine
700 470 996 513 restrictione
1022 466 1092 532 (l)
1125 471 1445 519 auctoritatem
1470 472 1670 532 habere3
1709 490 1905 538 eamque

207 559 422 592 exercere
444 542 673 607 potuisset
688 577 700 600 ‚
723 542 759 589 si
784 560 901 608 opus
924 553 1072 602 esset;
1094 553 1142 591 et
1158 545 1310 610 reipsa
1335 549 1562 609 exercuit,
1595 548 1710 595 dum
1734 550 1905 614 scripta

205 619 335 667 Pauli
362 618 606 684 probavit,
632 628 680 665 et
710 618 796 666 alia
823 621 989 682 gessia,
1021 637 1124 684 quae
1158 621 1207 667 in
1240 621 1589 685 probationibus
1617 642 1907 672 commemo-

203 698 410 745 ravimus
427 730 439 754 ,
464 711 660 759 quaeque
677 695 777 759 ipsa
794 695 860 742 rei
889 704 1056 742 natura
1076 697 1299 761 postulat.
1331 698 1560 747 Primatus
1581 702 1707 748 enim
1734 710 1780 749 et
1798 700 1905 747 sub-

197 773 339 835 Jectio
376 779 487 818 sunt
535 770 647 819 ideae
684 769 920 831 relativae„
964 788 1050 818 nec
1085 789 1178 819 una
1208 775 1306 821 sine
1339 774 1486 822 altera
1519 777 1700 840 concipi
1729 786 1901 842 potest.

204 847 341 906 Quod
372 848 413 894 vsi
437 848 601 893 Petrus
644 847 743 894 vim
774 848 1028 896 coactivam
1052 848 1103 894 in
1138 850 1382 914 Apostolos
1416 868 1514 898 non
1542 852 1772 912 exercuit,
1802 853 1906 900 ideo

206 933 275 971 est
291 960 303 984 ,
333 924 441 988 quia
464 923 552 970 hac
576 922 623 970 vi
647 923 857 987 Apostoli
876 939 973 971 non
997 924 1273 988 indigebant
1293 925 1380 991 (2).

197 1086 304 1126 pour
324 1072 357 1111 le
362 1084 580 1125 procureur
590 1070 683 1109 dela
697 1084 791 1110 cour
803 1070 1031 1110 ecclesiasti-

205 1152 277 1190 que
298 1138 344 1175 de
370 1137 545 1175 Malines
560 1166 573 1186 7
596 1143 822 1175 accusateur
846 1144 883 1174 et
899 1138 1028 1189 partie

204 1211 332 1243 contre
356 1203 388 1241 le
410 1206 467 1242 P.
499 1202 669 1255 Quo-<mel
686 1234 696 1252 ,
721 1217 808 1242 cum
838 1217 1026 1242 accusare-

203 1278 367 1316 tur‚-eo
391 1269 492 1321 quod
517 1271 558 1306 in
583 1269 654 1307 alio
681 1282 790 1321 opere
811 1269 853 1307 S.
878 1268 1026 1308 Petrum

206 1343 240 1373 et
261 1333 302 1374 S.
327 1333 489 1373 Paulum
515 1334 589 1372 duo
611 1334 783 1373 Ecclesiae
801 1336 919 1386 capita
934 1347 1027 1372 con-

209 1402 365 1439 stituens
384 1429 396 1447 ‚
419 1400 672 1451 reproduxisse
698 1402 796 1439 visus
828 1408 923 1438 esset
945 1413 1028 1451 pro-

207 1468 429 1518 positionem
438 1466 660 1504 damnatam
679 1495 689 1512 ‚
704 1473 746 1504 ut
759 1467 1027 1504 accusationem

206 1532 384 1578 dilueret,
410 1544 491 1582 pag.
513 1543 583 1584 92,
601 1531 728 1569 scribit
747 1560 758 1578 ,
778 1544 863 1568 eum
884 1538 1028 1569 tantum

207 1599 246 1635 in
261 1597 478 1635 damnatam
493 1596 627 1635 thesim
648 1595 837 1635 incurrere
854 1625 865 1643 ,
881 1598 945 1649 qui
961 1597 1027 1635 ad-

207 1665 366 1701 mitteret
398 1665 496 1702 ‘inter
521 1662 670 1700 Petrum
697 1670 735 1700 et
759 1660 919 1701 Paulum
950 1675 1029 1700 om-

207 1729 408 1768 nimodam
430 1727 684 1780 «equalitatem
716 1728 799 1765 sine
827 1727 907 1765 nlla
938 1726 1026 1765 sub-

207 1795 449 1834 ordinatione
487 1793 540 1832 ad
578 1791 625 1833 S.
673 1793 834 1831 Petrum
852 1824 861 1839 ‚
907 1802 947 1832 ut
987 1793 1026 1832 in

210 1861 359 1899 decreto
384 1860 598 1910 explicatur.
635 1857 832 1897 Profitetur
864 1866 987 1897 autem
1014 1888 1024 1906 ‚

205 1940 287 1978 pag.
307 1924 362 1978 94
379 1954 389 1971 ‚
409 1938 447 1962 se
475 1925 639 1962 alienum
668 1925 715 1962 ab
738 1924 808 1962 hac
828 1926 1023 1971 sententia,

206 2005 292 2030 cum
322 1989 364 2029 S.
389 1989 508 2028 Paulo
541 2002 736 2041 nunquam
761 1990 930 2029 tribuerit
954 1993 1026 2041 pri-

208 2065 350 2096 matum
364 2056 606 2096 universalem
621 2087 632 2104 ,
654 2056 801 2109 qualem
816 2059 882 2095 uni
899 2056 938 2095 S.
960 2057 1027 2095 Pe-

208 2131 264 2161 tro
281 2122 520 2161 asserendum
534 2135 611 2160 non
627 2121 789 2161 dubitat.
812 2122 954 2161 Eadem
972 2123 1027 2161 fa-

205 2196 305 2227 tetur
327 2188 381 2228 Μ.
406 2187 589 2226 Antonius
607 2187 653 2226 de
675 2187 862 2234 Dominis,
883 2188 951 2227 lib.
972 2202 1020 2236 vr,

208 2271 249 2295 n.
286 2268 308 2293 2
323 2284 333 2301 ‚
351 2255 514 2294 scribens
541 2269 549 2291 :
571 2252 657 2292 Hic
666 2255 758 2307 jam
786 2268 854 2292 nos
875 2257 1029 2294 romani

205 2322 335 2359 sistere
357 2320 520 2358 solemus
536 2349 547 2368 ,
573 2327 609 2357 et
632 2320 756 2358 dicere
775 2350 785 2367 ,
817 2319 979 2358 Petrum
1002 2334 1027 2359 a

208 2386 376 2427 Domino
399 2387 600 2438 deniqnari
613 2400 688 2438 pro
699 2386 953 2437 fundamento
972 2393 1027 2424 to-

208 2454 287 2490 tius
298 2451 478 2490 Ecclesiae
493 2482 503 2500 ‚
521 2465 607 2504 quoe
624 2451 730 2489 debet
741 2451 863 2489 eidem
878 2452 999 2489 inuiti
1015 2483 1027 2498 ,

208 2517 528 2570 quemadmodum
578 2516 787 2567 oedificium
841 2517 1029 2556 inm'titur

203 2582 455 2635 fundamento
467 2595 482 2632 ‚⁶
503 2584 568 2635 qui
581 2590 706 2620 tamen
728 2581 838 2633 paulo
860 2591 942 2632 post
960 2583 1028 2621 ob-

210 2652 313 2689 vium
340 2649 443 2687 hunc
474 2662 624 2688 sensum
661 2648 809 2688 eludere
844 2658 1023 2697 conatur,

210 2718 264 2754 uti
292 2714 516 2754 videbimus.

264 2780 315 2831 (l)
345 2778 385 2817 ln
404 2793 514 2817 serm.
537 2779 583 2817 ad
599 2777 760 2817 Comitia
782 2778 868 2817 cleri
887 2779 1019 2819 Gallie.

208 2846 352 2884 Parisiis
369 2844 496 2883 habito
514 2857 576 2883 an.
605 2842 722 2883 1681.

261 2910 317 2962 (2)
348 2909 524 2962 Apposite
546 2909 659 2948 Card.
684 2909 735 2948 du
760 2908 899 2947 Perron
913 2938 923 2956 ‚
946 2910 1020 2948 Re-

204 2976 335 3030 plique
349 2989 402 3014 au
419 2976 481 3014 roi
503 2975 548 3013 de
566 2975 605 3015 la
631 2973 1018 3026 Grande-Breman

1094 1074 1152 1111 ch.
1171 1070 1225 1123 46
1242 1102 1252 1120 ,
1279 1088 1362 1125 pag.
1390 1072 1470 1124 458
1497 1083 1531 1112 et
1553 1089 1628 1127 seq.
1649 1077 1764 1115 Pour
1781 1076 1910 1114 naein-

1094 1140 1195 1177 tenir
1216 1137 1352 1177 l'unite
1372 1170 1381 1188 ‚
1406 1141 1553 1192 inquit,
1581 1140 1613 1179 il
1640 1144 1733 1180 etan
1756 1142 1907 1187 besoin,

1093 1217 1226 1242 encore
1251 1212 1355 1242 outre
1390 1204 1579 1244 l'autorite
1619 1206 1771 1245 interne
1798 1214 1834 1244 et
1855 1220 1911 1244 es-

1093 1270 1258 1307 sentielle
1280 1270 1304 1308 ὰ
1326 1270 1556 1323 Ζάροείοῖαι,
1581 1270 1696 1309 d’une
1712 1279 1820 1309 autre
1833 1286 1908 1310 au-

1093 1336 1201 1374 torite
1210 1342 1362 1374 externe
1378 1343 1413 1374 et
1428 1338 1631 1375 accessoire
1644 1338 1669 1375 ὰ
1681 1336 1905 1390 l’apostolat,

1093 1402 1163 1451 qui
1180 1403 1245 1439 eut
1266 1400 1303 1438 la
1319 1403 1662 1453 superintendance
1679 1416 1748 1441 sur
1770 1403 1803 1442 le
1823 1405 1909 1442 scin

1094 1465 1187 1504 dela
1198 1468 1460 1505 conservation
1472 1467 1518 1504 de
1531 1468 1678 1506 l’unite.
1690 1467 1745 1508 Et
1762 1482 1905 1506 comme

1093 1531 1220 1583 l’office
1238 1531 1282 1569 de
1304 1531 1341 1569 la
1355 1545 1469 1571 cause
1489 1540 1543 1570 est
1562 1534 1607 1571 de
1624 1531 1746 1584 reqler
1764 1546 1834 1571 son
1857 1533 1910 1584 ef·-

1090 1597 1144 1648 fet
1159 1627 1170 1646 ,
1185 1597 1217 1634 il
1227 1596 1359 1649 sallait
1373 1611 1444 1650 que
1457 1586 1558 1636 celui
1570 1599 1639 1649 qui
1648 1600 1741 1636 etan
1753 1597 1786 1636 le
1793 1600 1913 1651 prin-

1094 1665 1178 1715 cipe
1204 1671 1239 1702 et
1271 1663 1448 1714 l’oriqine
1484 1663 1529 1701 de
1557 1670 1647 1702 cette
1681 1665 1815 1713 unite,
1847 1666 1912 1703 eut

1094 1729 1204 1766 aussi
1222 1728 1259 1766 la
1289 1730 1636 1782 superintendance
1658 1742 1728 1767 sur
1755 1729 1807 1767 les
1839 1743 1912 1767 au-

1093 1800 1189 1841 tres,
1209 1807 1314 1846 pour
1333 1807 1374 1833 ce
1393 1796 1463 1845 qui
1487 1793 1735 1846 reqardaitla
1760 1808 1912 1833 conser-

1094 1861 1226 1898 vation
1252 1859 1297 1897 de
1319 1859 1452 1898 Punite
1468 1889 1478 1907 ‚
1504 1867 1539 1897 et
1556 1873 1635 1911 par
1658 1858 1911 1911 consequence

1094 1923 1131 1962 la
1145 1924 1392 1975 juridiction
1422 1928 1734 1976 supereminente
1761 1939 1838 1963 sur
1859 1925 1912 1965 les

1092 1988 1220 2027 choses
1254 1992 1486 2028 necessaires
1519 1992 1543 2028 ὰ
1576 1990 1614 2028 la
1646 1992 1910 2029 manutention

1093 2054 1138 2093 de
1156 2055 1445 2095 l’um'te...Non
1472 2070 1543 2107 que
1569 2056 1619 2094 les
1646 2056 1796 2108 apotree
1821 2070 1908 2094 eus-

1093 2128 1173 2159 sent
1189 2120 1319 2159 besoz’n
1338 2135 1446 2174 pour
1456 2135 1495 2159 se
1508 2123 1720 2159 maintenir
1730 2135 1778 2160 en
1791 2123 1913 2182 unite,

1092 2201 1163 2238 que
1186 2186 1238 2226 les
1260 2189 1362 2241 effeta·
1384 2188 1429 2226 de
1457 2194 1547 2226 cette
1568 2189 1732 2226 autorite
1751 2202 1789 2227 se
1811 2203 1907 2241 pra-

1093 2255 1305 2304 tiquassent
1349 2256 1386 2291 si
1422 2253 1674 2291 evidemment
1717 2267 1786 2292 eur
1835 2267 1910 2293 eux

1091 2331 1233 2357 comme
1255 2332 1324 2357 sur
1345 2319 1447 2357 leurs
1471 2332 1708 2358 successeu-rs
1726 2349 1737 2368 ,
1756 2321 1780 2358 ὰ
1798 2333 1911 2359 cause

1093 2383 1137 2422 de
1164 2383 1403 2423 l'assistance
1425 2382 1543 2436 qu’ils
1569 2386 1729 2423 avaient
1758 2386 1909 2424 chacun

1093 2463 1140 2488 en
1160 2450 1392 2501 particulier
1424 2450 1470 2488 de
1498 2449 1668 2504 I’Eeprit
1700 2451 1746 2490 de
1767 2450 1868 2491 Dieu
1893 2467 1905 2500 ;

1092 2516 1191 2554 maie
1211 2517 1292 2569 asin
1317 2516 1362 2554 de
1384 2529 1565 2570 proposer
1594 2517 1619 2555 ὰ
1647 2515 1807 2568 l’quise
1834 2530 1908 2555 une

1087 2583 1210 2632 forme
1228 2588 1265 2620 et
1298 2595 1354 2620 un
1381 2582 1527 2621 modele
1551 2582 1596 2620 de
1620 2582 1756 2621 l’ordre
1779 2579 1906 2633 qu'elle

1093 2647 1220 2686 devait
1248 2649 1379 2686 suiore
1410 2649 1523 2701 apres
1550 2640 1633 2686 leu'r
1650 2648 1768 2686 dece-3.
1797 2645 1904 2697 Quod

1093 2715 1203 2751 etiam
1221 2712 1348 2753 Petrus
1370 2714 1416 2752 de
1440 2713 1566 2753 Merca
1578 2743 1592 2763 ,
1619 2716 1660 2751 in
1680 2724 1806 2763 opusc.
1834 2714 1900 2751 cit.

1090 2778 1154 2816 De
1181 2779 1353 2818 discrim.
1379 2779 1603 2818 elericorum
1626 2784 1662 2816 et
1690 2776 1899 2826 laicorum,

1088 2844 1205 2882 fassus
1226 2853 1279 2884 est
1294 2875 1305 2891 ‚
1330 2845 1519 2891 scribens,
1543 2856 1626 2895 cap.
1660 2841 1684 2879 3
1702 2871 1712 2890 ,
1736 2857 1775 2880 n.
1814 2844 1859 2882 13
1888 2858 1899 2882 :

1094 2908 1345 2948 Tenebantur
1375 2907 1549 2960 Apostoli
1566 2906 1736 2959 fundare
1765 2907 1901 2946 Eccle-

1087 2973 1165 3013 sias
1181 2974 1225 3013 in
1247 2975 1419 3022 unitate,
1445 2971 1555 3025 cujus
1577 2980 1692 3026 caput
1709 2986 1795 3011 cum
1810 2976 1903 3011 esset
