2028 3354
202 191 299 240 252
690 210 850 241 ruer.
888 210 942 239 »Ε
975 210 1095 243 ιοοιε
1130 212 1430 246 ΤΗΕοιοαιοιε.

204 341 310 373 eam
328 341 426 372 non
445 322 662 370 habuisse
679 322 1008 388 promissiones
1020 359 1034 383 .,
1057 342 1170 389 quas
1189 326 1395 374 Christus
1421 327 1527 376 fecit
1548 327 1758 376 Ecclesiae
1776 346 1883 377 suae.

206 401 319 461 Illa,
351 408 402 446 ut
432 398 545 446 alibi
566 398 894 447 adnotavimus
911 434 924 457 ,
954 400 1173 464 peculiari
1205 403 1366 451 ordine
1394 403 1724 469 providentiali
1747 422 1771 452 a
1792 406 1889 453 Deo

205 477 451 540 regebatur
476 494 562 542 per
592 477 760 525 seriem
793 475 1135 541 Prophetarum
1167 476 1343 543 aliaque
1373 481 1653 529 adminicula
1678 491 1889 529 extraor-

206 553 414 613 dinaria,
445 553 641 618 ideoque
668 555 791 600 Deus
820 553 973 600 nullas
1004 553 1046 599 ei
1074 552 1182 600 fecit
1219 553 1568 618 pollicitationes
1603 559 1688 621 (l).
1718 557 1891 605 Contra

205 646 315 679 vero
341 627 522 678 diversa
554 629 748 676 omnino
772 629 953 676 ratione
982 629 1128 677 voluit
1153 628 1361 677 Christus
1383 630 1637 681 instituere.
1655 651 1707 681 ac
1734 650 1893 697 regere

204 704 453 752 Ecclesiam
485 723 509 752 a
540 722 587 752 se
615 706 909 766 institutam,
941 705 989 752 id
1016 715 1112 764 est,
1140 723 1223 771 per
1255 706 1560 754 hierarchiam
1591 708 1676 756 sub
1705 711 1855 775 capite
1877 746 1891 769 ,

206 781 332 847 quod
360 782 401 830 ei
427 781 644 848 praefecit.
673 783 869 843 Verum,
894 783 1079 829 etiamsi
1101 782 1476 842 admitteremus,
1508 785 1755 832 nonnullas
1781 804 1892 851 pro-

205 857 446 905 missiones
474 858 622 906 veteri
648 874 887 922 synagogae
908 858 1049 905 factas
1073 876 1097 905 a
1126 861 1222 905 Deo
1252 877 1354 907 esse
1374 895 1386 919 ,
1421 859 1494 906 hae
1518 877 1614 906 non
1643 861 1896 925 protende-

205 932 382 980 bantur
414 934 505 981 nisi
526 933 587 981 ad
618 934 855 981 Christum
875 951 1045 1000 usque,
1087 933 1146 981 ad.
1173 952 1313 1000 quem
1341 935 1486 984 veluti
1508 935 1782 1001 paedagogus
1811 954 1897 1001 po-

205 1008 373 1074 pulum
403 1010 660 1074 perducere
683 1009 912 1071 debebat,
939 1020 1080 1075 prout
1107 1013 1260 1076 reipsa
1290 1013 1385 1059 Deo
1406 1012 1667 1077 opitulante
1691 1012 1895 1077 perfecit.

208 1085 327 1132 Cum
361 1085 501 1150 igitur
539 1085 750 1133 Christus
777 1085 998 1147 advenit,
1035 1087 1134 1152 ipsa
1166 1091 1265 1150 jam
1295 1087 1538 1152 perfuncta
1570 1097 1672 1135 erat
1706 1105 1900 1136 munere

207 1179 328 1221 suo;
365 1179 456 1227 qua
492 1162 550 1211 de
589 1180 721 1210 causa
763 1165 983 1211 Servator
1020 1172 1177 1211 noster
1212 1163 1422 1212 divinam
1456 1164 1723 1211 missionem
1768 1182 1899 1212 suam

208 1237 440 1286 miraculis
469 1256 521 1285 ac
552 1239 777 1289 vaticiniis
811 1238 1149 1304 comprobavit.
1188 1240 1276 1298 Qui
1307 1241 1461 1303 gratiae
1491 1240 1656 1289 divinae
1691 1240 1897 1288 obsecuti

210 1323 346 1374 sunt,
373 1314 423 1361 in
441 1330 548 1361 eum
570 1314 893 1376 crediderunt,
925 1316 1065 1363 ceteri
1087 1317 1137 1361 in
1159 1315 1483 1363 incredulitate
1506 1324 1895 1381 permanserunt3

212 1390 276 1437 sic
293 1390 493 1456 populus
516 1389 594 1439 ille
625 1400 694 1438 tot
726 1391 951 1439 scelerum
972 1427 984 1451 ,
1015 1390 1183 1456 quibus
1210 1409 1259 1439 se
1288 1393 1687 1440 contaminaverat
1705 1429 1718 1452 ,
1750 1392 1900 1439 idolo·

211 1466 358 1515 latriae
389 1469 648 1533 praesertim
681 1478 821 1533 atque
843 1469 1099 1533 frequentis
1129 1469 1366 1534 apostasia-’2
1386 1505 1398 1527 ,
1430 1486 1593 1533 poenas
1623 1470 1727 1517 luit.
1752 1472 1903 1534 Atque

212 1544 301 1591 hac
328 1545 509 1592 ratione
539 1544 793 1610 adimpleta
822 1554 1036 1592 veterum
1066 1544 1404 1610 Prophetarum
1431 1545 1612 1592 oracula
1644 1553 1753 1592 sunt
1773 1581 1786 1603 ,
1824 1545 1904 1609 qui

213 1619 334 1667 hanc
357 1620 666 1669 defectionem
696 1638 748 1669 ac
778 1638 971 1687 poenam
1000 1621 1151 1669 eidem
1185 1620 1358 1687 populo
1390 1622 1664 1670 comminati
1687 1623 1901 1681 fuerant,

214 1697 441 1762 totiesque
460 1697 780 1763 praedixerant
804 1699 894 1763 (2).

282 1772 393 1820 382.
434 1773 504 1821 Ad
538 1774 636 1832 911²,
669 1777 782 1838 Neq.
825 1774 1060 1839 Suppositi
1098 1776 1224 1822 enim
1248 1811 1261 1835 ,
1308 1775 1387 1840 qui
1425 1775 1499 1822 hic
1533 1775 1593 1822 ab
1630 1774 1903 1824 adversariis

215 1859 543 1912 recensentur,
574 1868 752 1899 errores
781 1850 990 1899 Ecclesiae
1012 1850 1244 1898 catholicae
1276 1850 1474 1898 totidem
1510 1852 1727 1898 veritates
1767 1859 1902 1910 sunt,

216 1943 331 1992 quas
351 1926 524 1991 partim
546 1926 909 1989 vindicavimus,
943 1929 1114 1992 partim
1136 1926 1275 1992 paulo
1304 1935 1408 1993 post
1437 1926 1745 1975 adstruemus.
1778 1924 1904 1973 Alio-

218 2002 331 2068 quin
352 2001 599 2049 Sabelliani
620 2004 719 2068 pari
737 2008 842 2066 jure
860 2005 1122 2069 potuissent
1146 2002 1356 2052 Ecclesiae
1384 2003 1569 2050 crimini
1598 2010 1779 2051 vertere
1802 2019 1906 2066 pro-

218 2078 465 2126 fessionem
489 2079 633 2126 trium
665 2080 930 2128 divinarum
964 2097 1268 2146 personarum
1292 2081 1342 2126 in
1373 2081 1499 2138 Deo,
1534 2079 1692 2126 Ariani
1723 2077 1902 2143 profes-

218 2155 396 2203 sionem
419 2156 909 2205 consubstantialitatis
926 2157 1060 2205 Verbi
1084 2174 1190 2205 cum
1207 2159 1342 2204 Patre
1357 2193 1370 2216 ,
1401 2157 1528 2205 etita
1544 2172 1682 2220 porro
1705 2155 1907 2203 haeretici

218 2231 404 2298 reliqui.
440 2233 695 2281 Concilium
725 2234 1293 2300 Constantinopolitanum
1324 2235 1427 2282 VlIl
1445 2270 1457 2294 ,
1483 2232 1608 2298 quod
1630 2231 1764 2279 nobis
1787 2230 1907 2293 obji-

221 2308 363 2368 citur,
392 2308 480 2377 fuit
502 2310 860 2358 conciliabulum
887 2310 1285 2358 schismaticorum
1317 2310 1406 2374 (3).
1432 2312 1499 2358 De
1527 2308 1719 2357 concilio
1755 2309 1921 2355 Fran-v

221 2383 496 2434 cofordiensi
522 2386 632 2435 alias
652 2387 918 2453 scripsimus
936 2387 1025 2453 (4)
1056 2387 1128 2435 Sic
1151 2387 1296 2435 etiam
1324 2386 1462 2452 paulo
1481 2394 1590 2433 ante
1621 2384 1905 2433 excussimus

277 2536 330 2588 (1)
351 2537 428 2577 cfr.
447 2538 569 2578 Tract.
583 2537 640 2578 De
654 2537 967 2590 verareli9.part.
984 2553 1028 2588 11,
1097 2553 1138 2579 n.
1166 2538 1218 2578 23
1242 2548 1276 2579 et
1305 2554 1410 2593 seqq.
1442 2538 1584 2578 Exinde
1614 2540 1712 2578 enim
1740 2536 1901 2590 patebit,

222 2616 325 2655 P1'0P·
343 2614 381 2650 ¹,
411 2618 452 2643 Π·
477 2602 504 2642 8
530 2612 566 2643 et
587 2618 692 2656 seqq.
1096 2604 1190 2644 illud
1219 2619 1295 2643 non
1323 2606 1434 2644 fuisse
1462 2607 1533 2643 nisi
1572 2604 1771 2643 concilium
1800 2600 1905 2642 mali-

278 2669 330 2721 (2)
358 2670 436 2708 Cfr.
486 2670 636 2709 Bossuet
650 2699 662 2718 ,
716 2668 919 2721 Covzffiren.
967 2673 1030 2711 cit.
1096 2673 1288 2723 gnantium
1307 2679 1342 2709 et
1358 2671 1560 2710 furentium
1577 2668 1906 2708 schismaticorum.

224 2747 310 2788 pag.
335 2734 413 2788 293
431 2743 467 2774 et
489 2749 612 2788 seqq„
635 2749 702 2775 nec
725 2749 801 2775 non
817 2750 896 2789 quae
916 2739 1029 2790 scrip·
1141 2736 1206 2789 ’(4)
1235 2737 1281 2775 In
1294 2744 1403 2776 tract.
1421 2735 1479 2776 De
1490 2735 1596 2775 cultu
1604 2733 1742 2773 Sanct.
1761 2746 1842 2784 cap.
1857 2730 1881 2769 5
1896 2760 1907 2778 ,

225 2803 341 2840 simus
370 2802 412 2838 in
439 2804 547 2841 tract.
577 2799 648 2843 Des
664 2798 828 2840 Incarn.
860 2811 953 2854 part.
981 2817 994 2841 1
1017 2830 1029 2851 ‚
1096 2816 1137 2840 n.
1159 2800 1233 2853 140
1253 2810 1289 2842 et
1310 2817 1416 2855 seqq.
1440 2801 1519 2841 cfr.
1534 2800 1711 2842 Bossnet,
1735 2795 1802 2835 Du
1814 2795 1910 2836 culte

226 2880 310 2919 cap.
340 2864 387 2915 3,
414 2879 519 2918 prop.
548 2880 577 2906 1.
643 2888 651 2932 )
1098 2865 1162 2904 des
1180 2867 1333 2919 imaqee.
1356 2866 1453 2919 opp.
1474 2866 1565 2905 edit.
1591 2866 1656 2902 eit.
1679 2869 1768 2902 tom.
1790 2877 1909 2914 xxiii,

282 2930 337 2984 (3)
366 2930 422 2971 De
448 2931 520 2970 hoc
552 2932 796 2988 conciliabulo
824 2933 895 2972 cfr.
921 2933 1034 2973 Baro·
1098 2945 1184 2983 pag.
1210 2931 1291 2986 259
1314 2941 1351 2972 et
1370 2944 1480 2984 seqq.
1504 2942 1574 2969 nec
1593 2942 1671 2968 non
1692 2928 1816 2969 Petav.
1849 2929 1914 2967 De

228 2997 338 3046 nius,
363 3009 448 3037 cum
478 2989 602 3037 critica
632 2997 730 3051 Pagii
760 2998 805 3037 ad
837 3012 898 3038 an.
924 2996 1032 3049 814,
1107 2994 1308 3038 lucar-nae.
1340 3011 1421 3048 cap.
1458 2996 1504 3035 13
1528 3003 1564 3035 et
1586 3009 1689 3048 seqq.
