2028 3354
240 181 335 231 268

708 205 885 246 ἼΤΒΑΩΤ.
923 209 978 239 DE
1010 210 1130 243 Locis
1163 213 1462 246 THEOLOGlcls.

239 316 462 363 Baronius
484 316 658 380 pariter
683 326 844 381 aperte
865 319 1023 367 scribit
1053 340 1064 369 ε
1090 323 1152 370 In
1182 326 1264 384 iis,
1289 343 1394 389 quw
1417 328 1485 374 ad
1501 344 1733 390 personas
1755 334 1916 391 perti—

238 400 353 438 nent
390 399 432 437 et
459 395 639 455 scripta
678 395 920 455 ipsorum,
946 395 996 442 in
1035 397 1198 445 ordine
1231 401 1443 450 videlicet
1480 405 1539 450 ad
1568 404 1811 452 eonsilium
1840 416 1920 453 aut

238 475 448 513 mentem
472 465 793 529 subjectivam.
823 471 1073 536 Utriusque
1104 473 1228 520 enim
1258 492 1418 540 scopus
1446 489 1515 527 est
1540 479 1788 527 defendere
1809 499 1920 546 per-

200 544 206 551 ’
239 559 402 589 sonam
441 544 635 591 Honorii
652 580 664 604 7
703 562 843 609 quem
879 547 929 593 in
964 547 1179 595 haeresim
1222 553 1492 616 neutiquam
1535 556 1719 621 lapsum
1756 558 1921 604 merito

239 617 491 678 affirmant,
515 620 699 666 etiamsi
724 623 882 669 Patres
905 624 961 670 VI
985 624 1156 687 Synodi
1174 625 1327 689 ipsum
1349 628 1470 676 iuter
1490 631 1746 691 haereticos7
1770 634 1919 693 idest,

237 693 563 742 haereticorum
592 696 792 743 fautores
825 703 1268 749 connumeraverint
1298 703 1387 766 (l).
1423 705 1475 751 ld
1497 706 1641 771 liquet
1665 709 1719 754 20
1752 727 1805 756 ex
1836 727 1918 765 e0..

239 771 365 835 quod
394 771 444 817 in
462 772 650 820 decreto
674 772 931 836 dogmatico
961 776 1217 823 Concilium
1245 779 1299 824 vl
1326 796 1387 826 ne
1412 781 1605 828 verbum
1627 784 1813 847 quidem
1838 785 1922 832 ha·-

236 844 346 893 beat
364 846 423 895 de
446 847 652 913 epistolis
676 849 900 909 Honorii3
925 852 974 897 in
997 851 1083 898 hoc
1109 870 1248 917 porro
1269 854 1365 901 solo
1389 859 1675 919 infallibilia
1709 860 1922 907 Concilia

237 931 352 968 sunt
377 922 464 987 (2).
500 923 634 982 Quod
658 924 695 970 si
722 926 943 973 Baronius
976 944 1026 974 ac
1053 927 1359 977 Bellarminus
1388 943 1548 996 aperte
1573 951 1668 980 non
1698 934 1922 984 distinxe-

167 1019 171 1024 ,
235 1009 349 1045 runt
367 1000 491 1048 inter
508 1018 635 1048 mera
649 1001 765 1048 facta
780 1011 825 1049 et
839 1003 954 1050 facta
971 1004 1226 1069 dogmatica
1242 1041 1258 1064 ,
1271 1007 1357 1054 hoc
1373 1008 1476 1055 ideo
1495 1019 1564 1056 est
1581 1047 1592 1069 7
1613 1011 1718 1076 quia
1737 1012 1923 1060 illorum

238 1084 372 1124 aetate
391 1077 605 1124 nondum
624 1077 703 1124 illa
722 1078 920 1126 formula
945 1081 1133 1128 inducta
1158 1082 1333 1141 fuerat3
1356 1083 1464 1131 hinc
1479 1088 1644 1133 merito
1664 1086 1753 1134 illis
1772 1089 1923 1154 aptari

236 1162 432 1217 possunt
452 1154 692 1217 Augustini
713 1154 855 1203 verba
880 1155 940 1203 de
962 1157 1211 1221 Pelagianis
1222 1193 1238 1214 ,
1259 1160 1593 1209 nonnullorum
1615 1180 1698 1227 pro
1723 1181 1770 1211 se
1793 1173 1922 1213 vete-

235 1244 344 1274 rum
376 1231 700 1277 auctoritatem
728 1230 1088 1280 obtrudentibus
1113 1251 1124 1279 ε
1168 1234 1306 1282 Vobis
1342 1237 1558 1284 nondum
1586 1240 1923 1301 litigantibus,

236 1308 450 1352 Securius
479 1308 799 1369 loquebantur
827 1308 911 1371 (3).

301 1380 413 1428 408.
452 1381 523 1429 Ad
554 1383 646 1442 5¹¹⁰7
678 1383 799 1446 Ney.
835 1384 1168 1432 pallavicinum
1200 1386 1372 1434 fassum
1406 1405 1522 1448 esse,
1553 1407 1745 1438 sensum
1778 1392 1922 1438 trium

236 1458 543 1521 capitulorum
571 1478 596 1506 a
627 1461 659 1506 V
689 1460 875 1524 Synodo
904 1461 1178 1509 damnatum
1199 1481 1293 1510 non
1326 1466 1602 1529 pertinuisse
1631 1467 1690 1513 ad
1708 1468 1924 1515 infallibi-

235 1532 327 1581 lem
345 1536 665 1582 auotoritatem
682 1536 914 1596 Ecclesiae3
938 1539 1001 1584 sie
1019 1540 1143 1585 enim
1161 1539 1317 1586 scribit
1339 1558 1348 1585 :
1377 1541 1604 1588 Observat
1620 1542 1687 1604 (S.
1706 1545 1840 1606 Greg.
1860 1545 1921 1593 M.

236 1611 288 1657 in
307 1613 465 1675 Epist.
479 1615 545 1659 ad
567 1613 901 1661 Constantium
926 1617 1319 1662 mediolanensem
1339 1619 1644 1682 antistitem),
1668 1620 1929 1668 dissidium

237 1705 331 1735 non
356 1692 412 1735 in
436 1691 738 1753 doymatibus
761 1695 901 1746 verti,
933 1693 1014 1737 sed
1047 1693 1115 1738 in‘
1134 1693 1440 1752 hominihus,
1472 1696 1527 1740 de
1558 1696 1736 1757 quibus
1767 1705 1927 1743 aotam

231 1767 403 1827 fuerat
428 1768 483 1812 in
522 1767 729 1814 Concilio
759 1767 1121 1815 chalcedonensi
1137 1777 1246 1831 post
1271 1770 1518 1831 firmatam
1549 1775 1728 1835 inteqre
1750 1773 1930 1819 doetri-

237 1858 384 1896 nam,
419 1858 477 1887 ao
500 1842 704 1904 proinde
739 1846 1109 1890 controversiam
1148 1861 1240 1890 non
1269 1862 1361 1891 esse
1398 1847 1453 1892 de
1479 1848 1684 1893 articulo
1718 1849 1851 1909 fidei,
1887 1858 1930 1895 et

235 1921 327 1979 qui
339 1918 407 1963 ad
418 1918 466 1965 E
468 1919 643 1964 colesioe
657 1920 989 1965 auctoritatem
1002 1922 1134 1967 nulli
1148 1917 1405 1967 obnoxiam
1421 1926 1580 1970 errori
1593 1932 1823 1987 spectaret
1834 1924 1921 1989 (3).

236 2045 270 2075 et
294 2051 398 2090 seqq.
416 2037 480 2075 ubi
508 2039 731 2090 apertissime
757 2038 976 2085 ostenditur,
1005 2041 1045 2077 in

235 2102 380 2155 objecto
394 2103 476 2142 loco
496 2103 762 2142 Bellarminum
778 2134 788 2150 ‚
801 2119 877 2144 non
893 2105 937 2142 de
950 2105 1044 2143 facto

236 2167 443 2220 dogmatico
463 2199 473 2217 ‚
498 2170 561 2208 sed
585 2170 630 2208 de
656 2170 750 2208 facto
778 2171 956 2221 personali
970 2171 1046 2209 Ho-

233 2236 329 2272 norii
351 2237 477 2286 egisse.

292 2300 346 2351 (1)
378 2300 431 2339 De
465 2315 539 2354 quo
567 2309 782 2352 argumento
810 2313 859 2338 ex
881 2301 1044 2352 professo

234 2367 345 2417 paulo
366 2376 446 2418 post
472 2381 634 2419 agemus·

290 2432 339 2483 (2)
356 2432 399 2470 In
415 2432 676 2483 posterioribus
692 2432 791 2470 enim
813 2432 963 2470 aetionis
983 2446 1043 2471 xv1

233 2494 354 2535 verbis
388 2499 581 2549 profitetur
608 2496 777 2549 Synodus
797 2525 808 2543 ‚
836 2510 872 2535 se
895 2499 933 2536 in
959 2513 1042 2550 pos-

232 2571 352 2601 terum
391 2564 574 2602 edituram
604 2562 689 2601 fidei
727 2562 991 2613 professionem
1025 2579 1036 2603 ε

232 2627 563 2680 sanctasynodus
577 2628 702 2666 dixit:
717 2628 1039 2681 sufficienterqui-

232 2694 315 2732 dem
337 2694 477 2732 habent
503 2707 658 2745 quoeque
678 2706 795 2744 usque
816 2706 919 2732 nuno
935 2701 1039 2746 qesta

230 2766 322 2797 sunt
354 2772 400 2798 ao
432 2759 646 2806 decertata,
682 2765 718 2796 et
740 2758 792 2796 ad
814 2760 1038 2810 proesentem

231 2825 483 2877 doqmaticam
510 2825 799 2876 inquisitionem
818 2825 1037 2864 intendunt.

228 2890 287 2930 In
315 2891 487 2943 sequenti
512 2904 597 2929 vero
623 2890 879 2942 inspiratione
913 2893 1041 2930 saneti

226 2964 262 2995 et
285 2956 435 3007 vivifici
457 2956 629 3008 Spiritus
652 2954 910 3005 definitionem
933 2963 1044 2995 rectoe

1117 2053 1215 2077 mus.
1238 2029 1473 2094 Subsequens
1498 2058 1604 2094 porro
1634 2044 1797 2083 definitio
1820 2045 1924 2095 fidei,

1118 2118 1202 2157 quae
1224 2106 1372 2145 redacta
1396 2115 1431 2145 et
1461 2108 1557 2147 edita
1593 2118 1646 2148 est
1682 2117 1753 2148 act.
1785 2122 1862 2148 xvu
1889 2115 1927 2148 et

1118 2183 1237 2220 xvm,
1268 2172 1419 2210 titulum
1444 2173 1585 2212 habens
1618 2188 1629 2212 ε
1663 2172 1843 2224 Definitio
1865 2189 1927 2214 or-

1115 2235 1285 2275 thodoxae
1302 2238 1397 2288 fidei
1407 2238 1512 2287 sacta
1533 2241 1578 2277 in
1595 2241 1703 2292 reqia
1726 2240 1818 2279 urhe
1831 2271 1842 2288 ‚
1855 2249 1925 2280 etc.

1112 2301 1207 2338 nihil
1230 2316 1375 2354 prorsus
1396 2301 1509 2342 habet
1529 2305 1574 2343 de
1595 2306 1832 2345 damnatione
1848 2309 1925 2358 epi-

1112 2366 1289 2405 stolarum
1311 2366 1484 2408 Honorii.

1166 2431 1217 2483 (3)
1250 2432 1362 2473 Cone.
1391 2433 1548 2475 Julian.
1573 2436 1639 2475 lib.
1670 2450 1710 2484 ι,
1745 2451 1827 2489 cap.
1857 2435 1884 2474 6
1904 2465 1916 2484 ‚

1109 2511 1151 2536 n.
1193 2510 1260 2536 22.
1297 2498 1438 2538 Verum
1468 2501 1512 2539 de
1542 2510 1664 2540 mente
1693 2501 1804 2540 Card.
1838 2500 1918 2539 Bei-

1109 2563 1260 2601 larmini
1278 2595 1288 2611 ‚
1313 2564 1459 2603 Baronii
1475 2594 1486 2613 ,
1504 2566 1807 2613 Turreerematae‚
1826 2565 1917 2603 alio-

1108 2642 1288 2681 rumque,
1314 2645 1474 2682 quorum
1494 2636 1703 2671 auctoritate
1718 2633 1917 2669 abutuntur

1089 2688 1097 2697 ’
1110 2694 1340 2744 Janseuimfi,
1354 2696 1423 2736 cfr.
1437 2697 1600 2736 Fenelon
1611 2727 1621 2745 ‚
1637 2698 1726 2736 edit.
1742 2697 1802 2734 cit.
1822 2705 1915 2735 tom.

1107 2773 1171 2808 xi,
1201 2760 1412 2801 Troisieme
1438 2764 1666 2800 instruction
1689 2761 1887 2813 pastorale
1904 2793 1915 2811 ‚

1107 2825 1217 2877 chap.
1237 2825 1290 2877 34
1303 2827 1349 2865 ad
1362 2828 1430 2878 37,
1455 2828 1518 2865 ubi
1541 2828 1685 2878 copiose
1708 2841 1784 2865 rem
1805 2836 1918 2866 totam

1107 2891 1155 2928 ita
1169 2891 1328 2939 evolvit,
1352 2891 1549 2929 utnullum
1569 2891 1726 2929 dubium
1746 2895 1915 2943 supersit.

1161 2956 1217 3006 (k)
1247 2957 1306 2994 En
1323 2958 1399 3008 ipsa
1423 2957 1501 3008 ejus
1531 2957 1640 2996 verba
1664 2957 1737 2996 loe.
1764 2960 1824 2997 eit.
1847 2957 1917 2996 Ma

220 3021 317 3072 fidei
333 3022 615 3062 convenientem
639 3018 874 3072 synodaliter
892 3027 1032 3059 statue-
1090 3022 1223 3074 peroio
1237 3025 1381 3072 uaeque
1391 3022 1532 3059 scisma
1542 3024 1611 3074 poi
1624 3024 1689 3074 fra
1707 3022 1915 3072 crisciani,
