2028 3354
275 221 369 272 444
713 237 866 269 macr.
906 238 960 268 na
995 240 1111 269 roms
1146 242 1442 274 rnnozoelcls.

273 368 407 400 mum
424 349 742 407 observamus,
766 350 1021 398 Catholicos
1040 369 1200 400 omnes
1223 347 1377 402 statim
1397 357 1677 422 acquievisse
1700 373 1815 404 rom.
1830 359 1945 404 Pon-

272 426 471 475 tificibus
483 426 532 472 in
545 442 754 472 errorum
765 427 1064 475 damnatione
1079 464 1091 487 7
1113 445 1172 475 ne
1182 429 1289 493 ipsis
1302 431 1491 495 quidem
1504 431 1716 479 Conciliis
1727 432 1945 497 exceptis3

272 502 512 550 haereticos
542 510 728 561 autem,
762 503 840 567 qui
874 504 1148 550 Pontificum
1183 503 1376 552 decretis
1412 507 1695 569 restiterant,
1730 509 1949 556 restitisse

271 578 447 643 pariter
471 578 731 625 auctoritati
758 579 1067 626 Conciliorum
1096 581 1484 628 oecumenicorum
1513 619 1525 641 ,
1556 584 1630 633 uti
1648 601 1703 631 ex
1726 584 1949 631 haereticis

274 652 609 718 antiquioribus
633 662 680 701 et
699 654 1028 701 recentioribus
1057 665 1347 721 compertum
1372 666 1457 705 est.
1480 658 1604 707 Nihil
1626 669 1869 725 propterea
1893 677 1949 707 ex

275 729 445 777 horum
467 728 771 777 reluctatione
800 730 1011 777 concludi
1039 740 1204 795 potest.

340 804 448 852 643.
487 804 557 852 Ad
577 804 662 863 3¹¹²,
689 807 813 851 Dz'st.
842 805 1027 852 Extollit
1044 807 1087 852 S.
1110 808 1350 868 Gregorius
1371 809 1433 854 M.
1457 808 1654 855 Concilia
1670 810 1949 857 oecumenica

276 880 361 928 sub
382 879 605 944 regimine
624 897 740 926 rom.
759 881 1035 927 Pontificum
1055 879 1299 943 celebrata,
1323 899 1473 939 eono.,·
1498 883 1703 931 Concilia
1719 884 1952 950 acephala,

276 956 333 1003 de
364 955 529 1021 quibus
551 956 625 1002 hio
648 956 799 1018 agitur
816 991 829 1014 7
859 973 963 1020 oley.

342 1031 450 1078 644.
490 1030 560 1078 Ad
590 1030 675 1087 4¹1¹,
698 1032 822 1078 Dist.
857 1032 916 1077 Ea
942 1031 1122 1096 scripsit
1148 1034 1439 1082 Innocentius
1470 1036 1563 1096 111,
1592 1054 1659 1098 ηε,
1679 1055 1728 1085 se
1750 1035 1954 1102 periculo

275 1117 529 1173 exponeret
554 1105 719 1171 agendi
753 1115 912 1154 contra
945 1107 1112 1154 Christi
1152 1109 1433 1156 sententiam
1467 1131 1481 1158 ι
1521 1113 1658 1175 Quod
1689 1116 1820 1161 Deus
1844 1130 1955 1161 eon—

259 1187 467 1247 junmt,
508 1184 641 1232 homo
682 1201 780 1231 non
816 1193 1026 1248 separet,
1077 1202 1272 1250 quaeque
1307 1186 1541 1252 pendebat
1578 1206 1634 1236 ex
1675 1190 1955 1239 discussione

275 1261 384 1308 facti
402 1295 415 1318 ‚
447 1278 597 1313 cone.;
623 1258 852 1318 absolute,
882 1278 984 1325 neq.
1006 1263 1123 1308 Cum
1151 1262 1277 1309 enim
1297 1262 1536 1328 Philippus
1565 1265 1706 1329 priori
1726 1268 1857 1313 uxori
1876 1270 1957 1313 In·

277 1336 502 1402 genburgi
528 1336 671 1384 vellet
701 1335 839 1383 aliam
868 1336 1226 1402 superinducere
1243 1374 1255 1396 7
1279 1337 1540 1385 obtendens
1568 1339 1696 1404 prius
1725 1343 1956 1388 matrimo-

278 1412 411 1458 nium
438 1430 534 1458 non
559 1412 694 1459 fuisse
715 1422 1089 1459 consummatum
1106 1449 1118 1471 n
1145 1429 1272 1461 secus
1295 1430 1346 1460 ac
1368 1414 1628 1462 affirmabat
1656 1416 1958 1481 Ingenburge,

278 1488 574 1535 Innocentius
600 1487 750 1535 noluit
778 1488 951 1535 factum
984 1488 1108 1536 istud
1140 1506 1224 1553 per
1249 1507 1297 1537 se
1330 1500 1542 1538 excutere
1561 1528 1574 1552 7
1615 1509 1674 1539 ne
1705 1493 1755 1539 in
1785 1493 1959 1540 difficili

277 1564 392 1611 adeo
414 1564 596 1628 negotio
613 1563 916 1629 deciperetur.
944 1564 1095 1611 Voluit
1123 1565 1318 1629 proinde
1334 1601 1346 1624 a
1371 1576 1423 1612 ut
1447 1584 1472 1613 a
1492 1567 1692 1614 Concilio
1711 1568 1847 1615 simul
1869 1586 1951 1615 ex·-

278 1639 586 1705 penderetur;
624 1640 778 1704 sicque
800 1641 940 1687 etiam
969 1657 1121 1687 moras
1145 1640 1361 1689 nectebat
1380 1677 1392 1700 ‚
1417 1652 1470 1689 ut
1491 1643 1664 1690 interea
1684 1644 1922 1710 Philippus
1938 1683 1951 1705 7

279 1716 629 1763 defervescente
660 1716 803 1780 priori
836 1725 977 1776 aestu,
1006 1717 1066 1763 ad
1103 1718 1281 1764 saniora
1321 1718 1508 1765 consilia
1540 1736 1589 1766 se
1623 1720 1873 1785 recipe-ret,
1904 1730 1955 1767 ut

279 1792 430 1857 reipsa
456 1791 630 1838 factum
650 1800 719 1838 est
739 1792 826 1854 (l).

345 1866 456 1913 645.
496 1866 598 1929 Obj.
627 1867 779 1914 tertia.
805 1868 853 1914 1ο
882 1868 1137 1915 Concilium
1170 1870 1547 1930 Constantiense7
1584 1887 1689 1920 sess.
1722 1872 1780 1917 IV
1812 1880 1859 1919 et
1889 1872 1955 1931 V,

280 1942 373 1990 duo
391 1943 539 1990 edidit
554 1942 754 2002 decreta,
777 1943 942 2007 quibus
962 1944 1236 2004 declaravit,
1252 1946 1454 1992 Concilio
1474 1946 1674 2009 generali
1691 1963 1958 2011 quemcum—

281 2035 371 2084 que
406 2019 603 2082 cujusvis
634 2018 869 2083 dignitatis
912 2023 1055 2067 etiam
1076 2023 1276 2084 papalis
1307 2021 1495 2069 obedire
1527 2023 1678 2070 teneri
1718 2023 1801 2088 (2).
1829 2024 1957 2069 Con-

281 2096 439 2143 cilium
456 2103 612 2142 autem
639 2095 897 2144 Basileense
924 2097 1169 2162 quinquies
1194 2097 1376 2159 decreta
1401 2098 1769 2145 Constantientia
1790 2099 1960 2145 confir-

279 2172 430 2220 mavit
452 2172 539 2238 (3).
554 2172 606 2218 2⁰
619 2172 725 2219 Haec
745 2190 884 2237 porro
912 2173 1114 2221 Concilia
1139 2184 1326 2239 recepta
1344 2175 1531 2222 fuerunt
1560 2185 1607 2221 et
1632 2173 1885 2239 approbata
1908 2183 1961 2221 ut

282 2251 566 2296 oecumenica
601 2265 624 2294 a
662 2249 861 2295 Martino
901 2250 965 2307 V7
999 2251 1201 2313 Eugenio
1234 2252 1293 2297 IV
1340 2259 1387 2298 et
1420 2252 1499 2297 Pio
1526 2252 1568 2298 II
1598 2249 1683 2312 (4).
1714 2252 1820 2297 Jam
1852 2267 1963 2299 vero

283 2323 594 2370 Conciliorum
628 2325 1019 2372 oecumenicorum
1057 2325 1239 2374 decreta
1263 2362 1275 2384 .,
1311 2343 1411 2391 quae
1437 2344 1461 2373 a
1500 2344 1617 2373 rom.
1665 2325 1962 2373 Pontificibus

283 2399 552 2446 confirmata
584 2408 694 2446 sunt
721 2436 733 2460 ⁷
770 2401 1085 2449 omnimodam
1118 2403 1215 2451 vim
1250 2401 1453 2461 habent⁷
1484 2410 1536 2448 ut
1563 2418 1702 2449 nemo
1725 2403 1779 2449 iis
1817 2402 1962 2467 possit

283 2473 454 2539 absque
483 2477 649 2523 erroris
684 2485 795 2524 nota
828 2477 1062 2541 refragari.
1105 2477 1156 2525 3⁰
1198 2478 1298 2525 Huc
1330 2494 1514 2543 quoque
1545 2479 1721 2526 accedit
1757 2478 1960 2526 celeber-

283 2550 399 2597 rima
423 2550 671 2599 declaratio
695 2552 802 2600 cleri
820 2553 1066 2613 Gallicani,
1089 2551 1212 2601 anno
1238 2554 1363 2601 1682
1384 2555 1432 2601 in
1462 2554 1748 2603 solemnibus
1767 2551 1959 2601 comitiis

342 2806 399 2857 (1)
428 2806 507 2846 Cfr.
530 2807 627 2858 apud
652 2806 811 2855 Homer,
840 2807 1013 2846 Histoire
1039 2809 1091 2846 du
1156 2808 1228 2847 col.
1256 2807 1333 2849 252
1357 2816 1391 2846 et
1417 2806 1510 2850 258.

288 2870 391 2924 Papa
413 2870 600 2911 Innocent
624 2887 689 2921 ui,
716 2882 806 2911 tom.
835 2885 899 2922 111,
930 2874 995 2912 liv.
1019 2873 1090 2924 18,
1210 2873 1259 2925 (3)
1290 2874 1381 2913 Loc.
1406 2877 1468 2912 cit.

287 2938 376 2977 edit.
404 2940 467 2977 cit.
494 2953 573 2989 pag.
597 2936 674 2977 226
698 2946 734 2977 et
756 2953 830 2991 seq.
1213 2941 1268 2990 (ᾗ)
1298 2940 1350 2979 Ex
1371 2939 1454 2978 Nat.
1471 2925 1583 2976 Alex.'
1596 2936 1683 2975 diss.
1705 2934 1802 2987 cit.§
1819 2949 1841 2989 7
1862 2933 1958 2983 et8‚

344 3003 393 3054 (2)
414 3003 518 3055 Apud
532 3003 648 3043 Hard.
661 3004 761 3043 Acta
774 3003 890 3043 Cone.
902 3013 989 3043 tom.
1003 3018 1092 3053 vm,
1159 3012 1195 3044 et
1210 3005 1298 3044 diss.
1320 3007 1404 3053 viii,
1426 3016 1498 3044 sec.
1520 3017 1565 3041 xv
1580 3010 1715 3051 etxv1‚
1734 3010 1814 3041 not.
1830 3000 1852 3039 3
1871 3008 1905 3039 et
1919 2997 1959 3049 4.
1996 3000 1999 3004 ⁴
