<?xml version="1.0" encoding="UTF-8"?>
<!DOCTYPE html PUBLIC "-//W3C//DTD XHTML 1.0 Transitional//EN"
    "http://www.w3.org/TR/xhtml1/DTD/xhtml1-transitional.dtd">
<html xmlns="http://www.w3.org/1999/xhtml" xml:lang="en" lang="en">
 <head>
  <title>
</title>
<meta http-equiv="Content-Type" content="text/html;charset=utf-8" />
  <meta name='ocr-system' content='tesseract 3.04.00' />
  <meta name='ocr-capabilities' content='ocr_page ocr_carea ocr_par ocr_line ocrx_word'/>
</head>
<body>
  <div class='ocr_page' id='page_1' title='image "./praelectionestheo08perruoft/praelectionestheo08perruoft_0365.png"; bbox 0 0 2028 3354; ppageno 0'>
   <div class='ocr_carea' id='block_1_1' title="bbox 1688 180 1782 228">
    <p class='ocr_par' dir='ltr' id='par_1_1' title="bbox 1688 180 1782 228">
     <span class='ocr_line' id='line_1_1' title="bbox 1688 180 1782 228; baseline 0 0"><span class='ocrx_word' id='word_1_1' title='bbox 1688 180 1782 228; x_wconf 81' lang='lat'>353</span> 
     </span>
    </p>
   </div>
   <div class='ocr_carea' id='block_1_2' title="bbox 346 197 1520 230">
    <p class='ocr_par' dir='ltr' id='par_1_2' title="bbox 346 197 1520 230">
     <span class='ocr_line' id='line_1_2' title="bbox 346 197 1520 230; baseline -0.001 -2"><span class='ocrx_word' id='word_1_2' title='bbox 346 201 478 230; x_wconf 74' lang='lat' dir='ltr'>PART.</span> <span class='ocrx_word' id='word_1_3' title='bbox 518 202 552 229; x_wconf 78' lang='lat'>1·</span> <span class='ocrx_word' id='word_1_4' title='bbox 591 199 713 230; x_wconf 83' lang='lat' dir='ltr'>SECT.</span> <span class='ocrx_word' id='word_1_5' title='bbox 754 201 804 230; x_wconf 87' lang='lat'>11.</span> <span class='ocrx_word' id='word_1_6' title='bbox 844 201 943 230; x_wconf 81' lang='lat' dir='ltr'>CAP.</span> <span class='ocrx_word' id='word_1_7' title='bbox 984 200 1015 229; x_wconf 85' lang='lat' dir='ltr'>l.</span> <span class='ocrx_word' id='word_1_8' title='bbox 1057 200 1109 228; x_wconf 83' lang='lat' dir='ltr'>DE</span> <span class='ocrx_word' id='word_1_9' title='bbox 1144 199 1270 229; x_wconf 82' lang='lat' dir='ltr'><strong>PETRI</strong></span> <span class='ocrx_word' id='word_1_10' title='bbox 1306 197 1520 229; x_wconf 78' lang='lat' dir='ltr'><strong>PRIMATU.</strong></span> 
     </span>
    </p>
   </div>
   <div class='ocr_carea' id='block_1_3' title="bbox 86 310 1799 2056">
    <p class='ocr_par' dir='ltr' id='par_1_3' title="bbox 86 310 1799 2056">
     <span class='ocr_line' id='line_1_3' title="bbox 91 310 1784 379; baseline -0.001 -18"><span class='ocrx_word' id='word_1_11' title='bbox 91 313 329 361; x_wconf 83' lang='lat' dir='ltr'>mediante</span> <span class='ocrx_word' id='word_1_12' title='bbox 355 314 562 379; x_wconf 86' lang='lat' dir='ltr'>primatu</span> <span class='ocrx_word' id='word_1_13' title='bbox 596 315 733 360; x_wconf 89' lang='lat' dir='ltr'>Petro</span> <span class='ocrx_word' id='word_1_14' title='bbox 766 312 934 361; x_wconf 88' lang='lat' dir='ltr'>collato</span> <span class='ocrx_word' id='word_1_15' title='bbox 959 351 971 372; x_wconf 99' lang='lat'>7</span> <span class='ocrx_word' id='word_1_16' title='bbox 1009 322 1149 378; x_wconf 88' lang='lat' dir='ltr'>atque</span> <span class='ocrx_word' id='word_1_17' title='bbox 1174 349 1185 371; x_wconf 96' lang='lat'>7</span> <span class='ocrx_word' id='word_1_18' title='bbox 1223 322 1274 359; x_wconf 90' lang='lat' dir='ltr'>ut</span> <span class='ocrx_word' id='word_1_19' title='bbox 1305 329 1413 358; x_wconf 85' lang='lat' dir='ltr'>mox</span> <span class='ocrx_word' id='word_1_20' title='bbox 1452 310 1748 359; x_wconf 85' lang='lat' dir='ltr'><strong>ostendemus</strong></span> <span class='ocrx_word' id='word_1_21' title='bbox 1769 348 1784 371; x_wconf 97' lang='lat'>7</span> 
     </span>
     <span class='ocr_line' id='line_1_4' title="bbox 88 388 1787 454; baseline -0.002 -17"><span class='ocrx_word' id='word_1_22' title='bbox 88 390 180 437; x_wconf 89' lang='lat' dir='ltr'>suis</span> <span class='ocrx_word' id='word_1_23' title='bbox 211 390 259 436; x_wconf 90' lang='lat' dir='ltr'>in</span> <span class='ocrx_word' id='word_1_24' title='bbox 277 390 364 436; x_wconf 89' lang='lat' dir='ltr'>hoc</span> <span class='ocrx_word' id='word_1_25' title='bbox 388 390 594 454; x_wconf 89' lang='lat' dir='ltr'>primatu</span> <span class='ocrx_word' id='word_1_26' title='bbox 626 389 977 437; x_wconf 88' lang='lat' dir='ltr'>successoribus.</span> <span class='ocrx_word' id='word_1_27' title='bbox 1015 391 1102 436; x_wconf 87' lang='lat' dir='ltr'>Per</span> <span class='ocrx_word' id='word_1_28' title='bbox 1133 391 1327 436; x_wconf 88' lang='lat' dir='ltr'>Petrum</span> <span class='ocrx_word' id='word_1_29' title='bbox 1351 388 1478 435; x_wconf 90' lang='lat' dir='ltr'>enim</span> <span class='ocrx_word' id='word_1_30' title='bbox 1502 388 1698 435; x_wconf 82' lang='lat' dir='ltr'>Ecclesia</span> <span class='ocrx_word' id='word_1_31' title='bbox 1716 397 1787 435; x_wconf 90' lang='lat' dir='ltr'>est</span> 
     </span>
     <span class='ocr_line' id='line_1_5' title="bbox 90 463 1785 531; baseline -0.001 -19"><span class='ocrx_word' id='word_1_32' title='bbox 90 482 209 524; x_wconf 71' lang='lat' dir='ltr'>una3</span> <span class='ocrx_word' id='word_1_33' title='bbox 242 484 325 531; x_wconf 90' lang='lat' dir='ltr'>per</span> <span class='ocrx_word' id='word_1_34' title='bbox 358 467 550 513; x_wconf 82' lang='lat' dir='ltr'>Petrum</span> <span class='ocrx_word' id='word_1_35' title='bbox 584 465 705 529; x_wconf 84' lang='lat' dir='ltr'>leges</span> <span class='ocrx_word' id='word_1_36' title='bbox 741 483 835 513; x_wconf 87' lang='lat' dir='ltr'>suae</span> <span class='ocrx_word' id='word_1_37' title='bbox 864 466 1101 512; x_wconf 81' lang='lat' dir='ltr'>sanctione</span> <span class='ocrx_word' id='word_1_38' title='bbox 1125 474 1173 511; x_wconf 90' lang='lat' dir='ltr'>et</span> <span class='ocrx_word' id='word_1_39' title='bbox 1200 463 1471 511; x_wconf 89' lang='lat' dir='ltr'>omnimoda</span> <span class='ocrx_word' id='word_1_40' title='bbox 1509 464 1785 511; x_wconf 87' lang='lat' dir='ltr'>auctoritate</span> 
     </span>
     <span class='ocr_line' id='line_1_6' title="bbox 87 539 1787 606; baseline -0.002 -17"><span class='ocrx_word' id='word_1_41' title='bbox 87 542 367 589; x_wconf 86' lang='lat' dir='ltr'>muniuntur</span> <span class='ocrx_word' id='word_1_42' title='bbox 386 563 397 600; x_wconf 71' lang='grc' dir='ltr'><strong>ς</strong></span> <span class='ocrx_word' id='word_1_43' title='bbox 426 559 509 606; x_wconf 91' lang='lat' dir='ltr'>per</span> <span class='ocrx_word' id='word_1_44' title='bbox 527 543 716 588; x_wconf 88' lang='lat' dir='ltr'>Petrum</span> <span class='ocrx_word' id='word_1_45' title='bbox 730 541 1060 588; x_wconf 77' lang='lat' dir='ltr'>infallibilitate</span> <span class='ocrx_word' id='word_1_46' title='bbox 1079 539 1224 603; x_wconf 91' lang='lat' dir='ltr'>pollet</span> <span class='ocrx_word' id='word_1_47' title='bbox 1241 576 1253 598; x_wconf 88' lang='lat'>7</span> <span class='ocrx_word' id='word_1_48' title='bbox 1277 549 1328 585; x_wconf 91' lang='lat' dir='ltr'>ut</span> <span class='ocrx_word' id='word_1_49' title='bbox 1348 541 1520 604; x_wconf 89' lang='lat' dir='ltr'>partim</span> <span class='ocrx_word' id='word_1_50' title='bbox 1549 557 1606 586; x_wconf 91' lang='lat' dir='ltr'>ex</span> <span class='ocrx_word' id='word_1_51' title='bbox 1624 539 1756 587; x_wconf 89' lang='lat' dir='ltr'>dictis</span> <span class='ocrx_word' id='word_1_52' title='bbox 1774 576 1787 599; x_wconf 89' lang='lat'>7</span> 
     </span>
     <span class='ocr_line' id='line_1_7' title="bbox 87 615 1789 684; baseline -0.001 -20"><span class='ocrx_word' id='word_1_53' title='bbox 87 619 258 684; x_wconf 88' lang='lat' dir='ltr'>partim</span> <span class='ocrx_word' id='word_1_54' title='bbox 279 636 390 666; x_wconf 86' lang='lat' dir='ltr'>vero</span> <span class='ocrx_word' id='word_1_55' title='bbox 415 636 473 665; x_wconf 89' lang='lat' dir='ltr'>ex</span> <span class='ocrx_word' id='word_1_56' title='bbox 505 618 718 665; x_wconf 87' lang='lat' dir='ltr'>dicendis</span> <span class='ocrx_word' id='word_1_57' title='bbox 753 617 1052 664; x_wconf 88' lang='lat' dir='ltr'>manifestum</span> <span class='ocrx_word' id='word_1_58' title='bbox 1085 616 1182 661; x_wconf 88' lang='lat' dir='ltr'>fiet.</span> <span class='ocrx_word' id='word_1_59' title='bbox 1214 615 1352 661; x_wconf 82' lang='lat' dir='ltr'>Tanti</span> <span class='ocrx_word' id='word_1_60' title='bbox 1373 625 1619 679; x_wconf 89' lang='lat' dir='ltr'>propterea</span> <span class='ocrx_word' id='word_1_61' title='bbox 1640 625 1710 662; x_wconf 89' lang='lat' dir='ltr'>est</span> <span class='ocrx_word' id='word_1_62' title='bbox 1732 634 1789 663; x_wconf 90' lang='lat' dir='ltr'>ex</span> 
     </span>
     <span class='ocr_line' id='line_1_8' title="bbox 88 690 1791 759; baseline 0 -19"><span class='ocrx_word' id='word_1_63' title='bbox 88 693 258 741; x_wconf 83' lang='lat' dir='ltr'>Christi</span> <span class='ocrx_word' id='word_1_64' title='bbox 284 694 587 759; x_wconf 85' lang='lat' dir='ltr'>dispositione</span> <span class='ocrx_word' id='word_1_65' title='bbox 627 694 854 758; x_wconf 82' lang='lat' dir='ltr'>primatus</span> <span class='ocrx_word' id='word_1_66' title='bbox 896 692 1049 747; x_wconf 89' lang='lat' dir='ltr'>Petri,</span> <span class='ocrx_word' id='word_1_67' title='bbox 1083 699 1135 737; x_wconf 90' lang='lat' dir='ltr'>ut</span> <span class='ocrx_word' id='word_1_68' title='bbox 1171 690 1300 755; x_wconf 88' lang='lat' dir='ltr'>prius</span> <span class='ocrx_word' id='word_1_69' title='bbox 1335 691 1434 754; x_wconf 90' lang='lat' dir='ltr'>ipse</span> <span class='ocrx_word' id='word_1_70' title='bbox 1477 690 1791 754; x_wconf 82' lang='lat' dir='ltr'>designaverit</span> 
     </span>
     <span class='ocr_line' id='line_1_9' title="bbox 89 766 1791 831; baseline -0.001 -14"><span class='ocrx_word' id='word_1_71' title='bbox 89 772 280 817; x_wconf 89' lang='lat' dir='ltr'>Petrum</span> <span class='ocrx_word' id='word_1_72' title='bbox 296 771 346 817; x_wconf 91' lang='lat' dir='ltr'>in</span> <span class='ocrx_word' id='word_1_73' title='bbox 370 771 580 816; x_wconf 85' lang='lat' dir='ltr'>futurum</span> <span class='ocrx_word' id='word_1_74' title='bbox 606 769 813 816; x_wconf 70' lang='lat' dir='ltr'>Ecclesiae</span> <span class='ocrx_word' id='word_1_75' title='bbox 843 784 937 815; x_wconf 85' lang='lat' dir='ltr'>suae</span> <span class='ocrx_word' id='word_1_76' title='bbox 964 775 1102 831; x_wconf 88' lang='lat' dir='ltr'>caput</span> <span class='ocrx_word' id='word_1_77' title='bbox 1128 803 1140 825; x_wconf 93' lang='lat'>7</span> <span class='ocrx_word' id='word_1_78' title='bbox 1174 783 1314 831; x_wconf 83' lang='lat' dir='ltr'>quam</span> <span class='ocrx_word' id='word_1_79' title='bbox 1348 766 1596 814; x_wconf 79' lang='lat' dir='ltr'>Ecclesiam</span> <span class='ocrx_word' id='word_1_80' title='bbox 1622 771 1791 815; x_wconf 89' lang='lat' dir='ltr'>consti-</span> 
     </span>
     <span class='ocr_line' id='line_1_10' title="bbox 86 842 1791 911; baseline -0.001 -18"><span class='ocrx_word' id='word_1_81' title='bbox 86 847 230 894; x_wconf 89' lang='lat' dir='ltr'>tuerit</span> <span class='ocrx_word' id='word_1_82' title='bbox 249 882 261 905; x_wconf 95' lang='lat'>7</span> <span class='ocrx_word' id='word_1_83' title='bbox 289 846 413 911; x_wconf 90' lang='lat' dir='ltr'>quod</span> <span class='ocrx_word' id='word_1_84' title='bbox 428 846 573 911; x_wconf 87' lang='lat' dir='ltr'>liquet</span> <span class='ocrx_word' id='word_1_85' title='bbox 585 855 683 892; x_wconf 87' lang='lat' dir='ltr'>tum</span> <span class='ocrx_word' id='word_1_86' title='bbox 704 862 759 892; x_wconf 90' lang='lat' dir='ltr'>ex</span> <span class='ocrx_word' id='word_1_87' title='bbox 778 846 914 892; x_wconf 86' lang='lat' dir='ltr'>Joan.</span> <span class='ocrx_word' id='word_1_88' title='bbox 941 845 977 902; x_wconf 83' lang='lat'>17</span> <span class='ocrx_word' id='word_1_89' title='bbox 994 843 1079 901; x_wconf 73' lang='lat'>427</span> <span class='ocrx_word' id='word_1_90' title='bbox 1097 842 1177 889; x_wconf 90' lang='lat' dir='ltr'>ubi</span> <span class='ocrx_word' id='word_1_91' title='bbox 1192 842 1404 889; x_wconf 86' lang='lat' dir='ltr'>Christus</span> <span class='ocrx_word' id='word_1_92' title='bbox 1419 878 1432 898; x_wconf 82' lang='lat'>7</span> <span class='ocrx_word' id='word_1_93' title='bbox 1459 843 1557 891; x_wconf 89' lang='lat' dir='ltr'>viso</span> <span class='ocrx_word' id='word_1_94' title='bbox 1583 844 1791 907; x_wconf 86' lang='lat' dir='ltr'>primum</span> 
     </span>
     <span class='ocr_line' id='line_1_11' title="bbox 88 918 1795 983; baseline -0.001 -14"><span class='ocrx_word' id='word_1_95' title='bbox 88 925 247 981; x_wconf 84' lang='lat' dir='ltr'>Petr07</span> <span class='ocrx_word' id='word_1_96' title='bbox 281 922 403 969; x_wconf 87' lang='lat' dir='ltr'>illico</span> <span class='ocrx_word' id='word_1_97' title='bbox 424 922 543 969; x_wconf 82' lang='lat' dir='ltr'>dixit</span> <span class='ocrx_word' id='word_1_98' title='bbox 567 920 626 967; x_wconf 89' lang='lat' dir='ltr'>ad</span> <span class='ocrx_word' id='word_1_99' title='bbox 646 938 751 966; x_wconf 89' lang='lat' dir='ltr'>eum</span> <span class='ocrx_word' id='word_1_100' title='bbox 779 937 788 966; x_wconf 93' lang='lat'><strong>:</strong></span> <span class='ocrx_word' id='word_1_101' title='bbox 829 921 902 968; x_wconf 81' lang='lat' dir='ltr'>Tu</span> <span class='ocrx_word' id='word_1_102' title='bbox 929 920 1171 967; x_wconf 73' lang='lat' dir='ltr'>vocaberis</span> <span class='ocrx_word' id='word_1_103' title='bbox 1204 918 1407 981; x_wconf 74' lang='lat' dir='ltr'>Cephas,</span> <span class='ocrx_word' id='word_1_104' title='bbox 1426 918 1682 983; x_wconf 86' lang='lat' dir='ltr'>proludens</span> <span class='ocrx_word' id='word_1_105' title='bbox 1705 921 1795 967; x_wconf 86' lang='lat' dir='ltr'>sci—</span> 
     </span>
     <span class='ocr_line' id='line_1_12' title="bbox 87 995 1799 1059; baseline -0.002 -13"><span class='ocrx_word' id='word_1_106' title='bbox 87 999 197 1046; x_wconf 90' lang='lat' dir='ltr'>licet</span> <span class='ocrx_word' id='word_1_107' title='bbox 222 998 280 1046; x_wconf 90' lang='lat' dir='ltr'>ad</span> <span class='ocrx_word' id='word_1_108' title='bbox 312 999 516 1044; x_wconf 85' lang='lat' dir='ltr'>futuram</span> <span class='ocrx_word' id='word_1_109' title='bbox 547 1000 645 1059; x_wconf 87' lang='lat' dir='ltr'>ejus</span> <span class='ocrx_word' id='word_1_110' title='bbox 683 997 998 1054; x_wconf 75' lang='lat' dir='ltr'>evectionem3</span> <span class='ocrx_word' id='word_1_111' title='bbox 1042 1004 1144 1040; x_wconf 87' lang='lat' dir='ltr'>tum</span> <span class='ocrx_word' id='word_1_112' title='bbox 1170 1012 1227 1041; x_wconf 90' lang='lat' dir='ltr'>ex</span> <span class='ocrx_word' id='word_1_113' title='bbox 1259 995 1430 1041; x_wconf 87' lang='lat' dir='ltr'>Matth.</span> <span class='ocrx_word' id='word_1_114' title='bbox 1458 996 1583 1055; x_wconf 83' lang='lat' dir='ltr'>XVI,</span> <span class='ocrx_word' id='word_1_115' title='bbox 1615 1013 1722 1042; x_wconf 89' lang='lat' dir='ltr'>cum</span> <span class='ocrx_word' id='word_1_116' title='bbox 1751 996 1799 1043; x_wconf 89' lang='lat' dir='ltr'>ei</span> 
     </span>
     <span class='ocr_line' id='line_1_13' title="bbox 89 1072 1792 1135; baseline -0.001 -14"><span class='ocrx_word' id='word_1_117' title='bbox 89 1075 208 1121; x_wconf 82' lang='lat' dir='ltr'>dixit</span> <span class='ocrx_word' id='word_1_118' title='bbox 236 1093 245 1121; x_wconf 77' lang='grc' dir='ltr'>ε</span> <span class='ocrx_word' id='word_1_119' title='bbox 285 1075 358 1121; x_wconf 78' lang='lat' dir='ltr'>Tu</span> <span class='ocrx_word' id='word_1_120' title='bbox 382 1091 426 1119; x_wconf 80' lang='lat' dir='ltr'>es</span> <span class='ocrx_word' id='word_1_121' title='bbox 453 1074 653 1131; x_wconf 78' lang='lat' dir='ltr'>Petrus7</span> <span class='ocrx_word' id='word_1_122' title='bbox 681 1081 724 1119; x_wconf 79' lang='lat' dir='ltr'>et</span> <span class='ocrx_word' id='word_1_123' title='bbox 742 1090 887 1135; x_wconf 78' lang='lat' dir='ltr'>super</span> <span class='ocrx_word' id='word_1_124' title='bbox 905 1073 1030 1119; x_wconf 75' lang='lat' dir='ltr'>hanc</span> <span class='ocrx_word' id='word_1_125' title='bbox 1050 1079 1240 1133; x_wconf 77' lang='lat' dir='ltr'>petram</span> <span class='ocrx_word' id='word_1_126' title='bbox 1260 1072 1505 1135; x_wconf 79' lang='lat' dir='ltr'>oedz&#39;ficaho</span> <span class='ocrx_word' id='word_1_127' title='bbox 1523 1073 1792 1119; x_wconf 74' lang='lat' dir='ltr'>Ecclesiam</span> 
     </span>
     <span class='ocr_line' id='line_1_14' title="bbox 90 1147 1794 1215; baseline -0.001 -16"><span class='ocrx_word' id='word_1_128' title='bbox 90 1169 262 1200; x_wconf 81' lang='lat' dir='ltr'>meam.</span> <span class='ocrx_word' id='word_1_129' title='bbox 275 1152 455 1215; x_wconf 89' lang='lat' dir='ltr'>Nempe</span> <span class='ocrx_word' id='word_1_130' title='bbox 474 1158 527 1196; x_wconf 90' lang='lat' dir='ltr'>ut</span> <span class='ocrx_word' id='word_1_131' title='bbox 548 1150 732 1214; x_wconf 87' lang='lat' dir='ltr'>sapiens</span> <span class='ocrx_word' id='word_1_132' title='bbox 751 1149 1030 1196; x_wconf 79' lang='lat' dir='ltr'>architectus</span> <span class='ocrx_word' id='word_1_133' title='bbox 1052 1148 1179 1211; x_wconf 87' lang='lat' dir='ltr'>prius</span> <span class='ocrx_word' id='word_1_134' title='bbox 1200 1147 1569 1195; x_wconf 85' lang='lat' dir='ltr'>fundamentum</span> <span class='ocrx_word' id='word_1_135' title='bbox 1589 1158 1794 1197; x_wconf 80' lang='lat' dir='ltr'>statuere</span> 
     </span>
     <span class='ocr_line' id='line_1_15' title="bbox 91 1224 1794 1292; baseline -0.002 -17"><span class='ocrx_word' id='word_1_136' title='bbox 91 1227 393 1292; x_wconf 88' lang='lat' dir='ltr'>voluitquam</span> <span class='ocrx_word' id='word_1_137' title='bbox 406 1227 657 1274; x_wconf 85' lang='lat' dir='ltr'>aedificium</span> <span class='ocrx_word' id='word_1_138' title='bbox 682 1226 872 1289; x_wconf 81' lang='lat' dir='ltr'>erigere.</span> <span class='ocrx_word' id='word_1_139' title='bbox 892 1227 1012 1271; x_wconf 87' lang='lat' dir='ltr'>Hinc</span> <span class='ocrx_word' id='word_1_140' title='bbox 1031 1224 1156 1270; x_wconf 87' lang='lat' dir='ltr'>Petri</span> <span class='ocrx_word' id='word_1_141' title='bbox 1171 1224 1402 1288; x_wconf 83' lang='lat' dir='ltr'>primatus</span> <span class='ocrx_word' id='word_1_142' title='bbox 1424 1227 1625 1288; x_wconf 86' lang='lat' dir='ltr'>spectari</span> <span class='ocrx_word' id='word_1_143' title='bbox 1650 1225 1794 1273; x_wconf 86' lang='lat' dir='ltr'>debet</span> 
     </span>
     <span class='ocr_line' id='line_1_16' title="bbox 93 1300 1794 1369; baseline -0.001 -18"><span class='ocrx_word' id='word_1_144' title='bbox 93 1305 162 1351; x_wconf 91' lang='lat' dir='ltr'>uti</span> <span class='ocrx_word' id='word_1_145' title='bbox 186 1303 317 1350; x_wconf 84' lang='lat' dir='ltr'>radix</span> <span class='ocrx_word' id='word_1_146' title='bbox 341 1304 532 1349; x_wconf 86' lang='lat' dir='ltr'>unitatis</span> <span class='ocrx_word' id='word_1_147' title='bbox 548 1338 560 1360; x_wconf 94' lang='lat'>7</span> <span class='ocrx_word' id='word_1_148' title='bbox 586 1303 655 1348; x_wconf 87' lang='lat' dir='ltr'>uti</span> <span class='ocrx_word' id='word_1_149' title='bbox 674 1302 804 1348; x_wconf 82' lang='lat' dir='ltr'>radix</span> <span class='ocrx_word' id='word_1_150' title='bbox 824 1319 875 1348; x_wconf 87' lang='lat' dir='ltr'>ac</span> <span class='ocrx_word' id='word_1_151' title='bbox 903 1300 1186 1366; x_wconf 86' lang='lat' dir='ltr'>principium</span> <span class='ocrx_word' id='word_1_152' title='bbox 1223 1302 1510 1348; x_wconf 84' lang='lat' dir='ltr'>auctoritatis</span> <span class='ocrx_word' id='word_1_153' title='bbox 1530 1339 1542 1361; x_wconf 93' lang='lat'>7</span> <span class='ocrx_word' id='word_1_154' title='bbox 1568 1304 1637 1348; x_wconf 89' lang='lat' dir='ltr'>uti</span> <span class='ocrx_word' id='word_1_155' title='bbox 1656 1304 1794 1369; x_wconf 88' lang='lat' dir='ltr'>prin-</span> 
     </span>
     <span class='ocr_line' id='line_1_17' title="bbox 91 1376 1791 1445; baseline -0.001 -19"><span class='ocrx_word' id='word_1_156' title='bbox 91 1380 264 1445; x_wconf 84' lang='lat' dir='ltr'>cipium</span> <span class='ocrx_word' id='word_1_157' title='bbox 287 1379 489 1444; x_wconf 89' lang='lat' dir='ltr'>denique</span> <span class='ocrx_word' id='word_1_158' title='bbox 511 1388 557 1425; x_wconf 86' lang='lat' dir='ltr'>et</span> <span class='ocrx_word' id='word_1_159' title='bbox 585 1378 716 1424; x_wconf 84' lang='lat' dir='ltr'>radix</span> <span class='ocrx_word' id='word_1_160' title='bbox 734 1414 746 1436; x_wconf 90' lang='lat'>7</span> <span class='ocrx_word' id='word_1_161' title='bbox 771 1377 895 1424; x_wconf 89' lang='lat' dir='ltr'>unde</span> <span class='ocrx_word' id='word_1_162' title='bbox 916 1378 1160 1424; x_wconf 85' lang='lat' dir='ltr'>dimanant</span> <span class='ocrx_word' id='word_1_163' title='bbox 1189 1376 1320 1423; x_wconf 91' lang='lat' dir='ltr'>dotes</span> <span class='ocrx_word' id='word_1_164' title='bbox 1336 1412 1349 1434; x_wconf 87' lang='lat'>7</span> <span class='ocrx_word' id='word_1_165' title='bbox 1387 1377 1555 1442; x_wconf 88' lang='lat' dir='ltr'>quibus</span> <span class='ocrx_word' id='word_1_166' title='bbox 1593 1378 1791 1425; x_wconf 87' lang='lat' dir='ltr'>Ecclesia</span> 
     </span>
     <span class='ocr_line' id='line_1_18' title="bbox 92 1451 1791 1519; baseline -0.001 -16"><span class='ocrx_word' id='word_1_167' title='bbox 92 1457 258 1504; x_wconf 89' lang='lat' dir='ltr'>emicat</span> <span class='ocrx_word' id='word_1_168' title='bbox 277 1492 288 1514; x_wconf 93' lang='lat'>7</span> <span class='ocrx_word' id='word_1_169' title='bbox 315 1464 478 1519; x_wconf 85' lang='lat' dir='ltr'>utpote</span> <span class='ocrx_word' id='word_1_170' title='bbox 510 1472 614 1519; x_wconf 85' lang='lat' dir='ltr'>quae</span> <span class='ocrx_word' id='word_1_171' title='bbox 649 1471 732 1519; x_wconf 88' lang='lat' dir='ltr'>per</span> <span class='ocrx_word' id='word_1_172' title='bbox 768 1453 897 1500; x_wconf 87' lang='lat' dir='ltr'>illam</span> <span class='ocrx_word' id='word_1_173' title='bbox 926 1462 1137 1518; x_wconf 83' lang='lat' dir='ltr'>petram,</span> <span class='ocrx_word' id='word_1_174' title='bbox 1160 1451 1344 1498; x_wconf 89' lang='lat' dir='ltr'>Christo</span> <span class='ocrx_word' id='word_1_175' title='bbox 1376 1453 1441 1499; x_wconf 91' lang='lat' dir='ltr'>ita</span> <span class='ocrx_word' id='word_1_176' title='bbox 1464 1452 1679 1514; x_wconf 85' lang='lat' dir='ltr'>volente7</span> <span class='ocrx_word' id='word_1_177' title='bbox 1706 1455 1791 1501; x_wconf 89' lang='lat' dir='ltr'>fir-</span> 
     </span>
     <span class='ocr_line' id='line_1_19' title="bbox 91 1527 1791 1596; baseline -0.001 -17"><span class='ocrx_word' id='word_1_178' title='bbox 91 1542 217 1580; x_wconf 85' lang='lat' dir='ltr'>mata</span> <span class='ocrx_word' id='word_1_179' title='bbox 250 1532 309 1578; x_wconf 90' lang='lat' dir='ltr'>sit</span> <span class='ocrx_word' id='word_1_180' title='bbox 335 1541 473 1596; x_wconf 90' lang='lat' dir='ltr'>atque</span> <span class='ocrx_word' id='word_1_181' title='bbox 516 1529 824 1577; x_wconf 88' lang='lat' dir='ltr'>constabilita.</span> <span class='ocrx_word' id='word_1_182' title='bbox 861 1530 965 1576; x_wconf 91' lang='lat' dir='ltr'>Non</span> <span class='ocrx_word' id='word_1_183' title='bbox 1005 1529 1147 1592; x_wconf 87' lang='lat' dir='ltr'>igitur</span> <span class='ocrx_word' id='word_1_184' title='bbox 1179 1530 1341 1575; x_wconf 87' lang='lat' dir='ltr'>Petrus</span> <span class='ocrx_word' id='word_1_185' title='bbox 1369 1527 1427 1575; x_wconf 85' lang='lat' dir='ltr'>ab</span> <span class='ocrx_word' id='word_1_186' title='bbox 1465 1529 1664 1577; x_wconf 86' lang='lat' dir='ltr'>Ecclesia</span> <span class='ocrx_word' id='word_1_187' title='bbox 1701 1531 1791 1595; x_wconf 88' lang='lat' dir='ltr'>pri-</span> 
     </span>
     <span class='ocr_line' id='line_1_20' title="bbox 94 1604 1794 1671; baseline -0.001 -17"><span class='ocrx_word' id='word_1_188' title='bbox 94 1617 275 1655; x_wconf 87' lang='lat' dir='ltr'>matum</span> <span class='ocrx_word' id='word_1_189' title='bbox 298 1607 631 1670; x_wconf 85' lang='lat' dir='ltr'>jurisdictionis</span> <span class='ocrx_word' id='word_1_190' title='bbox 661 1606 835 1670; x_wconf 89' lang='lat' dir='ltr'>accepit</span> <span class='ocrx_word' id='word_1_191' title='bbox 856 1641 870 1665; x_wconf 83' lang='lat'>7</span> <span class='ocrx_word' id='word_1_192' title='bbox 899 1605 981 1652; x_wconf 91' lang='lat' dir='ltr'>sed</span> <span class='ocrx_word' id='word_1_193' title='bbox 1002 1604 1196 1651; x_wconf 87' lang='lat' dir='ltr'>Ecclesia</span> <span class='ocrx_word' id='word_1_194' title='bbox 1220 1605 1372 1669; x_wconf 90' lang='lat' dir='ltr'>potius</span> <span class='ocrx_word' id='word_1_195' title='bbox 1399 1640 1411 1663; x_wconf 91' lang='lat'>7</span> <span class='ocrx_word' id='word_1_196' title='bbox 1444 1605 1608 1653; x_wconf 86' lang='lat' dir='ltr'>saltem</span> <span class='ocrx_word' id='word_1_197' title='bbox 1636 1606 1794 1671; x_wconf 90' lang='lat' dir='ltr'>quoad</span> 
     </span>
     <span class='ocr_line' id='line_1_21' title="bbox 92 1681 1791 1746; baseline -0.001 -15"><span class='ocrx_word' id='word_1_198' title='bbox 92 1703 230 1731; x_wconf 87' lang='lat' dir='ltr'>usum</span> <span class='ocrx_word' id='word_1_199' title='bbox 265 1694 310 1731; x_wconf 91' lang='lat' dir='ltr'>et</span> <span class='ocrx_word' id='word_1_200' title='bbox 340 1683 532 1730; x_wconf 86' lang='lat' dir='ltr'>modum</span> <span class='ocrx_word' id='word_1_201' title='bbox 561 1682 827 1730; x_wconf 81' lang='lat' dir='ltr'>exercendae</span> <span class='ocrx_word' id='word_1_202' title='bbox 858 1682 1098 1746; x_wconf 85' lang='lat' dir='ltr'>potestatis</span> <span class='ocrx_word' id='word_1_203' title='bbox 1133 1690 1179 1727; x_wconf 89' lang='lat' dir='ltr'>et</span> <span class='ocrx_word' id='word_1_204' title='bbox 1198 1681 1564 1742; x_wconf 80' lang='lat' dir='ltr'>jurisdictionis7</span> <span class='ocrx_word' id='word_1_205' title='bbox 1595 1700 1619 1729; x_wconf 89' lang='lat' dir='ltr'>a</span> <span class='ocrx_word' id='word_1_206' title='bbox 1652 1685 1791 1730; x_wconf 88' lang='lat' dir='ltr'>Petro</span> 
     </span>
     <span class='ocr_line' id='line_1_22' title="bbox 88 1755 1788 1825; baseline -0.001 -18"><span class='ocrx_word' id='word_1_207' title='bbox 88 1760 323 1822; x_wconf 86' lang='lat' dir='ltr'>dependet</span> <span class='ocrx_word' id='word_1_208' title='bbox 346 1761 433 1825; x_wconf 82' lang='lat' dir='ltr'>(l).</span> <span class='ocrx_word' id='word_1_209' title='bbox 459 1759 526 1805; x_wconf 90' lang='lat' dir='ltr'>Ad</span> <span class='ocrx_word' id='word_1_210' title='bbox 544 1759 752 1805; x_wconf 87' lang='lat' dir='ltr'>fidelium</span> <span class='ocrx_word' id='word_1_211' title='bbox 774 1768 931 1804; x_wconf 85' lang='lat' dir='ltr'>autem</span> <span class='ocrx_word' id='word_1_212' title='bbox 948 1766 1121 1805; x_wconf 85' lang='lat' dir='ltr'>coetum</span> <span class='ocrx_word' id='word_1_213' title='bbox 1154 1755 1281 1820; x_wconf 87' lang='lat' dir='ltr'>quod</span> <span class='ocrx_word' id='word_1_214' title='bbox 1303 1757 1474 1803; x_wconf 87' lang='lat' dir='ltr'>attinet</span> <span class='ocrx_word' id='word_1_215' title='bbox 1493 1793 1504 1816; x_wconf 95' lang='lat'>7</span> <span class='ocrx_word' id='word_1_216' title='bbox 1525 1775 1610 1805; x_wconf 89' lang='lat' dir='ltr'>nec</span> <span class='ocrx_word' id='word_1_217' title='bbox 1631 1768 1788 1823; x_wconf 88' lang='lat' dir='ltr'>potes-</span> 
     </span>
     <span class='ocr_line' id='line_1_23' title="bbox 87 1833 1790 1901; baseline -0.001 -18"><span class='ocrx_word' id='word_1_218' title='bbox 87 1845 235 1883; x_wconf 88' lang='lat' dir='ltr'>tatem</span> <span class='ocrx_word' id='word_1_219' title='bbox 254 1837 352 1901; x_wconf 91' lang='lat' dir='ltr'>ipse</span> <span class='ocrx_word' id='word_1_220' title='bbox 370 1871 383 1895; x_wconf 94' lang='lat'>7</span> <span class='ocrx_word' id='word_1_221' title='bbox 409 1852 496 1882; x_wconf 91' lang='lat' dir='ltr'>nec</span> <span class='ocrx_word' id='word_1_222' title='bbox 513 1835 754 1900; x_wconf 86' lang='lat' dir='ltr'>potestatis</span> <span class='ocrx_word' id='word_1_223' title='bbox 774 1851 909 1880; x_wconf 90' lang='lat' dir='ltr'>usum</span> <span class='ocrx_word' id='word_1_224' title='bbox 930 1852 955 1879; x_wconf 91' lang='lat' dir='ltr'>a</span> <span class='ocrx_word' id='word_1_225' title='bbox 976 1833 1159 1880; x_wconf 85' lang='lat' dir='ltr'>Christo</span> <span class='ocrx_word' id='word_1_226' title='bbox 1180 1849 1389 1897; x_wconf 86' lang='lat' dir='ltr'>unquam</span> <span class='ocrx_word' id='word_1_227' title='bbox 1412 1834 1589 1899; x_wconf 89' lang='lat' dir='ltr'>accepit</span> <span class='ocrx_word' id='word_1_228' title='bbox 1604 1871 1616 1895; x_wconf 88' lang='lat'>7</span> <span class='ocrx_word' id='word_1_229' title='bbox 1647 1834 1790 1882; x_wconf 86' lang='lat' dir='ltr'>adeo·-</span> 
     </span>
     <span class='ocr_line' id='line_1_24' title="bbox 91 1910 1789 1979; baseline -0.001 -18"><span class='ocrx_word' id='word_1_230' title='bbox 91 1931 181 1979; x_wconf 90' lang='lat' dir='ltr'>que</span> <span class='ocrx_word' id='word_1_231' title='bbox 210 1923 431 1960; x_wconf 85' lang='lat' dir='ltr'>neutrum</span> <span class='ocrx_word' id='word_1_232' title='bbox 467 1914 604 1959; x_wconf 88' lang='lat' dir='ltr'>Petro</span> <span class='ocrx_word' id='word_1_233' title='bbox 634 1910 708 1960; x_wconf 88' lang='lat' dir='ltr'>vel</span> <span class='ocrx_word' id='word_1_234' title='bbox 745 1911 821 1958; x_wconf 89' lang='lat' dir='ltr'>alii</span> <span class='ocrx_word' id='word_1_235' title='bbox 855 1910 1043 1959; x_wconf 90' lang='lat' dir='ltr'>cuilibet</span> <span class='ocrx_word' id='word_1_236' title='bbox 1083 1911 1237 1975; x_wconf 88' lang='lat' dir='ltr'>potuit</span> <span class='ocrx_word' id='word_1_237' title='bbox 1268 1911 1638 1979; x_wconf 88' lang='lat' dir='ltr'>communicare7</span> <span class='ocrx_word' id='word_1_238' title='bbox 1682 1928 1789 1959; x_wconf 90' lang='lat' dir='ltr'>cum</span> 
     </span>
     <span class='ocr_line' id='line_1_25' title="bbox 91 1988 781 2056; baseline -0.004 -18"><span class='ocrx_word' id='word_1_239' title='bbox 91 2008 232 2038; x_wconf 91' lang='lat' dir='ltr'>nemo</span> <span class='ocrx_word' id='word_1_240' title='bbox 256 1990 336 2037; x_wconf 91' lang='lat' dir='ltr'>det</span> <span class='ocrx_word' id='word_1_241' title='bbox 361 1989 486 2056; x_wconf 89' lang='lat' dir='ltr'>quod</span> <span class='ocrx_word' id='word_1_242' title='bbox 506 2007 602 2036; x_wconf 91' lang='lat' dir='ltr'>non</span> <span class='ocrx_word' id='word_1_243' title='bbox 628 1988 781 2036; x_wconf 87' lang='lat' dir='ltr'>habet.</span> 
     </span>
    </p>
   </div>
   <div class='ocr_carea' id='block_1_4' title="bbox 975 2205 1794 2392">
    <p class='ocr_par' dir='ltr' id='par_1_4' title="bbox 975 2205 1794 2392">
     <span class='ocr_line' id='line_1_26' title="bbox 975 2205 1791 2247; baseline 0 -2"><span class='ocrx_word' id='word_1_244' title='bbox 975 2220 1053 2245; x_wconf 82' lang='lat' dir='ltr'>sare</span> <span class='ocrx_word' id='word_1_245' title='bbox 1086 2205 1258 2246; x_wconf 82' lang='lat' dir='ltr'>debehat.</span> <span class='ocrx_word' id='word_1_246' title='bbox 1289 2207 1386 2245; x_wconf 91' lang='lat' dir='ltr'>Cum</span> <span class='ocrx_word' id='word_1_247' title='bbox 1406 2221 1493 2246; x_wconf 87' lang='lat' dir='ltr'>vero</span> <span class='ocrx_word' id='word_1_248' title='bbox 1519 2209 1559 2245; x_wconf 89' lang='lat' dir='ltr'>in</span> <span class='ocrx_word' id='word_1_249' title='bbox 1594 2208 1701 2245; x_wconf 89' lang='lat' dir='ltr'>Petro</span> <span class='ocrx_word' id='word_1_250' title='bbox 1730 2222 1791 2247; x_wconf 88' lang='lat' dir='ltr'>or-</span> 
     </span>
     <span class='ocr_line' id='line_1_27' title="bbox 975 2273 1794 2324; baseline 0.004 -14"><span class='ocrx_word' id='word_1_251' title='bbox 975 2273 1117 2311; x_wconf 87' lang='lat' dir='ltr'>dinaria</span> <span class='ocrx_word' id='word_1_252' title='bbox 1138 2273 1250 2311; x_wconf 89' lang='lat' dir='ltr'>fuerit</span> <span class='ocrx_word' id='word_1_253' title='bbox 1263 2302 1273 2321; x_wconf 90' lang='lat'><em>‚</em></span> <span class='ocrx_word' id='word_1_254' title='bbox 1294 2273 1397 2324; x_wconf 82' lang='lat' dir='ltr'>juxta</span> <span class='ocrx_word' id='word_1_255' title='bbox 1422 2275 1600 2324; x_wconf 86' lang='lat' dir='ltr'>primatus</span> <span class='ocrx_word' id='word_1_256' title='bbox 1614 2274 1729 2312; x_wconf 88' lang='lat' dir='ltr'>finem</span> <span class='ocrx_word' id='word_1_257' title='bbox 1746 2274 1794 2313; x_wconf 83' lang='lat' dir='ltr'>ad</span> 
     </span>
     <span class='ocr_line' id='line_1_28' title="bbox 976 2338 1794 2392; baseline 0.004 -16"><span class='ocrx_word' id='word_1_258' title='bbox 976 2340 1152 2376; x_wconf 85' lang='lat' dir='ltr'>unitatem</span> <span class='ocrx_word' id='word_1_259' title='bbox 1171 2338 1340 2376; x_wconf 80' lang='lat' dir='ltr'>Ecclesiae</span> <span class='ocrx_word' id='word_1_260' title='bbox 1362 2339 1662 2377; x_wconf 87' lang='lat' dir='ltr'>constituendam</span> <span class='ocrx_word' id='word_1_261' title='bbox 1682 2348 1794 2392; x_wconf 83' lang='lat' dir='ltr'>atque</span> 
     </span>
    </p>
   </div>
   <div class='ocr_carea' id='block_1_5' title="bbox 98 2208 911 2392">
    <p class='ocr_par' dir='ltr' id='par_1_5' title="bbox 98 2208 911 2392">
     <span class='ocr_line' id='line_1_29' title="bbox 153 2208 908 2261; baseline -0.001 -15"><span class='ocrx_word' id='word_1_262' title='bbox 153 2210 206 2260; x_wconf 83' lang='lat'>(1)</span> <span class='ocrx_word' id='word_1_263' title='bbox 237 2209 325 2248; x_wconf 86' lang='lat' dir='ltr'>Haec</span> <span class='ocrx_word' id='word_1_264' title='bbox 353 2209 505 2261; x_wconf 84' lang='lat' dir='ltr'>intelligi</span> <span class='ocrx_word' id='word_1_265' title='bbox 541 2208 679 2247; x_wconf 89' lang='lat' dir='ltr'>debent</span> <span class='ocrx_word' id='word_1_266' title='bbox 713 2210 767 2245; x_wconf 80' lang='lat' dir='ltr'>in&#39;</span> <span class='ocrx_word' id='word_1_267' title='bbox 799 2221 908 2245; x_wconf 83' lang='lat' dir='ltr'>sensu</span> 
     </span>
     <span class='ocr_line' id='line_1_30' title="bbox 98 2273 909 2324; baseline -0.002 -12"><span class='ocrx_word' id='word_1_268' title='bbox 98 2274 232 2324; x_wconf 81' lang='lat' dir='ltr'>thesis3</span> <span class='ocrx_word' id='word_1_269' title='bbox 253 2289 321 2313; x_wconf 86' lang='lat' dir='ltr'>nec</span> <span class='ocrx_word' id='word_1_270' title='bbox 344 2277 442 2313; x_wconf 86' lang='lat' dir='ltr'>enim</span> <span class='ocrx_word' id='word_1_271' title='bbox 463 2275 675 2313; x_wconf 83' lang='lat' dir='ltr'>inficiamur</span> <span class='ocrx_word' id='word_1_272' title='bbox 691 2304 701 2320; x_wconf 89' lang='lat'>7</span> <span class='ocrx_word' id='word_1_273' title='bbox 717 2273 909 2324; x_wconf 81' lang='lat' dir='ltr'>Apostolos</span> 
     </span>
     <span class='ocr_line' id='line_1_31' title="bbox 98 2338 911 2392; baseline -0.004 -14"><span class='ocrx_word' id='word_1_274' title='bbox 98 2340 380 2378; x_wconf 81' lang='lat' dir='ltr'>extraordinaria</span> <span class='ocrx_word' id='word_1_275' title='bbox 412 2341 575 2392; x_wconf 88' lang='lat' dir='ltr'>quadam</span> <span class='ocrx_word' id='word_1_276' title='bbox 610 2343 752 2377; x_wconf 85' lang='lat' dir='ltr'>ratione</span> <span class='ocrx_word' id='word_1_277' title='bbox 791 2338 911 2376; x_wconf 85' lang='lat' dir='ltr'>claves</span> 
     </span>
    </p>
   </div>
   <div class='ocr_carea' id='block_1_6' title="bbox 98 2404 1795 2456">
    <p class='ocr_par' dir='ltr' id='par_1_6' title="bbox 98 2404 1795 2456">
     <span class='ocr_line' id='line_1_32' title="bbox 98 2404 1795 2456; baseline 0.001 -13"><span class='ocrx_word' id='word_1_278' title='bbox 98 2405 309 2443; x_wconf 84' lang='lat' dir='ltr'>immediate</span> <span class='ocrx_word' id='word_1_279' title='bbox 331 2419 351 2442; x_wconf 91' lang='lat' dir='ltr'>a</span> <span class='ocrx_word' id='word_1_280' title='bbox 375 2405 523 2443; x_wconf 76' lang='lat' dir='ltr'>Christo</span> <span class='ocrx_word' id='word_1_281' title='bbox 550 2407 745 2456; x_wconf 83' lang='lat' dir='ltr'>accepisse.</span> <span class='ocrx_word' id='word_1_282' title='bbox 771 2404 909 2441; x_wconf 85' lang='lat' dir='ltr'>Verum</span> <span class='ocrx_word' id='word_1_283' title='bbox 977 2407 1015 2443; x_wconf 89' lang='lat' dir='ltr'>in</span> <span class='ocrx_word' id='word_1_284' title='bbox 1039 2413 1258 2456; x_wconf 85' lang='lat' dir='ltr'>perpetuum</span> <span class='ocrx_word' id='word_1_285' title='bbox 1276 2406 1570 2443; x_wconf 85' lang='lat' dir='ltr'>conservandam</span> <span class='ocrx_word' id='word_1_286' title='bbox 1586 2435 1596 2452; x_wconf 88' lang='lat'>7</span> <span class='ocrx_word' id='word_1_287' title='bbox 1616 2405 1722 2453; x_wconf 79' lang='lat' dir='ltr'>ideo,</span> <span class='ocrx_word' id='word_1_288' title='bbox 1740 2407 1795 2444; x_wconf 88' lang='lat' dir='ltr'>uti</span> 
     </span>
    </p>
   </div>
   <div class='ocr_carea' id='block_1_7' title="bbox 99 2470 914 2918">
    <p class='ocr_par' dir='ltr' id='par_1_7' title="bbox 99 2470 914 2918">
     <span class='ocr_line' id='line_1_33' title="bbox 99 2470 914 2522; baseline -0.001 -14"><span class='ocrx_word' id='word_1_289' title='bbox 99 2470 267 2522; x_wconf 87' lang='lat' dir='ltr'>Apostoli</span> <span class='ocrx_word' id='word_1_290' title='bbox 292 2470 426 2522; x_wconf 87' lang='lat' dir='ltr'>reliqui</span> <span class='ocrx_word' id='word_1_291' title='bbox 452 2485 528 2509; x_wconf 86' lang='lat' dir='ltr'>non</span> <span class='ocrx_word' id='word_1_292' title='bbox 555 2471 684 2509; x_wconf 84' lang='lat' dir='ltr'>eodem</span> <span class='ocrx_word' id='word_1_293' title='bbox 714 2470 825 2507; x_wconf 87' lang='lat' dir='ltr'>modo</span> <span class='ocrx_word' id='word_1_294' title='bbox 853 2483 914 2508; x_wconf 86' lang='lat' dir='ltr'>ac-</span> 
     </span>
     <span class='ocr_line' id='line_1_34' title="bbox 99 2535 914 2588; baseline -0.004 -13"><span class='ocrx_word' id='word_1_295' title='bbox 99 2544 277 2588; x_wconf 86' lang='lat' dir='ltr'>ceperunt</span> <span class='ocrx_word' id='word_1_296' title='bbox 296 2564 306 2582; x_wconf 88' lang='lat'><strong>,</strong></span> <span class='ocrx_word' id='word_1_297' title='bbox 342 2550 415 2587; x_wconf 91' lang='lat' dir='ltr'>quo</span> <span class='ocrx_word' id='word_1_298' title='bbox 441 2550 501 2575; x_wconf 83' lang='lat' dir='ltr'>eas</span> <span class='ocrx_word' id='word_1_299' title='bbox 522 2538 663 2587; x_wconf 86' lang='lat' dir='ltr'>accepit</span> <span class='ocrx_word' id='word_1_300' title='bbox 680 2535 834 2584; x_wconf 83' lang='lat' dir='ltr'>Petrus;</span> <span class='ocrx_word' id='word_1_301' title='bbox 867 2537 914 2572; x_wconf 83' lang='lat' dir='ltr'>si-</span> 
     </span>
     <span class='ocr_line' id='line_1_35' title="bbox 99 2600 912 2654; baseline -0.004 -14"><span class='ocrx_word' id='word_1_302' title='bbox 99 2603 251 2654; x_wconf 89' lang='lat' dir='ltr'>quidem</span> <span class='ocrx_word' id='word_1_303' title='bbox 288 2609 443 2653; x_wconf 80' lang='lat' dir='ltr'>potestas</span> <span class='ocrx_word' id='word_1_304' title='bbox 471 2601 631 2640; x_wconf 85' lang='lat' dir='ltr'>clavium</span> <span class='ocrx_word' id='word_1_305' title='bbox 658 2603 699 2638; x_wconf 91' lang='lat' dir='ltr'>in</span> <span class='ocrx_word' id='word_1_306' title='bbox 727 2600 912 2652; x_wconf 84' lang='lat' dir='ltr'>Apostolis</span> 
     </span>
     <span class='ocr_line' id='line_1_36' title="bbox 100 2666 912 2714; baseline -0.002 -9"><span class='ocrx_word' id='word_1_307' title='bbox 100 2668 169 2706; x_wconf 87' lang='lat' dir='ltr'>fuit</span> <span class='ocrx_word' id='word_1_308' title='bbox 197 2668 485 2707; x_wconf 86' lang='lat' dir='ltr'>extraordinaria</span> <span class='ocrx_word' id='word_1_309' title='bbox 503 2695 514 2714; x_wconf 91' lang='grc'><em>,</em></span> <span class='ocrx_word' id='word_1_310' title='bbox 541 2667 585 2705; x_wconf 86' lang='lat' dir='ltr'>ad</span> <span class='ocrx_word' id='word_1_311' title='bbox 607 2666 820 2705; x_wconf 80' lang='lat' dir='ltr'>fundandas</span> <span class='ocrx_word' id='word_1_312' title='bbox 839 2667 912 2703; x_wconf 89' lang='lat' dir='ltr'>sci-</span> 
     </span>
     <span class='ocr_line' id='line_1_37' title="bbox 101 2731 908 2784; baseline -0.004 -13"><span class='ocrx_word' id='word_1_313' title='bbox 101 2733 188 2772; x_wconf 88' lang='lat' dir='ltr'>licet</span> <span class='ocrx_word' id='word_1_314' title='bbox 222 2733 401 2772; x_wconf 70' lang='lat' dir='ltr'>Ecclesiae</span> <span class='ocrx_word' id='word_1_315' title='bbox 421 2762 432 2781; x_wconf 89' lang='lat'>7</span> <span class='ocrx_word' id='word_1_316' title='bbox 461 2741 654 2784; x_wconf 89' lang='lat' dir='ltr'>ceteraque</span> <span class='ocrx_word' id='word_1_317' title='bbox 678 2731 881 2784; x_wconf 82' lang='lat' dir='ltr'>praestanda</span> <span class='ocrx_word' id='word_1_318' title='bbox 897 2760 908 2778; x_wconf 89' lang='lat'>7</span> 
     </span>
     <span class='ocr_line' id='line_1_38' title="bbox 105 2798 911 2850; baseline -0.002 -14"><span class='ocrx_word' id='word_1_319' title='bbox 105 2812 184 2850; x_wconf 81' lang='lat' dir='ltr'>quae</span> <span class='ocrx_word' id='word_1_320' title='bbox 204 2799 252 2837; x_wconf 83' lang='lat' dir='ltr'>ad</span> <span class='ocrx_word' id='word_1_321' title='bbox 265 2812 392 2838; x_wconf 85' lang='lat' dir='ltr'>earum</span> <span class='ocrx_word' id='word_1_322' title='bbox 415 2799 686 2836; x_wconf 82' lang='lat' dir='ltr'>institutionem</span> <span class='ocrx_word' id='word_1_323' title='bbox 712 2798 911 2836; x_wconf 79' lang='lat' dir='ltr'>necessaria</span> 
     </span>
     <span class='ocr_line' id='line_1_39' title="bbox 103 2863 913 2918; baseline 0 -16"><span class='ocrx_word' id='word_1_324' title='bbox 103 2872 224 2911; x_wconf 77' lang='lat' dir='ltr'>erant3</span> <span class='ocrx_word' id='word_1_325' title='bbox 245 2866 412 2918; x_wconf 82' lang='lat' dir='ltr'>adeoque</span> <span class='ocrx_word' id='word_1_326' title='bbox 426 2879 512 2904; x_wconf 86' lang='lat' dir='ltr'>cum</span> <span class='ocrx_word' id='word_1_327' title='bbox 533 2866 695 2916; x_wconf 88' lang='lat' dir='ltr'>ipsorum</span> <span class='ocrx_word' id='word_1_328' title='bbox 718 2863 824 2903; x_wconf 83' lang='lat' dir='ltr'>obitu</span> <span class='ocrx_word' id='word_1_329' title='bbox 836 2876 913 2902; x_wconf 84' lang='lat' dir='ltr'>ces-</span> 
     </span>
    </p>
   </div>
   <div class='ocr_carea' id='block_1_8' title="bbox 233 3059 446 3107">
    <p class='ocr_par' dir='ltr' id='par_1_8' title="bbox 233 3059 446 3107">
     <span class='ocr_line' id='line_1_40' title="bbox 233 3059 446 3107; baseline 0 -1"><span class='ocrx_word' id='word_1_330' title='bbox 233 3060 285 3106; x_wconf 87' lang='lat' dir='ltr'>T.</span> <span class='ocrx_word' id='word_1_331' title='bbox 327 3059 446 3107; x_wconf 89' lang='lat' dir='ltr'><strong>VIII.</strong></span> 
     </span>
    </p>
   </div>
   <div class='ocr_carea' id='block_1_9' title="bbox 978 2468 1837 2851">
    <p class='ocr_par' dir='ltr' id='par_1_9' title="bbox 978 2468 1837 2851">
     <span class='ocr_line' id='line_1_41' title="bbox 981 2468 1795 2520; baseline 0.002 -13"><span class='ocrx_word' id='word_1_332' title='bbox 981 2478 1101 2519; x_wconf 86' lang='lat' dir='ltr'>postea</span> <span class='ocrx_word' id='word_1_333' title='bbox 1127 2471 1362 2507; x_wconf 80' lang='lat' dir='ltr'>ostendemus</span> <span class='ocrx_word' id='word_1_334' title='bbox 1378 2499 1389 2520; x_wconf 86' lang='lat'>‚</span> <span class='ocrx_word' id='word_1_335' title='bbox 1414 2472 1453 2507; x_wconf 86' lang='lat' dir='ltr'>in</span> <span class='ocrx_word' id='word_1_336' title='bbox 1473 2468 1558 2520; x_wconf 84' lang='lat' dir='ltr'>ejus·</span> <span class='ocrx_word' id='word_1_337' title='bbox 1571 2483 1795 2510; x_wconf 85' lang='lat' dir='ltr'>successores</span> 
     </span>
     <span class='ocr_line' id='line_1_42' title="bbox 980 2535 1837 2587; baseline 0.005 -15"><span class='ocrx_word' id='word_1_338' title='bbox 980 2542 1054 2573; x_wconf 84' lang='lat' dir='ltr'>erat</span> <span class='ocrx_word' id='word_1_339' title='bbox 1078 2536 1373 2574; x_wconf 86' lang='lat' dir='ltr'>transmittenda.</span> <span class='ocrx_word' id='word_1_340' title='bbox 1401 2535 1636 2587; x_wconf 84' lang='lat' dir='ltr'>Quapropter</span> <span class='ocrx_word' id='word_1_341' title='bbox 1665 2551 1795 2576; x_wconf 87' lang='lat' dir='ltr'>omnes</span> <span class='ocrx_word' id='word_1_342' title='bbox 1834 2573 1837 2576; x_wconf 83' lang='lat'><strong>.</strong></span> 
     </span>
     <span class='ocr_line' id='line_1_43' title="bbox 980 2600 1795 2653; baseline 0.002 -15"><span class='ocrx_word' id='word_1_343' title='bbox 980 2600 1148 2639; x_wconf 83' lang='lat' dir='ltr'>Ecclesiae</span> <span class='ocrx_word' id='word_1_344' title='bbox 1180 2601 1355 2653; x_wconf 83' lang='lat' dir='ltr'>praesules</span> <span class='ocrx_word' id='word_1_345' title='bbox 1389 2616 1409 2639; x_wconf 88' lang='lat' dir='ltr'>a</span> <span class='ocrx_word' id='word_1_346' title='bbox 1446 2600 1581 2648; x_wconf 84' lang='lat' dir='ltr'>Petro,</span> <span class='ocrx_word' id='word_1_347' title='bbox 1619 2616 1688 2640; x_wconf 87' lang='lat' dir='ltr'>nec</span> <span class='ocrx_word' id='word_1_348' title='bbox 1716 2604 1795 2640; x_wconf 85' lang='lat' dir='ltr'>sine</span> 
     </span>
     <span class='ocr_line' id='line_1_44' title="bbox 981 2668 1794 2719; baseline 0.002 -15"><span class='ocrx_word' id='word_1_349' title='bbox 981 2680 1173 2715; x_wconf 82' lang='lat' dir='ltr'>mensura,</span> <span class='ocrx_word' id='word_1_350' title='bbox 1201 2669 1318 2706; x_wconf 86' lang='lat' dir='ltr'>claves</span> <span class='ocrx_word' id='word_1_351' title='bbox 1340 2669 1427 2705; x_wconf 79' lang='lat' dir='ltr'>istas</span> <span class='ocrx_word' id='word_1_352' title='bbox 1457 2670 1619 2719; x_wconf 86' lang='lat' dir='ltr'>accipere</span> <span class='ocrx_word' id='word_1_353' title='bbox 1651 2668 1794 2706; x_wconf 87' lang='lat' dir='ltr'>debue-</span> 
     </span>
     <span class='ocr_line' id='line_1_45' title="bbox 978 2731 1790 2783; baseline 0.001 -13"><span class='ocrx_word' id='word_1_354' title='bbox 978 2740 1076 2770; x_wconf 86' lang='lat' dir='ltr'>runt.</span> <span class='ocrx_word' id='word_1_355' title='bbox 1093 2732 1171 2773; x_wconf 82' lang='lat' dir='ltr'>cfr.</span> <span class='ocrx_word' id='word_1_356' title='bbox 1184 2733 1359 2772; x_wconf 83' lang='lat' dir='ltr'>Bellarm.</span> <span class='ocrx_word' id='word_1_357' title='bbox 1376 2731 1434 2771; x_wconf 75' lang='lat' dir='ltr'>De</span> <span class='ocrx_word' id='word_1_358' title='bbox 1454 2733 1565 2773; x_wconf 84' lang='lat' dir='ltr'>Rom.</span> <span class='ocrx_word' id='word_1_359' title='bbox 1580 2732 1767 2783; x_wconf 76' lang='lat' dir='ltr'>Pomifioe</span> <span class='ocrx_word' id='word_1_360' title='bbox 1779 2762 1790 2781; x_wconf 94' lang='lat'>‚</span> 
     </span>
     <span class='ocr_line' id='line_1_46' title="bbox 978 2798 1315 2851; baseline 0.006 -15"><span class='ocrx_word' id='word_1_361' title='bbox 978 2798 1044 2837; x_wconf 88' lang='lat' dir='ltr'>lib.</span> <span class='ocrx_word' id='word_1_362' title='bbox 1067 2810 1107 2847; x_wconf 90' lang='lat'>1,</span> <span class='ocrx_word' id='word_1_363' title='bbox 1136 2813 1220 2851; x_wconf 84' lang='lat' dir='ltr'>cap.</span> <span class='ocrx_word' id='word_1_364' title='bbox 1251 2810 1315 2838; x_wconf 83' lang='lat'>12.</span> 
     </span>
    </p>
   </div>
   <div class='ocr_carea' id='block_1_10' title="bbox 1536 3051 1600 3098">
    <p class='ocr_par' dir='ltr' id='par_1_10' title="bbox 1536 3051 1600 3098">
     <span class='ocr_line' id='line_1_47' title="bbox 1536 3051 1600 3098; baseline 0 0"><span class='ocrx_word' id='word_1_365' title='bbox 1536 3051 1600 3098; x_wconf 82' lang='lat'>23</span> 
     </span>
    </p>
   </div>
  </div>
 </body>
</html>
