2028 3354
1717 217 1809 265 393

369 236 491 268 PART.
530 237 562 265 Ι,
602 236 724 265 SECT.
762 234 810 264 11.
848 235 946 265 CAP.
986 236 1037 264 11.
1076 235 1129 263 DE
1165 236 1347 264 PRIMAT.
1383 234 1565 264 PERPET.

112 367 222 396 cum
254 350 524 397 ordinandi
553 352 770 411 fuerint,
813 366 834 394 e
870 349 979 395 coelo
1025 349 1222 411 lapsuri
1253 366 1348 395 non
1386 357 1522 404 wne,-
1570 365 1715 412 neque
1745 351 1815 395 ad

111 428 335 473 creandos
356 443 426 472 eos
443 460 456 483 ‚
495 427 586 471 u-bz’
602 443 719 485 opus
737 428 914 486 fuerit,
938 434 1083 472 tetam
1112 426 1379 472 Ecclesiam
1403 429 1576 483 citari,
1605 442 1809 472 commo-

110 505 300 564 verique
334 503 585 565 oportebat.
613 503 806 549 Necesse
836 520 940 565 erqo
965 510 1060 561 est,
1108 511 1163 547 uc
1184 507 1246 547 sz't
1276 504 1442 564 aliqua
1473 504 1700 549 Ecclesiae
1730 520 1807 550 ca-

111 580 286 624 tholieoe
301 596 426 641 pars
437 613 454 634 ,
486 596 541 624 ear
569 597 665 641 qua
694 581 928 635 existant,
959 580 1139 639 aliique
1169 579 1284 624 aliis
1312 580 1632 641 subroyentur
1651 580 1738 642 (l).

175 655 284 701 575.
322 656 470 719 Atque
494 655 603 701 inde
621 655 878 702 dimanavit
904 656 1045 699 realis
1059 654 1144 698 z'lla
1156 659 1421 716 prcesetztz'a
1434 690 1448 710 ,
1472 664 1525 700 ut
1549 673 1651 702 eam
1676 665 1807 703 vocat

109 730 271 776 Comes
303 733 369 777 De
391 732 575 777 Maistre
594 767 605 789 7
628 747 730 794 quae
748 729 804 775 ab
824 730 932 793 ipsis
956 729 1020 775 rei
1039 728 1301 775 christianae
1321 729 1614 777 incunabulis
1635 732 1805 798 ubique

108 823 155 852 se
189 807 375 870 prodit„
411 805 555 868 'hujus
590 808 815 870 primatus
851 821 877 849 a
902 805 1036 850 Rom.
1082 804 1382 851 Pontificibus
1410 805 1724 854 administrati
1757 819 1804 856 et

108 882 310 928 exerciti.
352 883 482 928 Hanc
519 882 642 928 enim
670 879 1062 944 deprehendimus
1092 881 1140 925 in
1174 882 1616 928 Rom..Poutificum
1641 887 1802 945 gestis,

107 958 203 1005 sive
236 976 341 1004 cum
376 975 551 1005 errores
583 957 872 1020 haeresesque
906 956 1193 1003 damnarunt
1230 958 1327 1022 (2)7
1360 958 1457 1004 sive
1493 976 1599 1005 cum
1634 977 1803 1008 sanxe-

106 1043 218 1080 runt
250 1034 538 1098 disciplinam
565 1033 613 1078 in
642 1031 836 1079 Ecclesia
865 1033 1079 1080 universa
1105 1032 1175 1096 (3)
1192 1071 1204 1093 ,
1238 1035 1336 1080 sive
1356 1051 1462 1080 cum
1486 1046 1668 1082 exortas
1688 1053 1801 1084 con-

106 1111 348 1156 troversias
371 1109 541 1173 ubique
562 1108 771 1171 gentium
794 1107 1083 1155 diremerunt
1100 1145 1112 1167 .,
1145 1111 1241 1156 sive
1267 1127 1372 1157 cum
1394 1113 1641 1178 Episcopos
1663 1112 1799 1178 longe

107 1185 284 1231 dissitos
308 1194 406 1231 tum
439 1185 486 1230 in
516 1185 705 1231 Oriente
741 1193 838 1230 tum
878 1186 927 1231 in
965 1185 1215 1232 Occidente
1265 1186 1453 1234 obedire
1485 1188 1799 1238 detrectantes

106 1261 241 1307 minis
277 1270 630 1325 perterruerunt
669 1271 749 1307 aut
782 1262 921 1307 etiam
948 1262 1294 1327 deposuerunt7
1331 1264 1427 1310 sive
1470 1263 1582 1312 dum
1610 1265 1721 1313 alios
1748 1267 1799 1315 id

93 1354 233 1401 genus
252 1337 536 1384 auctoritatis
557 1346 685 1384 actus
715 1348 1050 1397 exercuerunt,
1083 1338 1251 1402 quibus
1291 1340 1460 1387 reserta
1505 1351 1573 1388 est
1615 1342 1796 1391 ecclesi-

92 1414 228 1460 astiea
274 1415 417 1460 trium
459 1414 666 1478 priorum
700 1414 961 1461 seculorum
1000 1415 1188 1462 historia
1221 1416 1309 1481 (4)

158 1490 269 1536 576.
310 1490 531 1537 Eamdem
565 1500 789 1555 praeterea
832 1490 1231 1556 deprehendimus
1270 1496 1318 1539 in
1357 1495 1537 1559 scriptis
1574 1506 1713 1560 atque
1742 1499 1792 1546 in

92 1566 258 1629 agendi
295 1568 475 1613 ratione
499 1566 704 1614 Ecclesiae
728 1568 917 1613 Patrum
953 1568 1093 1614 totius
1123 1568 1360 1616 christiani
1388 1571 1528 1617 orbis.
1561 1573 1642 1619 Vix
1664 1574 1792 1622 enim

92 1658 177 1706 per
192 1642 238 1687 id
251 1643 472 1707 temporis
485 1642 667 1689 haeresis
688 1642 842 1707 aliqua
865 1652 945 1689 aut
958 1644 1157 1691 schisma
1178 1645 1488 1705 exoriebatur,
1508 1665 1613 1695 cum
1628 1667 1789 1698 omnes

92 1717 211 1764 illico
247 1718 400 1765 oculos
447 1737 551 1765 suos
590 1719 928 1768 convertebant
964 1721 1023 1767 ad
1061 1723 1192 1768 Rom.
1245 1724 1549 1785 Pontificem,
1596 1744 1788 1793 remque

96 1802 243 1840 totam
281 1794 340 1841 ad
381 1813 488 1842 eum
523 1795 796 1843 deferebant
826 1797 924 1860 (5);
963 1798 1265 1862 opponebant
1298 1799 1525 1848 haereticis
1558 1812 1605 1850 et
1641 1803 1788 1851 schis-

150 2022 203 2073 (1)
233 2022 394 2074 Defens.
411 2023 519 2062 Cleri
528 2025 658 2076 yallic.
671 2027 740 2066 lib.
756 2042 776 2065 x
793 2057 803 2075 ‚
822 2042 904 2079 cap.

99 2085 123 2126 5
139 2116 149 2135 ‚
171 2089 235 2126 cit.
259 2088 347 2126 edit.
376 2098 467 2128 tom.
488 2103 617 2129 xxxin.
842 2097 844 2099 ’

153 2150 203 2201 (⁹2)
232 2151 309 2190 Cfr.
336 2162 431 2205 gesta
466 2168 560 2193 rom.
594 2154 814 2193 Pontificum
839 2156 902 2195 Ze-

99 2215 245 2267 phyrini
262 2249 272 2265 ‚
293 2219 475 2273 Dionysii,
501 2221 657 2260 Victoris
675 2253 683 2269 ‚
701 2221 904 2274 Stephani,

96 2282 194 2331 apud
221 2281 358 2325 Euseb.
386 2284 493 2325 Hine.
524 2286 613 2326 eccl.
634 2287 706 2327 lib.
736 2303 775 2337 v,
796 2302 831 2327 c.
856 2288 905 2326 23

96 2354 131 2384 et
144 2360 265 2399 seqq„
280 2349 347 2389 lib.
368 2366 419 2402 vr,
435 2366 517 2404 cap.
533 2350 600 2402 43,
620 2353 764 2401 Ιίῐ).’νιῐ,
779 2368 860 2406 cap.
881 2354 904 2393 3

94 2419 129 2450 et
154 2426 259 2465 seqq.
284 2421 356 2454 etc.

150 2477 204 2528 (3)
236 2478 333 2517 lbid.
360 2481 426 2519 lib.
451 2496 489 2529 v,
514 2496 594 2535 cap.
613 2482 679 2534 24,
706 2483 771 2523 25.

147 2542 197 2593 (4)
220 2543 299 2581 Cfr.
314 2544 463 2596 Bolgeni
482 2575 492 2593 ‚
511 2549 550 2585 in
571 2561 633 2599 op.
659 2552 720 2587 cui
743 2552 800 2588 tit.
817 2538 917 2589 Ile-¹

83 2608 301 2660 piscopato,
326 2610 416 2649 edit.
432 2609 579 2650 Orvieto
600 2611 719 2666 1837,
734 2622 825 2655 tom.
843 2630 901 2666 111,

93 2672 322 2725 Appendice
341 2675 400 2722 H,
415 2690 456 2714 n.
472 2676 550 2714 630
573 2685 610 2715 et.
622 2692 725 2732 seqq.
747 2691 833 2731 ‘pag-
849 2679 897 2718 61

92 2746 126 2776 et
150 2752 255 2791 seqq.
286 2742 349 2792 qui
367 2741 414 2778 ad
441 2741 478 2779 id
514 2742 784 2781 ostendendum
817 2758 900 2795 per-

91 2805 200 2841 currit
230 2812 266 2843 et
296 2809 431 2844 excutit
460 2808 641 2859 ejusmodi
680 2809 776 2847 facta
805 2809 899 2849 inci-

90 2870 225 2921 piendo
253 2886 273 2910 a
294 2875 418 2913 seculo
446 2888 458 2911 ι
490 2875 537 2913 ad
561 2889 636 2914 sec.
659 2891 682 2915 v
704 2875 895 2926 inclusive,

90 2933 225 2988 quihus
241 2940 341 2989 quod
370 2941 590 2980 asseruimus
610 2942 898 2984 luculentissime

91 3002 286 3041 evincitur.

1028 2028 1080 2079 (5)
1111 2028 1165 2067 Ita
1193 2031 1331 2069 factum
1355 2040 1408 2070 est
1431 2034 1469 2070 in
1499 2034 1692 2073 schismate
1706 2034 1785 2074 Do-

971 2092 1187 2132 natistarum
1201 2124 1214 2145 ,
1241 2097 1280 2134 in
1304 2096 1498 2137 schismate
1533 2098 1785 2150 Alexandrino

971 2167 1008 2197 et
1030 2159 1290 2213 Antiochen03
1319 2167 1369 2202 ita
1387 2167 1427 2202 in
1452 2165 1674 2214 haeresibus,
1698 2180 1782 2219 quae

971 2233 1103 2263 exortae
1137 2236 1222 2265 sunt
1248 2230 1308 2267 vel
1332 2244 1351 2267 a
1379 2231 1507 2281 primis
1534 2231 1701 2270 Ecclesiae
1728 2246 1783 2271 se-

970 2292 1060 2329 culis
1075 2321 1084 2338 ‚
1110 2291 1366 2332 Gnosticorum
1380 2323 1392 2342 ‚
1417 2295 1521 2333 Pauli
1536 2294 1778 2346 samosateni,

970 2355 1149 2395 Theodoti
1173 2361 1339 2405 coriarii,
1363 2369 1434 2399 etc0
1453 2360 1653 2413 Dionysius
1670 2363 1776 2403 Alex.

969 2436 1053 2460 cum
1075 2424 1114 2460 in
1140 2427 1386 2476 suspicionem
1422 2426 1566 2465 haeresis
1591 2430 1746 2468 venisset
1764 2459 1778 2479 ,

968 2488 1066 2538 apud
1092 2487 1312 2542 Dionysium
1348 2504 1442 2530 rom.
1482 2502 1681 2532 accusatus
1708 2503 1776 2535 est.

969 2551 1013 2589 Id
1039 2554 1158 2603 ipsum
1177 2558 1340 2608 contigit,
1360 2570 1446 2595 cum
1461 2567 1574 2596 enatae
1598 2568 1683 2598 sunt
1697 2560 1777 2599 hae-

966 2631 1061 2656 reses
1075 2621 1197 2658 ariana
1213 2650 1225 2666 ‚
1246 2623 1533 2673 macedoniana,
1552 2628 1773 2673 nestoriana,

966 2684 1206 2734 eutychiana,
1235 2696 1308 2727 etc.
1333 2687 1487 2727 Nullum
1512 2705 1676 2743 unquam
1706 2690 1775 2730 ali-

966 2752 1070 2802 cujus
1093 2756 1272 2791 momenti
1288 2756 1479 2805 negotium
1502 2759 1680 2808 agitatum
1700 2765 1771 2805 est,

965 2816 1063 2867 quod
1088 2817 1187 2857 illico
1215 2819 1377 2858 delatum
1398 2834 1474 2858 non
1490 2820 1599 2859 fuerit
1613 2821 1660 2861 ad
1673 2836 1769 2861 rom.

964 2881 1177 2921 Pontificem
1191 2914 1201 2931 ‚
1235 2886 1286 2922 uti
1309 2887 1407 2923 testis
1422 2885 1709 2938 locupletissima
1722 2895 1774 2925 est

963 2949 1131 2987 universa
1151 2950 1301 2989 historia
1327 2951 1586 2992 ecclesiastica.
1604 2952 1642 2991 S.
1665 2952 1771 2990 Basi-

962 3012 1032 3051 lius
1048 3042 1057 3060 ,
1075 3012 1251 3066 Epistola
1275 3030 1356 3056 uix
1373 3046 1383 3065 ‚
1408 3017 1461 3055 ad
1481 3016 1742 3057 Athanasium
1756 3033 1773 3058 .-
