2028 3354
477 194 603 226 mm.
632 197 680 225 “ι.
719 195 814 225 οΑΡ.
851 193 918 224 ιιι.
960 194 1013 222 nn
1048 192 1265 223 noctuslffi
1300 191 1440 220 nous.
1716 170 1805 218 141

124 314 215 360 huc
256 318 521 377 perseveret
541 310 664 356 inter
694 317 764 355 tot
794 306 1131 355 vicissitudines
1154 307 1251 355 sive
1276 304 1506 367 religiosas
1539 304 1636 353 sive
1658 303 1808 369 politi-

124 406 197 436 cas
215 425 227 447 7
261 404 373 453 quas
403 386 585 450 Europa
608 385 823 432 universa
853 382 992 429 subiit
1010 419 1021 440 .,
1053 391 1100 429 et
1119 384 1181 428 ita
1200 389 1491 447 perseverat,
1516 389 1567 426 ut
1591 381 1641 426 in
1663 379 1807 446 pleno

123 466 278 527 vigore
304 461 521 511 subsistat
550 462 636 523 (l)
668 460 793 507 Adeo
821 459 954 505 firma
991 467 1060 505 est
1090 457 1170 504 illa
1206 465 1337 521 petra
1380 473 1521 520 quam
1563 473 1808 521 nunquam

127 540 336 587 vicerunt
362 536 571 602 superbae
592 536 847 583 inferorum
868 533 1035 598 portae!
1071 534 1193 590 Quot
1218 540 1377 578 tamen
1405 532 1609 595 impetus
1640 549 1693 579 ea
1714 549 1809 579 sus-

124 616 274 662 tinere
298 631 395 660 non
424 612 614 671 debuit,
649 611 726 659 ille
763 609 911 657 solum
934 609 1142 671 ignorat,
1181 606 1261 671 qui
1292 606 1461 670 hospes
1495 606 1635 671 plane
1671 609 1732 655 sit
1758 608 1810 654 in

124 690 385 737 christianae
424 688 671 750 Religionis
708 684 933 740 historia;
975 691 1184 729 attamen
1216 681 1369 727 insani
1412 690 1601 729 conatus
1643 683 1811 749 splen-

122 765 324 812 didiores
354 763 607 810 effecerunt
630 758 852 823 ejusmodi
877 756 1140 822 triumphos
1155 793 1168 815 .,
1199 756 1429 820 siquidem
1448 757 1680 806 incassum
1700 777 1810 806 om-

121 858 204 888 nes
234 841 300 887 illi
322 841 524 903 impetus
545 843 779 893 cesserunt
799 869 811 892 ,
838 842 885 881 et
912 834 1042 880 mille
1064 834 1217 897 clypei
1235 833 1442 897 pendent
1465 851 1521 880 ea·
1547 851 1631 892 ea,
1655 838 1811 883 omnis

120 925 379 964 armatura
396 917 602 976 fortium
630 911 717 976 (2).

185 991 298 1043 239.
342 991 449 1046 Quae
466 1004 571 1033 cum
589 987 652 1033 ita
671 1004 718 1034 se
736 984 967 1045 habeant,
996 986 1164 1034 merito
1186 985 1530 1048 concludimus,
1551 989 1811 1035 Romanam

107 1066 366 1113 'Ecclesiam
389 1062 477 1109 illis
498 1062 671 1126 fulgere
700 1063 825 1109 notis
846 1099 858 1121 .,
890 1061 1059 1127 quibus
1092 1079 1201 1111 vera
1229 1062 1400 1110 Christi
1421 1063 1617 1111 Ecclesia
1639 1082 1665 1112 a
1685 1064 1812 1113 falsis

115 1140 367 1192 vinternosci
414 1137 554 1187 debet
570 1175 582 1199 ‚
625 1155 821 1204 eamque
862 1147 1110 1204 propterea
1148 1155 1308 1187 veram
1347 1156 1445 1187 esse
1489 1139 1737 1189 Ecclesiam
1785 1159 1812 1189 a

121 1216 304 1270 Christo
333 1215 531 1262 Domino
553 1215 792 1264 Salvatore
815 1223 976 1262 nostro
1004 1216 1285 1262 institutam.

120 1348 481 1395 Proedictarum
517 1356 747 1394 notarum
781 1347 988 1409 defectus
1022 1351 1076 1393 in
1099 1348 1324 1394 omnibus
1345 1349 1668 1409 societatibus,
1702 1365 1808 1412 quoe

396 1440 491 1470 non
522 1425 888 1479 communicant
907 1439 1020 1469 cum
1053 1423 1269 1470 Ecclesia
1290 1423 1534 1471 Romana.

185 1558 301 1606 240.
337 1557 401 1604 Ut
436 1557 714 1623 compendio
745 1566 962 1613 utamur,
997 1555 1058 1602 ad
1090 1556 1435 1603 ostendendum
1458 1556 1598 1604 nullis
1622 1546 1812 1624 prorsus

123 1632 415 1680 societatibus
466 1631 525 1679 ab
574 1633 769 1680 Ecclesia
822 1649 1011 1679 romana
1061 1631 1219 1680 divisis
1259 1641 1523 1697 competere
1572 1643 1652 1681 aut
1687 1652 1813 1683 com-

120 1718 279 1773 petere
309 1726 442 1774 posse
466 1709 717 1755 recensitas
739 1717 873 1755 notas
892 1744 905 1767 ‚
932 1724 985 1755 ea
1013 1707 1278 1771 urgebimus
1304 1719 1597 1772 argumenta,
1620 1729 1723 1777 quae
1756 1711 1810 1758 iis

119 1784 335 1832 omnibus
353 1785 617 1832 communia
648 1785 755 1831 sint.

183 1860 297 1907 241.
338 1861 399 1907 Ac
430 1861 480 1907 10
509 1861 768 1907 communis
803 1868 874 1906 est
897 1858 1114 1906 omnibus
1142 1860 1211 1907 his
1239 1859 1435 1908 coetibus
1467 1860 1673 1910 defectus
1702 1864 1812 1910 uni-

120 1938 244 1984 tatis.
272 1937 457 1984 Etenim
477 1954 638 1985 omnes
664 1935 898 2003 acephalae
920 1945 1031 1983 sunt
1049 1972 1062 1996 a
1089 1945 1136 1984 et
1177 1937 1376 2003 proinde
1399 1937 1605 2001 legitima
1630 1938 1709 1986 illa
1732 1957 1812 1987 au-

127 2014 339 2060 ctoritate
376 2023 485 2060 sunt
510 2014 772 2073 destitutae,
808 2029 912 2077 quae
936 2014 1218 2079 principium
1247 2023 1316 2060 est
1351 2015 1542 2061 unitatis
1564 2025 1667 2062 tum
1703 2015 1812 2064 fidei

119 2097 220 2135 tum
252 2090 604 2136 communionis.
650 2091 746 2136 Hac
773 2107 912 2155 porro
952 2089 1136 2136 sublata
1168 2090 1444 2138 auctoritate
1468 2126 1480 2149 ‚
1521 2109 1619 2139 non
1658 2091 1810 2139 solum

122 2181 260 2212 omne
285 2164 552 2215 dissolvitur
582 2166 774 2212 unitatis
795 2165 1061 2225 vinculum7
1091 2166 1173 2213 sed
1198 2166 1458 2213 necessario
1492 2167 1641 2214 oritur
1671 2167 1808 2232 prin-

124 2240 293 2304 cipium
315 2240 598 2289 divisionum
628 2243 724 2289 sive
752 2241 858 2289 fidei
899 2243 997 2290 sive
1021 2243 1361 2290 communionis
1378 2280 1391 2303 .,
1421 2260 1528 2290 cum
1552 2260 1693 2291 nemo
1715 2243 1776 2290 sit
1793 2279 1806 2303 ‚

180 2390 236 2442 (l)
265 2391 405 2431 Juverit
424 2394 485 2432 hic
512 2393 718 2432 describere
732 2393 841 2432 verba
856 2407 936 2445 pro·
999 2401 1199 2444 comment,
1209 2393 1350 2431 dan-sla
1361 2394 1659 2448 metamorphose
1669 2395 1811 2447 infinie

126 2459 290 2496 testantis
306 2458 407 2497 Frid.
422 2458 559 2497 Hui-tex*
575 2488 585 2506 ‚
603 2461 707 2511 juxta
730 2460 934 2497 versionem
1002 2458 1065 2498 des
1084 2459 1211 2498 choses
1228 2459 1447 2508 humainoe,
1470 2460 1538 2498 elle
1560 2474 1584 2499 a
1596 2461 1698 2500 seule
1717 2474 1810 2500 con-

125 2521 293 2574 gallicam
309 2522 367 2560 Al.
391 2519 674 2570 saint-Cheron‚
688 2523 788 2562 Paris
816 2522 933 2572 1838,
1001 2529 1104 2564 serve
1122 2524 1438 2564 invariablement
1460 2525 1492 2564 Ie
1524 2528 1644 2566 meme
1668 2528 1808 2580 asprit,
1869 2571 1873 2577 x

127 2590 167 2624 in
183 2585 281 2624 Vita
296 2587 519 2625 Innocentii
528 2602 590 2638 111,
611 2588 683 2628 lib.
702 2602 714 2626 ι
727 2615 741 2636 ,
763 2603 843 2641 pag.
870 2586 934 2641 76.
1002 2589 1256 2630 decom-nous
1268 2603 1366 2628 nous
1388 2595 1553 2638 ἐιοηηθν,
1567 2593 1605 2630 si
1615 2592 1810 2645 beaucoup

127 2651 198 2691 En
225 2659 386 2705 portant
414 2665 483 2690 nos
510 2652 667 2704 reqards
685 2666 734 2691 en
764 2653 910 2691 arricre
924 2683 935 2701 ‚
1004 2654 1204 2694 d'hommes
1230 2656 1267 2693 la
1294 2656 1496 2707 reqardent
1524 2670 1667 2696 comme
1691 2658 1725 2696 le
1748 2671 1809 2696 ro-

125 2718 251 2756 scribit
269 2746 281 2767 ,
306 2724 341 2756 et
364 2731 412 2755 en
440 2723 558 2756 avant
583 2731 652 2755 sur
674 2717 712 2756 la
739 2719 838 2757 suite
868 2718 935 2757 des
997 2719 1085 2758 cher
1103 2721 1193 2760 dont
1217 2721 1254 2760 la
1283 2722 1354 2760 tete
1374 2722 1568 2762 immobile
1595 2724 1722 2762 s'eleve
1739 2737 1811 2763 au·-

127 2782 256 2822 siccles
269 2813 280 2832 ‚
313 2796 360 2822 en
382 2790 522 2834 voyant
540 2791 727 2822 commem
752 2783 934 2822 l’imtieu-
999 2785 1127 2824 densus
1138 2787 1202 2825 des
1212 2800 1352 2838 coques
1366 2790 1619 2839 misyis-santes
1632 2789 1688 2829 du
1700 2801 1811 2828 σοαπ

127 2848 209 2885 tion
228 2848 274 2887 de
294 2848 331 2888 la
345 2851 520 2901 papante
544 2862 569 2887 a
593 2851 754 2888 survecu
777 2848 802 2887 ὰ
817 2854 935 2888 tontes
1000 2850 1064 2890 dee
1091 2852 1261 2891 siculas?
1415 2849 1418 2852 ⁴

126 2913 178 2952 les
190 2915 431 2953 institutione
443 2914 489 2953 de
507 2913 697 2968 l’Europc
712 2945 723 2963 ,
750 2921 935 2954 comment
1054 2916 1108 2967 (2)
1136 2917 1279 2958 Cantic.
1305 2929 1342 2956 lv
1357 2946 1369 2968 ‚
1390 2915 1428 2967 4.

125 2977 192 3017 elle
213 2992 237 3017 a
261 2992 312 3018 vu
332 2980 457 3018 mitre
475 2986 510 3019 ot
527 2981 637 3034 perir
647 2986 732 3019 tous
753 2979 804 3019 les
824 2982 932 3030 etate,
