2028 3354
211 184 300 232 178

683 199 836 230 TRAGT.
873 200 927 230 DE
961 201 1080 232 Locls
1115 202 1418 233 THEOLOGICIS.

205 316 362 364 latinae
383 330 482 361 non
516 319 651 359 erant
679 327 764 376 per
792 310 841 358 id
867 320 1054 378 tempus
1081 315 1396 374 universale53
1438 313 1564 380 quod
1590 315 1627 362 si
1657 323 1769 362 tunc
1797 333 1893 363 non

206 400 340 440 erant
356 427 368 449 ,
389 389 560 435 frustra
578 387 806 434 insistitur
822 387 873 434 in
890 387 1200 453 subsequente
1218 391 1424 455 ipsarum
1447 391 1735 438 incremento
1756 400 1894 456 atque

206 469 256 514 in
283 464 503 531 praesenti
535 481 696 511 earum
724 463 1063 528 amplitudine,
1092 465 1312 531 quoniam
1335 469 1469 527 juxta
1496 466 1617 514 dicta
1638 469 1895 513 universa-

205 545 316 590 litas
344 540 485 589 debet
512 557 612 588 esse
645 539 926 588 attributum
944 557 1253 604 permanens.
1286 542 1402 589 Cum
1427 543 1568 607 igitur
1594 561 1689 590 non
1721 544 1896 591 fuerint

203 617 487 667 universales
506 634 531 663 a
556 616 708 663 seculo
730 617 793 662 XI
816 616 876 662 ad
896 633 985 663 sec.
1013 618 1117 663 XVI
1133 652 1145 675 .,
1168 614 1407 683 sequitur,
1437 619 1557 683 ipsas
1577 629 1768 683 partem
1797 628 1898 666 tan·

204 704 308 741 tum
335 692 617 741 constituere
638 692 846 740 Ecclesiae
871 691 1134 750 catholicae3
1170 709 1250 739 seu
1273 729 1285 751 .‚
1317 692 1443 757 quod
1470 693 1595 741 idem
1618 704 1715 754 est7
1740 695 1900 741 titulus

206 769 538 818 catholicarum
551 786 649 814 non
669 777 738 815 est
762 767 995 815 exclusive
1014 768 1230 832 proprius
1253 767 1558 816 Ecclesiarum
1576 787 1899 829 romanarum,

207 846 291 894 sed
321 863 378 893 ex
405 862 538 910 aequo
563 843 729 891 eodem
763 843 984 890 fruuntur
1008 842 1215 890 Ecclesiae
1244 843 1517 891 britannicae
1552 853 1599 891 et
1626 845 1869 892 orientales
1887 881 1899 903 7

208 923 261 970 6⁰
292 938 393 1007 q.uae
425 937 670 985 nunquam
706 918 1040 966 catholicorum
1070 918 1260 965 titulum
1291 919 1507 967 tribuunt
1532 929 1612 967 aut
1645 920 1905 967 concedunt

208 998 354 1047 cuivis
378 996 640 1054 schismati,
661 994 788 1061 quod
810 997 944 1043 Rom.
971 994 1185 1042 Pontifex
1203 994 1474 1043 excitaverit
1490 996 1613 1043 intra
1637 995 1905 1044 earumdem

191 1075 592 1139 ywurisdwtionem
612 1072 701 1136 (l).
728 1072 862 1135 Ergo.

271 1150 384 1198 284.
421 1151 561 1215 Resp.
598 1147 666 1194 Ad
703 1148 794 1207 1¹¹¹,
829 1148 953 1194 Dzst.
985 1146 1033 1193 Si
1067 1162 1271 1194 romanae
1304 1163 1480 1194 nomen
1507 1119 1817 1194 coarctaretur
1847 1147 1906 1194 ad

208 1224 559 1290 significandam
589 1222 870 1289 peculiarem
900 1239 1108 1269 romanae
1139 1221 1348 1269 Ecclesiae
1373 1221 1636 1280 dioecesim,
1675 1240 1802 1269 conc
1868 1223 1904 1269 si

267 1425 316 1475 (l)
345 1423 415 1474 Op.
429 1424 493 1462 cit.
510 1429 600 1474 part.
617 1435 630 1458 1
645 1449 656 1467 ,
680 1433 762 1472 cap.
783 1432 824 1458 ιι
843 1447 855 1467 ,
875 1426 967 1458 sect.
984 1418 1026 1466 3,

210 1505 293 1544 pag.
324 1486 403 1542 296
427 1497 461 1526 et
482 1502 588 1540 seqq.
615 1486 665 1526 Ut
691 1494 816 1525 autem
836 1492 1025 1537 postrema

213 1557 294 1594 haec
315 1553 515 1593 difficultas
547 1552 796 1603 intelligatur,
837 1563 1026 1602 exponen-

214 1623 305 1661 dum
335 1628 388 1659 est
410 1627 571 1672 systema
598 1618 757 1656 auctoris
782 1617 936 1669 ejusque
966 1630 1027 1654 as-

216 1687 396 1726 seclarum
418 1685 490 1723 hac
518 1686 559 1722 in
584 1691 701 1735 parte.
732 1682 802 1721 Hic
823 1684 936 1735 igitur
963 1694 1029 1733 pro

215 1760 314 1791 certo
323 1749 672 1798 sumensAEcclesias
682 1747 923 1800 anylicana8‚
938 1760 1030 1799 quas

215 1817 391 1857 nobiliori
419 1817 608 1867 magisque
634 1816 890 1867 antiquitatem
923 1813 1031 1851 redo-

216 1884 315 1923 lente
327 1884 479 1920 nomine
488 1880 745 1919 Britannicas
757 1878 940 1930 appellare
953 1891 1031 1916 ma-

218 1948 456 2000 vult‚partem
465 1946 635 1985 Ecclesiae
643 1945 831 1984 catholicae
842 1944 957 1982 nihilo
968 1944 1034 1981 mi·

220 2029 290 2053 nus
307 2028 350 2053 ac
363 2027 555 2052 romanam
569 2012 772 2050 Ecclesiam
784 2012 1007 2049 constituere
1019 2038 1031 2060 ‚

221 2081 475 2120 schismaticos
496 2080 651 2117 omnino
676 2090 752 2116 esse
775 2077 935 2115 declarat
949 2076 1033 2114 illos

222 2160 350 2185 omnes
369 2145 570 2183 Britannici
591 2144 737 2195 imperii
758 2142 925 2180 subditos
943 2170 954 2186 ,
969 2144 1034 2194 qui

222 2212 414 2251 catholicae
431 2223 589 2249 romanas
608 2209 780 2247 Ecclesiae
803 2207 943 2246 ibidem
967 2207 1034 2246 ad-

222 2278 392 2323 haerent,
426 2278 501 2315 sive
529 2290 572 2315 ex
595 2274 858 2326 anglicanismo
884 2273 931 2310 ad
956 2274 1035 2325 ejus

224 2356 301 2380 sese
324 2344 506 2394 recipiunt
529 2341 832 2379 communionem
849 2366 863 2387 ,
898 2339 1035 2390 quippe

224 2408 289 2458 qui
314 2406 486 2446 Ecclesiae
506 2406 706 2458 anglicanae
732 2407 912 2442 unitatem
938 2405 1035 2441 scin-

224 2470 315 2508 dant
339 2498 351 2516 ,
392 2473 547 2523 ejusque
582 2470 849 2521 Episcoporum
881 2469 1033 2521 jurisdi-

224 2537 338 2574 ctioni
354 2537 598 2575 reluctentur.
613 2535 752 2574 Eadem
772 2535 880 2586 plane
895 2537 1037 2574 ratione

226 2601 424 2654 Episcopos
447 2616 489 2641 ac
507 2603 662 2640 vicarios
679 2599 898 2652 apostolicos
915 2630 925 2648 ‚
944 2615 1036 2654 quos

225 2675 348 2706 sancta
369 2664 479 2705 Sedes
502 2669 542 2704 in
560 2666 633 2704 illis
654 2665 881 2717 regionibus,
897 2668 937 2705 in
951 2668 1037 2719 qui-

223 2732 295 2771 bus
318 2732 514 2785 anglicana
535 2731 747 2770 dominatur
769 2731 894 2782 religio
909 2760 919 2780 ‚
943 2745 1036 2770 con-

225 2799 368 2845 stituit,
396 2797 556 2849 theologi
582 2799 640 2836 isti
667 2798 885 2836 oxonienses
922 2797 1038 2836 veluti

224 2866 387 2902 intrusos
440 2861 765 2916 schismaticosque
818 2863 1035 2902 traducunt.

227 2928 456 2981 Quapropter
476 2927 821 2968 catholico-romani
837 2928 883 2966 ab
906 2928 979 2967 illis
998 2929 1038 2967 in

227 2995 356 3034 eodem
376 3007 521 3046 prorsus
544 3008 657 3033 censu
679 2993 864 3032 habentur
890 3007 933 3033 ac
957 2992 1036 3032 Me-

1097 1418 1266 1456 thodistae
1275 1447 1284 1464 ‚
1294 1416 1519 1469 Quaequeri.
1533 1419 1723 1469 caeterique
1733 1417 1779 1455 ab
1790 1417 1911 1468 angli-

1098 1495 1190 1521 cana
1204 1483 1368 1521 Ecclesia
1384 1483 1615 1521 dissidentes.
1631 1481 1693 1520 Sic
1704 1496 1827 1533 porro,
1845 1484 1909 1534 qui

1099 1551 1279 1588 sinceram
1294 1557 1404 1602 atque
1415 1549 1551 1586 avitam
1572 1548 1761 1586 catholicae
1778 1548 1906 1587 Eccle-

1100 1616 1162 1653 siae
1192 1615 1304 1653 fidem
1322 1642 1334 1661 ‚
1369 1614 1540 1651 omnium
1570 1614 1775 1651 seculorum
1812 1614 1912 1652 testi-

1102 1682 1226 1718 monio
1247 1680 1450 1727 firmatam,
1470 1679 1703 1730 profitentur,
1725 1681 1789 1731 qui
1809 1692 1914 1717 com-

1103 1748 1319 1784 munionem
1340 1758 1427 1782 cum
1443 1757 1599 1783 romano
1624 1743 1800 1782 Pontifice
1817 1773 1828 1790 ‚
1848 1757 1913 1795 per

1103 1819 1156 1851 tot
1180 1820 1265 1850 ante
1287 1810 1420 1849 saecula
1445 1811 1486 1848 in
1505 1809 1722 1848 britannicis
1747 1809 1820 1847 illis
1843 1808 1914 1847 Ee-

1103 1877 1221 1916 clesiis
1237 1877 1402 1930 agnitam
1422 1905 1432 1923 ‚
1454 1883 1627 1924 tuentur,
1654 1883 1766 1927 atque
1792 1874 1916 1913 infau-

1104 1951 1202 1981 stum
1219 1955 1321 1980 novae
1344 1942 1542 1993 anglicanae
1565 1940 1736 1979 Ecclesiae
1761 1940 1917 1978 schisma

1104 2008 1152 2045 ab
1176 2007 1336 2045 Ecclesia
1355 2006 1555 2044 universali
1570 2006 1766 2057 repudiant
1790 2019 1832 2043 ac
1855 2005 1918 2043 de-

1105 2080 1286 2111 testantur
1300 2100 1311 2121 ‚
1337 2070 1546 2108 schismatis
1577 2073 1779 2107 inuruntur
1800 2076 1887 2106 nota
1907 2098 1917 2115 ‚

1105 2140 1224 2190 iisque
1255 2137 1548 2175 adnumerantur
1585 2136 1717 2182 sectis,
1753 2146 1836 2185 quae
1875 2147 1919 2171 ex

1106 2204 1298 2255 anglicano
1320 2204 1400 2254 ipso
1425 2201 1626 2239 schismate
1652 2207 1854 2250 eruperunt
1884 2206 1921 2238 et

1105 2271 1182 2308 rem
1199 2268 1419 2307 catholicam
1435 2267 1549 2317 magis
1565 2267 1756 2317 magisque
1775 2278 1920 2315 pessum

1105 2335 1300 2373 dederunt.
1312 2333 1363 2372 Ita
1377 2346 1424 2372 ne
1435 2334 1540 2371 vero?
1552 2329 1651 2369 Illud
1663 2339 1785 2368 autem
1802 2331 1922 2368 scisci-

1104 2402 1172 2438 tari
1198 2400 1330 2445 lubet,
1357 2400 1387 2437 si
1413 2397 1576 2435 Ecclesia
1604 2410 1756 2434 romana
1775 2394 1822 2433 ab
1847 2396 1922 2433 istis

1105 2465 1314 2504 auctoribus
1370 2463 1499 2501 saltem
1541 2470 1580 2500 ut
1635 2474 1716 2513 pars
1755 2459 1923 2498 Ecclesiae

1105 2531 1294 2570 catholicae
1307 2530 1459 2568 omnino
1473 2527 1670 2574 habeatur,
1687 2539 1796 2564 eccur
1817 2523 1916 2574 epis-

1106 2598 1254 2652 copales
1268 2599 1338 2650 ipsi
1350 2599 1390 2635 in
1410 2599 1454 2635 iis
1476 2595 1702 2647 regionibus,
1725 2595 1763 2630 in
1784 2589 1918 2642 quibus

1107 2666 1235 2704 eadem
1274 2664 1426 2716 pacifice
1455 2663 1693 2703 dominatur,
1723 2657 1916 2694 schismata

1107 2733 1267 2769 excitare
1289 2744 1366 2768 non
1389 2729 1595 2767 verentur?
1629 2724 1674 2762 Id
1701 2728 1802 2760 certe
1832 2721 1918 2759 Pal-

1108 2798 1222 2835 merio
1256 2798 1357 2848 juxta
1379 2807 1443 2832 sua
1461 2790 1640 2845 principia
1668 2787 1813 2841 probari
1851 2800 1917 2825 ne-

1108 2863 1214 2913 quit,
1237 2861 1350 2912 idque
1373 2858 1462 2896 adeo
1486 2856 1588 2894 fateri
1615 2856 1693 2905 ipse
1715 2855 1814 2892 visus
1845 2855 1916 2891 esu

1108 2925 1180 2964 Sed
1207 2926 1303 2965 facta
1330 2923 1478 2976 publica
1494 2950 1504 2969 ,
1541 2932 1625 2973 quae
1651 2918 1759 2957 facile
1790 2917 1918 2956 afferre

1109 3004 1248 3042 possem
1270 3020 1280 3037 ‚
1296 2983 1435 3027 remita
1450 3000 1486 3024 se
1496 2985 1631 3024 habere
1650 2986 1835 3024 evincunt.
