2028 3354
225 189 320 238 476
727 209 882 241 mmor.
922 212 1132 253 nn‘zocls
1165 214 1461 247 'maome-mm.

223 321 271 371 et
290 325 358 370 ad
382 325 441 371 B.
469 324 609 369 Petri
631 327 915 371 memoriam
934 326 1171 388 perducta
1189 362 1202 385 .,
1234 328 1510 391 diligentius
1541 332 1915 386 examinantur,

224 410 366 462 atque
394 401 697 461 firmantur,
732 404 971 465 sequ-enda
1003 412 1141 463 sunt,
1186 406 1385 451 tenenda
1422 415 1558 463 surzt,
1595 406 1918 469 amplectenda

223 486 374 528 snnt;
405 481 459 523 in
487 481 825 526 retractatione
860 482 950 526 suh
978 482 1394 543 qnalibetpietatis
1411 486 1647 531 occasione
1662 486 1813 531 teneri
1825 500 1920 531 non

222 553 392 598 debent
420 552 510 616 (1).
535 554 643 600 Haec
667 563 791 602 certe
812 556 1106 603 Jansenianis
1130 575 1227 604 non
1247 556 1468 604 arrident.
1493 561 1709 606 Attamen
1727 596 1739 618 7
1770 558 1919 608 velint
1947 605 1952 609 .

226 627 409 688 nolint7
437 629 500 676 ita
533 638 630 688 θεῖς
658 630 775 677 illud
809 631 948 694 igitur
979 641 1206 698 tanquam
1236 632 1495 695 legitimum
1519 643 1564 681 et
1581 636 1917 682 oecumenicum

225 704 483 751 Concilium
514 704 787 752 habendum
820 709 890 754 est
912 744 923 766 ,
955 708 1079 771 quod
1103 710 1354 774 susceperit
1372 745 1384 768 ‚
1414 705 1677 774 probaverit
1707 720 1847 775 atque
1864 719 1918 758 ut

223 780 316 827 tale
340 782 563 829 universae
597 782 808 830 Ecclesiae
830 786 1127 848 proposuerit
1161 803 1280 831 rom.
1311 786 1540 833 Pontifex.
1575 787 1682 833 Haec
1701 788 1824 851 regia
1844 787 1917 835 via

224 866 323 916 θεὶς
351 874 656 923 quaecumque
676 858 762 904 alia
788 860 1015 923 fingatur,
1037 860 1213 907 incerta
1242 861 1330 908 erit
1345 897 1357 919 a
1379 879 1430 909 ac
1451 862 1710 909 innumeris
1735 862 1918 909 incom—

223 933 373 980 modis
398 941 577 981 scatens
609 950 891 998 prorsusque
920 935 1078 1000 inepta
1109 936 1193 998 (2).

292 1009 402 1056 697.
436 1009 506 1055 Ad
525 1009 610 1068 2¹11,
634 1011 757 1058 Dist.
778 1011 923 1057 Docet
947 1012 992 1057 S.
1020 1010 1296 1057 Athanasius
1320 1012 1535 1059 Ecclesias
1557 1015 1795 1062 universas
1813 1013 1917 1061 ideo

224 1086 423 1134 Nicaenae
456 1085 641 1149 Synodo
668 1085 1018 1151 subscripsisse,
1052 1089 1171 1149 quia
1200 1089 1534 1135 oecumenicam
1564 1106 1666 1136 eam
1697 1091 1835 1138 fuisse
1866 1107 1918 1137 ac

225 1162 483 1227 legitimam
507 1172 742 1210 noverunt
758 1199 770 1222 ⁷
804 1180 953 1217 conc.;
976 1163 1214 1209 Nicaenam
1235 1161 1475 1226 Synodum
1502 1165 1637 1212 fuisse
1658 1167 1917 1214 oecumeni-

224 1256 351 1300 cam,
381 1242 500 1302 quia
535 1238 686 1289 eidem
712 1239 921 1286 Ecclesiae
955 1239 1185 1287 universae
1221 1238 1625 1304 subscripserunt⁷
1651 1258 1748 1305 neq.
1781 1242 1919 1289 Aliud

225 1316 351 1363 enim
374 1323 445 1362 est
466 1314 650 1379 Synodo
670 1314 804 1361 alicui
824 1315 1042 1363 Ecclesias
1061 1315 1300 1367 universas
1319 1315 1580 1381 adhaerere,
1598 1333 1651 1363 eo
1668 1317 1792 1381 quod
1810 1334 1917 1365 cer—

222 1400 326 1438 tum
358 1390 564 1438 habeant
581 1426 593 1450 ,
615 1408 713 1438 non
736 1408 870 1456 posse
888 1391 938 1438 in
961 1392 1051 1439 fide
1072 1409 1226 1439 errare
1256 1393 1565 1451 oecumenicas
1587 1391 1812 1456 legitimas
1831 1396 1916 1459 Sy-

223 1467 370 1515 nodos
386 1504 399 1527 ,
421 1466 548 1513 aliud
566 1484 676 1516 vero
692 1467 750 1514 ab
772 1460 1077 1515 Ecclesiarum
1094 1467 1361 1515 adhaesione
1380 1468 1586 1532 pendere
1604 1505 1615 1527 ,
1637 1478 1690 1515 ut
1709 1470 1917 1533 Synodus

223 1544 375 1609 aliqua
396 1561 481 1609 pro
498 1544 782 1591 oecumenica
799 1561 849 1590 ac
867 1545 1072 1608 legitima
1088 1542 1334 1591 habeatur.
1351 1545 1481 1591 Prius
1499 1545 1701 1592 affirmat
1718 1546 1762 1592 S.
1783 1546 1920 1593 Atha-

223 1621 378 1667 nasius
395 1657 407 1680 ,
436 1621 666 1684 posterius
690 1630 906 1667 asserunt
930 1620 1218 1668 Janseniani.
1236 1622 1270 1667 A
1291 1620 1437 1667 forma
1460 1621 1634 1686 quippe
1646 1639 1726 1669 sua
1749 1620 1920 1686 Synodi

221 1695 429 1757 habent7
464 1707 518 1744 ut
546 1698 843 1745 oecumenicae
872 1713 922 1743 ac
944 1696 1159 1759 legitimae
1188 1697 1298 1743 sint.

289 1773 400 1820 698.
441 1772 546 1834 Obj.
584 1775 737 1820 tertia.
780 1774 830 1819 1Ο
858 1773 1119 1820 Auctoritas
1142 1789 1261 1819 rom.
1288 1773 1522 1819 Pontificis
1544 1772 1706 1819 eadem
1728 1790 1824 1820 non
1848 1781 1918 1820 est

221 1867 274 1897 ac
303 1849 517 1896 Ecclesiae
545 1848 850 1908 universali53
879 1851 1124 1896 Bossuetus
1159 1849 1391 1913 siquidem
1418 1848 1706 1903 ineluctabili
1730 1867 1916 1914 prorsus

221 1925 403 1973 ratione
435 1924 668 1985 ostendit,
702 1942 820 1972 rom.
843 1926 1113 1972 Pontificem
1141 1926 1286 1972 errori
1318 1934 1456 1989 atque
1477 1926 1640 1971 haeresi
1664 1924 1917 1972 obnoxium

223 2021 351 2062 esse3
380 2007 475 2066 ejus
501 2002 699 2069 proinde
720 2003 1012 2051 confirmatio
1046 2002 1401 2050 fundamentum
1424 2000 1666 2049 infallibile
1690 2001 1796 2049 fidei
1819 2019 1916 2049 non

221 2078 418 2146 praebet.
455 2080 513 2125 20
546 2079 755 2126 Christus
780 2077 999 2126 omnibus
1023 2078 1253 2144 Apostolis
1279 2079 1328 2124 in
1354 2078 1591 2124 communi
1614 2078 1788 2142 pariter
1811 2094 1916 2123 con-

220 2155 327 2202 tulit
356 2155 596 2220 publicum
618 2165 665 2203 et
686 2156 1063 2204 auctoritativum
1089 2155 1509 2202 controversiarum
1525 2153 1781 2216 judicium3
1817 2157 1915 2200 non

219 2240 380 2298 potest
401 2233 542 2298 igitur
565 2232 735 2279 minori
757 2233 1088 2297 Episcoporum
1107 2248 1307 2279 numero
1324 2240 1588 2295 competere
1605 2266 1617 2289 7
1648 2229 1710 2276 ita
1740 2239 1791 2276 ut
1816 2222 1915 2277 sine

220 2309 416 2357 aliorum
450 2326 639 2357 assensu
673 2309 849 2356 censeri
882 2309 1027 2375 possit
1059 2310 1201 2371 fi'nale
1237 2324 1288 2355 ac
1319 2307 1674 2371 irrefragabile.
1717 2305 1770 2353 3⁰
1808 2306 1913 2353 Solo

272 2474 328 2526 (1)
358 2474 447 2514 Loc.
470 2478 535 2514 cit.
1090 2473 1209 2513 desint
1242 2472 1467 2519 restaetarii,
1507 2473 1537 2509 si
1587 2471 1703 2524 aliqui
1740 2469 1907 2523 Episcopi

272 2540 323 2591 (2)
353 2539 503 2579 Possent
537 2542 636 2579 enim
657 2540 871 2580 Janseniani
909 2553 1025 2592 oppo-
1093 2542 1215 2578 essent
1234 2537 1347 2576 alicui
1370 2550 1527 2576 erroneae
1548 2537 1723 2575 doctrinae
1752 2535 1905 2584 addicti,

217 2618 308 2644 nere
323 2636 333 2654 ‚
360 2620 439 2644 non
466 2603 551 2644 satis
572 2615 737 2646 constare
763 2607 808 2645 de
828 2605 1028 2657 Episcopo·
1095 2605 1305 2659 cujusmodi
1328 2613 1424 2643 certe
1447 2609 1569 2643 essent
1594 2604 1767 2656 Episcopi
1796 2602 1909 2641 ultra-

218 2684 302 2709 rum
328 2674 498 2710 omnium
518 2674 672 2723 positivo
693 2681 730 2711 et
748 2685 918 2724 expresso
934 2684 1027 2710 con·
1093 2673 1244 2726 jemini,
1270 2679 1420 2722 possent
1432 2684 1575 2722 semper
1590 2670 1703 2721 pallio
1717 2683 1755 2708 se
1770 2676 1905 2719 tegere.

218 2749 330 2775 sensu
346 2767 356 2784 ‚
388 2739 442 2775 uti
468 2750 560 2789 saepe
576 2741 693 2791 reipsa
719 2738 765 2776 ab
793 2737 865 2776 illis
892 2738 1031 2777 factum
1100 2738 1157 2776 Ad
1188 2738 1341 2788 longum
1371 2744 1541 2788 praeterea
1571 2744 1714 2787 tempus
1741 2747 1795 2771 res
1819 2747 1905 2784 pro·-

219 2809 293 2848 est‚
315 2816 401 2840 eum
417 2811 580 2854 ageretur
602 2803 647 2842 de
669 2816 850 2842 consensu
873 2803 919 2842 ad
933 2803 1032 2841 Con·
1097 2802 1191 2841 trahi
1212 2802 1382 2849 deberet,
1399 2809 1434 2840 et
1448 2803 1584 2840 interea
1599 2811 1739 2850 serpere
1753 2799 1906 2849 impune

218 2869 423 2906 stitutiones
460 2868 669 2907 Pontificias
688 2899 698 2916 ‚
743 2882 822 2921 quae
859 2868 1030 2907 adversus
1096 2876 1216 2920 posset
1238 2881 1336 2906 error
1364 2875 1401 2905 et
1425 2867 1546 2918 plures
1568 2865 1741 2911 inficere,
1770 2873 1810 2905 ut
1835 2864 1904 2903 alia

219 2933 436 2973 Jansenium
470 2943 504 2973 et
533 2934 770 2987 Quesnellum
802 2934 894 2973 datae
928 2940 1027 2974 sunt.
1087 2932 1331 2974 'incommoda
1351 2935 1494 2974 silentio
1516 2940 1740 2984 praeteream.

217 2999 361 3039 Deinde
386 3013 470 3039 cum
498 2999 538 3038 in
569 3001 809 3044 multitudine
833 3014 1028 3053 nunquam
