2028 3354
157 158 252 206 506
617 185 769 216 macr.
805 187 859 215 mi
896 189 1015 219 noeis
1050 191 1346 228 mmmmm&

155 301 419 357 competere
438 293 838 359 infallibilitatem,
865 318 919 348 eo
942 305 1068 369 quod
1094 307 1296 374 Ecclesiae
1322 313 1550 362 universas
1566 332 1733 380 praeses
1757 318 1841 378 sit,

152 377 311 431 pastor
337 379 383 415 et
411 370 600 430 doctor,
638 390 689 420 ac
725 385 973 440 propterea
1010 382 1205 430 Ecclesia
1231 385 1271 430 ei
1296 385 1618 453 obtemperare
1649 391 1843 456 debeat,

150 443 190 490 is
226 444 529 493 vehementer
557 459 708 509 errat;
748 469 835 499 nec
866 456 989 502 enim
1028 458 1225 506 Ecclesia
1265 463 1478 512 universa
1513 468 1724 515 Pontifici
1755 468 1842 516 sibi

150 520 354 566 inferiori
370 557 382 579 7
412 522 494 569 sed
520 525 674 588 potius
699 528 910 577 Pontifex
937 533 1149 582 Ecclesiae
1175 544 1339 600 utpote
1369 539 1455 585 sibi
1480 544 1701 606 superiori
1733 544 1841 593 obe-

150 596 248 643 dire
271 604 477 646 tenetur.
496 599 549 647 30
567 603 761 651 Necesse
787 607 976 669 quidem
998 620 1090 669 est,
1111 620 1162 657 ut
1184 629 1344 660 omnes
1366 624 1412 661 et
1433 616 1618 680 singulae
1633 620 1843 669 Ecclesiae

148 675 361 721 Pontifici
393 675 736 741 obsequantur,
769 684 853 728 sed
876 702 999 732 sana
1027 697 1246 751 rectaque
1278 693 1524 749 suadenti,
1557 704 1609 740 ut
1635 696 1841 744 Gelasius

147 748 353 815 loquitur
381 752 474 818 (l);
511 771 591 801 seu
623 773 810 804 necesse
847 770 948 819 est,
989 772 1042 808 ut
1080 764 1399 828 obsequantur
1422 803 1434 824 ἦ
1477 770 1559 816 sed
1594 772 1841 834 obsequio,

148 836 200 874 ut
231 828 295 874 ait
326 829 600 893 Apostolus,
630 833 762 879 Rom.
790 836 873 882 XII
892 873 904 895 a
927 841 1240 895 rationabili,
1270 859 1404 889 suum
1436 861 1607 910 nempe
1631 847 1842 912 interpo-

146 904 305 950 nendo
317 905 573 966 judicium,
608 925 659 954 ac
687 909 890 958 definitis
916 930 941 958 a
970 914 1193 962 Pontifice
1215 933 1268 962 ex
1303 920 1447 966 animi
1473 923 1704 969 sententia
1729 940 1843 970 con—

146 981 419 1040 sentiendo7
462 1000 555 1047 quo
598 985 846 1033 accedente
885 1005 1143 1048 consensu7
1189 992 1378 1040 firmum
1418 1012 1469 1041 ac
1507 998 1844 1047 irreformabile

145 1056 304 1103 evadit
333 1059 567 1104 Pontificis
595 1059 741 1123 ipsius
767 1062 1013 1124 judicium.
1042 1066 1296 1130 Nunquam
1335 1085 1441 1115 vero
1465 1075 1699 1121 accederet
1730 1092 1842 1122 con—

144 1148 305 1179 sensus
334 1133 413 1181 ille
431 1170 445 1195 ,
477 1135 567 1181 nisi
598 1147 895 1202 perspectum
933 1140 1190 1199 haberent,
1224 1160 1392 1190 sanum
1418 1163 1468 1192 ac
1491 1149 1708 1197 revelata:
1735 1151 1843 1199 fidei

142 1219 511 1258 consentaneum
543 1213 777 1261 Pontificis
802 1215 1043 1263 decretum
1072 1228 1248 1266 extare.
1276 1220 1328 1266 4Ο
1350 1223 1511 1285 Neque
1541 1223 1668 1272 obest
1686 1263 1697 1280 ,
1730 1236 1842 1274 tunc

141 1302 251 1333 oves
282 1286 491 1348 judicare
528 1298 793 1352 pastorem3
827 1292 991 1356 quidni
1030 1295 1182 1355 enim,
1220 1296 1256 1342 si
1292 1295 1478 1344 oberret
1515 1302 1707 1363 pastor?
1737 1304 1841 1349 Non

139 1372 297 1426 posset
324 1363 513 1427 quidem
542 1363 600 1411 ab
627 1366 720 1414 ulla
744 1368 1012 1431 particulari
1042 1370 1238 1418 Ecclesia
1260 1372 1458 1434 judicari
1489 1392 1697 1422 summus
1717 1378 1840 1424 Pon-

139 1438 285 1498 tifex3
324 1440 406 1487 sed
440 1450 595 1506 potest
627 1442 686 1489 ab
726 1444 923 1492 Ecclesia
965 1448 1217 1506 universa,
1255 1450 1328 1494 cui
1375 1449 1582 1512 subjacet
1618 1462 1841 1518 tanquam

141 1516 429 1581 praecipuum
463 1517 731 1567 membrum
764 1521 853 1584 (2).
895 1523 1027 1586 Ergo.

206 1591 317 1639 743.
354 1595 490 1659 Resp⁴
516 1595 636 1660 Ney.
670 1605 770 1644 ant.
800 1598 870 1645 Ad
903 1600 990 1659 lm,
1033 1599 1165 1665 prob.
1189 1601 1308 1665 Ney.
1326 1606 1607 1665 paritatem.
1631 1606 1839 1672 Episcopi

138 1670 267 1715 enim
299 1670 466 1733 singuli
499 1671 559 1718 ad
600 1690 839 1721 summum
873 1692 1040 1723 nocere
1072 1686 1264 1741 possent
1292 1680 1518 1743 peculiari
1546 1681 1692 1745 gregis
1725 1700 1839 1747 por-

139 1744 255 1792 tioni
275 1781 290 1808 ‚
321 1748 392 1793 cui
419 1759 652 1813 praesunt,
680 1769 731 1798 ac
764 1751 1007 1818 multiplici
1029 1763 1252 1818 praeterea
1273 1757 1452 1803 ratione
1475 1758 1701 1819 ejusmodi
1727 1777 1837 1823 par-

138 1820 237 1869 tiali
275 1822 448 1871 damno
477 1836 634 1890 posset
666 1830 841 1874 occurri
860 1865 872 1888 .,
913 1830 979 1876 uti
1010 1833 1146 1878 toties
1178 1831 1352 1878 facturn
1383 1842 1453 1880 est
1473 1869 1485 1891 ‚
1520 1851 1607 1880 nec
1637 1835 1835 1899 proinde

137 1898 334 1946 Ecclesia
351 1901 568 1948 universa
587 1902 636 1948 in
655 1904 904 1952 discrimen
926 1907 1124 1953 veniret.
1144 1908 1318 1954 Contra
1343 1926 1451 1955 vero
1467 1926 1583 1955 rom.
1603 1910 1835 1971 PontiFex‚

137 1983 299 2040 utpote
330 1986 490 2042 pastor
528 1996 772 2043 supremus
809 1991 856 2028 et
889 1984 1189 2041 universalis,
1228 1986 1263 2030 si
1301 1985 1466 2031 falsum
1502 1985 1666 2049 dogma
1704 1986 1834 2035 evul-

135 2062 264 2115 garet
308 2053 398 2101 fide
436 2054 757 2118 credendum,
796 2058 1007 2106 Ecclesiae
1056 2061 1283 2108 universae
1331 2061 1560 2109 damnum
1603 2062 1831 2120 inferret,

135 2128 284 2176 donec
314 2130 479 2178 saltem
505 2141 629 2179 totus
657 2133 778 2181 orbis
806 2135 1056 2182 catholicus
1078 2136 1355 2184 reclamaret
1371 2138 1460 2201 (3).
1491 2139 1544 2185 Et
1568 2138 1642 2184 hic
1658 2139 1830 2185 iterum

135 2203 436 2254 observamus
457 2245 470 2267 n
509 2211 649 2271 gratis
680 2211 968 2259 adversarios
997 2230 1264 2278 supponere
1287 2251 1298 2272 a
1327 2215 1564 2274 Ecclesiae,
1604 2223 1833 2279 quatenus

135 2280 352 2330 distincte
388 2301 468 2331 seu
506 2302 712 2333 seorsum
753 2304 778 2333 a
819 2306 936 2335 rom.
979 2289 1202 2337 Pontifice
1242 2299 1512 2356 spectatur,
1564 2301 1830 2355 competere

134 2357 490 2421 pollicitationes
515 2378 566 2408 ac
593 2365 939 2427 praerogativas,
972 2365 1139 2429 quibus
1164 2365 1374 2413 Christus
1403 2383 1507 2413 eam
1537 2366 1826 2426 cumulavitg

134 2448 240 2479 cum
280 2443 440 2482 tamen
474 2446 599 2485 certo
633 2448 839 2500 constet,
859 2440 941 2488 has
973 2442 1013 2488 ei
1042 2459 1137 2488 non
1159 2440 1412 2489 contulisse
1437 2441 1703 2502 Christum3
1738 2444 1829 2490 nisi

132 2519 274 2573 prout
309 2527 414 2558 cum
458 2514 607 2577 capite
639 2533 787 2562 unum
828 2533 879 2563 ac
919 2518 1152 2581 integrum
1189 2534 1357 2583 corpus
1388 2518 1543 2566 efficit.
1582 2520 1680 2567 Hoc
1714 2536 1826 2567 con-

133 2594 312 2635 stanter
343 2587 522 2637 laborat
552 2591 665 2638 vitio
696 2590 1070 2640 adversariorum
1098 2594 1384 2660 hypothesis.

197 2662 310 2710 744.
348 2664 418 2711 Ad
439 2667 523 2725 2²¹⁰,
548 2667 666 2730 Neq.
688 2669 907 2733 Superius
933 2670 1061 2717 enim
1081 2670 1169 2718 hoc
1190 2671 1461 2736 paradoxon
1483 2672 1792 2736 expunximus
1807 2705 1820 2728 7

132 2737 322 2786 Petrum
362 2742 536 2790 scilicet
576 2753 716 2809 caput
764 2745 955 2809 quidem
1005 2763 1103 2794 esse
1142 2747 1431 2810 singulorum
1469 2748 1817 2805 membrorum,

187 2921 198 2967 (
206 2919 240 2970 1)
275 2917 327 2956 In
350 2917 550 2956 Common.
577 2918 628 2956 ad
650 2919 862 2957 Faustum.
1069 2920 1121 2971 (3)
1153 2920 1231 2959 Cfr.
1245 2920 1417 2960 Ballerin.
1437 2920 1498 2959 De
1510 2924 1551 2959 vi
1563 2927 1598 2958 et
1619 2926 1690 2959 rat.
1696 2921 1821 2973 prim.

188 2986 241 3035 (2)
267 2985 319 3023 lla
345 2984 487 3023 Tourn.
510 2983 602 3022 ibid.
1016 2998 1097 3037 cap.
1128 2984 1174 3024 15
1190 3016 1200 3035 ‚
1225 2984 1246 3037 S
1270 2986 1309 3025 3.
