2028 3354
185 170 276 217 160
666 186 823 216 rnAc‘r.
862 187 915 215 nn
951 188 1066 218 mels
1101 187 1398 217 msorocims.

181 302 376 370 quilibet
402 301 486 349 sub
515 300 641 362 gravi
666 315 850 346 servare
876 308 1062 347 tenetur
1079 335 1093 359 ,
1121 319 1182 348 ne
1213 319 1261 349 se
1290 300 1498 365 implicet
1527 302 1724 364 peccatis
1753 302 1863 349 alie-

183 381 255 427 nis
273 416 287 438 ,
316 388 417 441 neq.
452 378 599 423 Nemo
629 392 797 440 porrO,
835 392 890 422 ex
924 376 1133 423 doctrina
1166 377 1366 425 Ecclesiae
1398 375 1631 423 catholicae
1660 378 1865 441 exposita

183 457 234 502 in
255 452 455 500 Concilio
476 451 778 511 Tridentino,
806 450 891 497 rite
908 450 1085 499 absolvi
1102 460 1255 515 potest
1269 487 1282 509 ,
1306 454 1384 516 qui
1402 453 1576 499 sincere
1596 470 1691 498 non
1713 452 1867 500 doleat

185 531 243 578 de
270 528 465 593 peccatis
490 527 738 592 praeteritis
757 563 768 581 ,
801 536 847 574 et
874 527 1069 574 firmiter
1092 544 1190 572 non
1221 538 1451 590 proponat
1471 545 1567 573 non
1598 545 1783 592 peccare
1807 528 1865 575 de

184 613 346 653 caetero
376 604 465 667 (l).
495 603 540 649 Si
564 619 692 649 casus
706 611 954 666 propterea
979 602 1240 664 contingat,
1273 601 1323 646 in
1346 618 1437 666 quo
1456 603 1555 650 haec
1584 604 1738 667 regula
1766 621 1864 650 non

182 690 422 739 servetur,
463 697 559 726 non
599 678 810 727 Ecclesiae
851 677 1099 734 doctrinae,
1137 678 1219 724 sed
1258 686 1338 723 aut
1376 678 1753 726 confessariorum
1787 689 1866 726 aut

182 757 514 824 poenitentium
534 756 648 803 vitio
666 755 784 802 verti
801 753 955 801 debet.
979 753 1112 812 Quod
1133 771 1240 800 vero
1258 754 1470 815 adjicitur
1480 753 1538 800 de
1551 754 1838 802 absolutione
1852 790 1866 815 ,

185 852 325 902 quam
359 835 408 880 in
445 834 552 882 vitae
592 833 717 879 exitu
744 849 841 878 non
874 830 1072 894 denegat
1105 831 1301 877 Ecclesia
1337 831 1478 877 etiam
1511 830 1866 890 scelestissimis,

184 913 293 960 alias
323 909 542 957 diluimus
566 930 578 967 ς
604 908 829 955 alluditur
858 908 986 954 enirn
1014 908 1098 954 hac
1125 906 1396 954 difficultate
1428 905 1487 953 ad
1512 923 1719 954 errorem
1755 925 1870 972 prae-

185 996 462 1052 conceptum
487 985 815 1033 haereticorum
843 984 933 1048 (2).

249 1063 363 1110 258.
404 1064 634 1126 Negamus
653 1076 812 1125 porro,
835 1076 1045 1124 unquam
1064 1058 1272 1105 docuisse
1293 1058 1538 1105 Ecclesiam
1575 1058 1867 1115 catholicam,

184 1138 576 1200 haereticisfidem
593 1154 689 1183 non
713 1152 810 1182 esse
825 1134 1103 1182 servandam
1121 1154 1134 1192 ς
1165 1143 1390 1198 perpetua
1410 1134 1509 1180 haec
1530 1142 1597 1179 est
1618 1133 1867 1189 calumnia,

187 1234 329 1283 quam
368 1215 475 1262 licet
503 1230 622 1278 saepe
654 1210 769 1258 adeo
807 1210 1068 1276 repulerint
1103 1211 1346 1274 scriptores
1382 1208 1617 1267 catholici,
1659 1208 1874 1255 nonnulli

186 1291 389 1341 haeretici
411 1300 458 1338 et
491 1287 790 1336 rationalistae
812 1304 899 1334 sec.
920 1289 1023 1333 XIX
1055 1302 1279 1333 renovare
1302 1303 1398 1331 non
1425 1284 1671 1341 desinunt,
1713 1302 1875 1347 quam-

187 1371 257 1418 vis
284 1385 387 1415 eam
415 1367 505 1431 ipsi
531 1364 795 1413 doctrinam
815 1381 911 1409 non
931 1362 1075 1410 semel
1099 1360 1320 1408 adversus
1341 1359 1597 1407 Catholicos
1615 1360 1664 1406 in
1693 1362 1874 1424 praxim

187 1445 469 1494 deduxerint
486 1442 575 1507 (3).

252 1521 368 1567 259.
391 1519 576 1567 Falsum
593 1525 813 1583 praeterea
832 1524 920 1575 est,
947 1513 1250 1561 Sacerdotum
1272 1511 1462 1559 arbitrio
1476 1512 1687 1576 permitti
1706 1513 1878 1560 relaxa-

188 1599 366 1645 tionem
394 1594 652 1658 juramenti
678 1593 933 1639 aliarumve
964 1589 1326 1652 obligationum,
1360 1588 1396 1634 si
1427 1587 1686 1651 praesertim
1716 1597 1876 1651 agatur

190 1674 248 1723 de
270 1677 377 1736 jure
403 1672 546 1719 tertii.
580 1669 742 1729 Quoad
766 1685 841 1715 eas
867 1684 978 1717 vero
1010 1664 1312 1729 obligationes
1341 1680 1446 1727 quae
1477 1663 1651 1709 nullius
1681 1665 1756 1726 jus
1784 1664 1885 1711 vio·

188 1751 316 1809 lant,
351 1758 399 1797 et
415 1751 512 1796 Deo
530 1755 715 1794 tantum
735 1743 896 1791 fideles
921 1742 1246 1804 adstringunt,
1262 1743 1387 1801 justa
1405 1738 1722 1786 intercedente
1749 1757 1883 1787 causa

192 1830 327 1875 Rom.
357 1824 571 1872 Pontifex
587 1859 600 1882 ,
630 1830 709 1869 aut
731 1819 951 1867 Praesules
970 1819 1110 1865 etiam
1126 1853 1137 1875 ,
1158 1815 1397 1863 declarant
1412 1852 1424 1875 ,
1453 1833 1527 1863 eas
1558 1833 1655 1862 non
1680 1815 1882 1879 obligare

190 1904 240 1949 in
264 1899 571 1966 peculiaribus
606 1896 865 1959 adjunctis,
898 1896 948 1940 in
980 1891 1145 1958 quibus
1178 1890 1396 1938 cederent
1425 1892 1473 1938 in
1506 1892 1760 1956 perniciem
1780 1893 1885 1939 ani-

192 1995 399 2035 marum,
432 1992 539 2023 cum
566 1990 687 2039 saepe
722 1972 961 2034 contingat
994 1966 1245 2015 nonnullos
1279 1976 1451 2015 temere
1476 1975 1557 2013 aut
1574 1967 1881 2029 jurejurando

193 2063 273 2102 aut
299 2061 410 2102 voto
433 2068 481 2098 se
506 2050 808 2111 obstringere.

256 2129 368 2177 260.
396 2126 682 2192 Corruptelae
703 2142 826 2184 ver0,
856 2140 968 2188 quas
994 2127 1256 2168 memorant
1277 2118 1556 2176 adversarii,
1592 2135 1648 2165 ex
1672 2133 1882 2182 praecon-

193 2206 336 2274 ceptis
382 2221 542 2252 eorum
587 2199 883 2267 opinionibus
921 2197 1073 2245 solum
1110 2196 1357 2255 oriuntur3
1411 2192 1627 2240 alludunt
1659 2194 1785 2240 enim
1822 2193 1883 2241 ad

1074 2352 1158 2377 vero
1182 2352 1249 2376 nos
1270 2351 1318 2377 ex
1344 2337 1502 2389 publicis
1533 2336 1639 2375 factis
1654 2366 1666 2384 ,
1703 2349 1786 2388 quae
1824 2336 1884 2376 vel

1075 2406 1146 2443 hac
1173 2407 1249 2456 ipsa
1273 2412 1378 2442 aetate
1398 2410 1520 2441 nostra
1546 2405 1805 2455 contigerunt,
1826 2403 1882 2442 fa-

247 2349 298 2400 (l)
328 2347 427 2387 Sess.
446 2360 511 2385 xiv
532 2376 542 2395 ‚
566 2360 649 2397 cap.
670 2345 712 2394 4.

249 2413 302 2464 (⁰2)
333 2413 376 2451 In
401 2421 507 2451 tract.
535 2411 597 2450 De
612 2408 820 2448 Poenitent.
844 2420 927 2457 cap.
954 2406 976 2443 3
997 2435 1007 2457 ,

194 2493 301 2534 prop.
317 2492 355 2524 1,
377 2492 449 2517 an.
480 2476 578 2523 125,
598 2484 690 2514 tom.
706 2488 766 2521 w,
789 2488 829 2524 p.
847 2470 927 2522 414
945 2472 1010 2510 ubi

194 2547 301 2599 plura
322 2544 395 2582 alia
422 2544 658 2596 disjecimus,
697 2551 779 2591 quae
808 2539 870 2575 hic
889 2537 1010 2575 denuo

195 2611 309 2665 objici
333 2607 455 2647 solent
472 2636 485 2655 ‚
501 2615 535 2646 et
557 2619 663 2658 prop.
689 2609 734 2641 ιίι
748 2632 759 2650 ,
787 2617 807 2641 a
834 2617 876 2641 n.
911 2600 1007 2651 166,

196 2685 232 2717 et
254 2691 296 2715 n.
319 2671 614 2726 174,not.(1)‚
641 2684 676 2722 p.
700 2665 794 2719 436.

248 2740 306 2792 (3)
336 2739 425 2777 Haec
462 2737 570 2776 nobis
599 2741 838 2788 protestantes
873 2741 931 2783 *et*
952 2747 1011 2772 ra-

196 2804 397 2847 tionalistae‘
427 2802 474 2842 ad
496 2803 572 2841 haec
602 2815 717 2853 usque
748 2808 911 2850 tempora
945 2798 1012 2837 ob-

1076 2470 1144 2508 cile
1164 2472 1215 2508 eis
1242 2469 1431 2507 ostendere
1443 2482 1631 2520 possemus
1647 2497 1658 2517 ‚
1681 2470 1819 2519 passim
1834 2467 1881 2506 ab

1076 2537 1164 2587 ipsis
1190 2535 1362 2573 violatam
1384 2533 1496 2579 fuisse
1527 2533 1639 2571 fidem
1672 2533 1818 2585 publice
1839 2545 1881 2570 ac

1077 2600 1287 2638 solemniter
1317 2597 1519 2638 Catholicis
1556 2598 1677 2636 datam
1716 2605 1750 2635 et
1773 2593 1877 2649 jura-

1078 2667 1195 2704 menti
1216 2665 1395 2717 religione
1415 2666 1615 2702 firmatam.
1637 2662 1772 2700 Verum
1792 2675 1878 2700 cum

1076 2732 1121 2770 de
1141 2746 1179 2770 re
1199 2733 1309 2769 nimis
1326 2731 1450 2769 odiosa
1475 2737 1621 2780 agatur,
1648 2726 1746 2765 malo
1768 2740 1808 2765 ea
1829 2729 1877 2765 si-

1076 2796 1189 2835 lentio
1213 2798 1407 2848 praeterire.
1423 2795 1564 2833 Interea
1578 2793 1646 2831 cfr.
1660 2804 1741 2845 quae
1752 2794 1878 2844 scripsi

195 2872 374 2918 trudunt,
403 2869 488 2908 licet
510 2866 658 2906 nullum
700 2878 867 2917 unquam
896 2865 1009 2902 docu-
1072 2863 1113 2900 in
1128 2870 1231 2901 tract.
1256 2860 1499 2899 Demetrius.
1513 2851 1577 2896 ubi
1596 2858 1713 2908 agitur
1729 2854 1786 2896 De
1796 2870 1877 2895 ma-

197 2945 369 2977 mentum
387 2947 482 2987 ,quo
500 2933 596 2971 hanc
608 2931 876 2970 accusationem
900 2930 1003 2967 evin·
1070 2927 1265 2965 trimoniie
1284 2923 1425 2963 mixtis.

197 3010 282 3041 cant
312 3000 403 3040 adeo
426 3006 607 3045 atrocem,
629 2995 828 3049 proferant.
866 2992 1019 3033 Contra,
