2028 3354
133 192 229 241 526
630 212 787 242 macr.
824 213 878 243 mi
914 214 1034 246 mols
1070 216 1370 251 rnnozoeicis.

134 342 266 373 suam
298 324 626 391 pronunciavit
661 325 867 392 Agatho,
902 337 953 375 ut
980 346 1153 395 nempe
1180 332 1357 393 deflexa
1378 337 1536 398 fuerit
1562 338 1818 400 apostolica

133 403 268 450 Sedes
297 420 328 449 a
355 405 438 448 via
469 404 685 450 veritatis
721 408 776 451 z‘n
810 407 1026 467 qualibet
1060 411 1238 456 erroris
1269 421 1442 473 parte,
1472 413 1827 480 insequentibus

131 478 293 527 seculis
312 495 558 543 nunquam
576 481 754 544 pariter
769 481 1013 545 contigisse
1033 484 1402 550 exploratissima
1432 505 1502 536 res
1532 499 1602 538 est
1619 526 1632 550 ,
1661 508 1828 556 quam-

134 572 226 621 que
251 554 498 603 ostendere
518 556 832 620 aggredimur.

197 631 309 679 777.
346 632 466 679 Cum
504 650 617 682 vero
648 634 861 697 negativa
899 635 1053 701 potius
1091 638 1153 684 sit
1189 641 1285 700 ejus
1316 637 1556 704 piobatio,
1594 660 1697 707 quae
1733 653 1830 693 tota

131 708 252 756 sistit
287 708 337 756 in
374 708 609 757 erroribus
650 709 754 757 fidei
794 709 1151 760 adversantibus
1200 713 1464 776 diluendiS,
1504 716 1670 781 quibus
1706 737 1825 769 rom.

133 785 414 833 Pontificum
449 803 625 833 nomen
660 787 841 852 aspergi
878 786 1024 848 solet,
1060 790 1290 838 nonnulla
1326 792 1651 856 praemittenda
1684 804 1828 856 sunt,

131 870 187 908 ut
207 861 414 910 dicendis
436 862 598 910 lumen
623 861 857 925 affulgeat.
882 863 1273 929 Quandoquidem
1298 885 1410 915 vero
1440 886 1535 916 non
1561 869 1621 918 de
1644 869 1832 935 quibus-

133 937 250 986 libet
282 938 515 986 erroribus
548 938 742 1003 quaestio
761 947 861 996 est,
891 938 974 986 sed
1003 939 1062 986 de
1094 941 1149 987 iis
1180 950 1396 1002 tantum,
1438 945 1516 1009 qui
1553 945 1603 993 in
1636 946 1834 995 decretis

132 1014 405 1079 dogmaticis
432 1032 488 1062 ex
520 1012 742 1061 cathedra
770 1014 948 1061 emissis
968 1051 980 1074 ,
1018 1014 1131 1062 dum
1162 1016 1334 1063 scilicet
1359 1019 1605 1069 Pontifices
1639 1024 1833 1071 univer-

133 1109 236 1139 sam
262 1092 485 1138 docerent
508 1090 786 1149 Ecclesiam,
813 1089 868 1137 iis
904 1091 1195 1151 exciderint,
1233 1091 1327 1139 duo
1355 1093 1556 1143 efficiant
1584 1098 1835 1147 adversarii

133 1184 322 1216 necesse
350 1176 469 1215 esset
497 1166 557 1213 ad
586 1167 832 1214 Pontifices
861 1184 919 1215 ex
942 1167 1161 1215 cathedra
1185 1167 1432 1233 loquentes
1458 1173 1623 1219 erroris
1645 1174 1837 1222 insimu-

133 1244 316 1292 landoS.
351 1243 588 1292 Deberent
611 1245 775 1307 primo
804 1244 1051 1291 ostendere
1075 1281 1087 1304 ,
1109 1261 1316 1292 errorem
1350 1244 1583 1307 objectum
1615 1248 1677 1295 ita
1706 1260 1833 1298 certo

133 1321 244 1368 fidei
274 1337 480 1368 errorem
506 1336 630 1373 esse,
661 1318 790 1367 nulla
814 1329 867 1367 ut
889 1321 1037 1386 possit
1057 1329 1165 1385 apta
1190 1321 1579 1386 interpretatione
1606 1327 1790 1388 purgari
1819 1346 1833 1384 ς

134 1397 339 1445 secundo
351 1432 367 1454 ,
399 1413 499 1444 esse
524 1404 746 1461 praeterea
770 1413 978 1444 errorem
1006 1397 1292 1444 definitionis
1321 1397 1621 1461 dogmaticae,
1651 1417 1731 1448 seu
1753 1401 1836 1449 de·

135 1474 359 1522 finitionis
395 1491 452 1522 eoe
484 1474 712 1521 cathedra
747 1472 867 1520 latae.
917 1473 1211 1521 Alterutrum
1252 1474 1379 1521 enim
1420 1475 1457 1521 si
1491 1475 1642 1537 desit,
1689 1476 1838 1525 multo

137 1569 250 1598 vero
281 1552 425 1614 magis
455 1551 492 1597 si
515 1559 738 1597 neutrum
761 1549 1121 1615 comprobetur,
1146 1550 1277 1597 nulla
1306 1553 1529 1615 poterunt
1550 1553 1729 1600 ratione
1753 1553 1839 1600 ad·-

137 1625 744 1685 versariiinfallibilitatem,
768 1643 910 1691 quam
930 1625 1230 1673 Pontificibus
1248 1627 1442 1674 summis
1461 1627 1836 1690 adstruebamus,

138 1703 431 1768 impugnare.
451 1704 593 1750 Porro
614 1719 720 1749 cum
747 1702 904 1749 nullus
921 1703 982 1750 sit
1001 1703 1188 1767 penitus
1207 1720 1336 1764 error
1365 1722 1424 1752 ex
1441 1713 1528 1765 tot,
1553 1723 1753 1770 quorum
1779 1706 1838 1753 ab

139 1779 416 1828 adversariis
439 1780 713 1826 incusantur
739 1779 981 1826 Pontifices
997 1815 1009 1838 ,
1035 1779 1086 1826 in
1110 1797 1202 1846 quo
1226 1780 1366 1828 modo
1393 1799 1510 1842 una,
1533 1781 1672 1829 modo
1693 1781 1838 1840 altera

141 1873 198 1904 ex
221 1856 459 1903 recensitis
480 1855 824 1902 conditionibus
842 1892 853 1915 ,
887 1855 1026 1903 modo
1040 1856 1182 1903 etiam
1204 1857 1352 1905 ambre
1372 1875 1468 1904 non
1486 1857 1809 1906 desiderentur
1823 1894 1835 1918 ,

135 1936 241 1995 jure
265 1931 611 1992 concludimus,
637 1930 769 1978 nullo
785 1931 927 1979 modo
957 1932 1142 1979 ostendi
1168 1950 1330 1998 posse,
1350 1933 1552 1999 aliquem
1567 1935 1840 1982 Pontificem

140 2007 191 2056 in
224 2008 493 2073 dogmaticis
524 2007 720 2055 decretis
752 2024 944 2055 errasse.

209 2085 321 2133 778.
359 2086 634 2150 Priusquam
660 2083 980 2150 expendamus
1010 2101 1190 2132 errores
1220 2102 1339 2132 rom.
1360 2085 1659 2134 Pontificibus
1687 2087 1841 2151 impa-

145 2170 241 2208 ctos
257 2197 270 2220 ,
296 2160 717 2208 animadvertimus
733 2197 745 2220 ,
768 2160 938 2207 horum
956 2160 1214 2225 catalogum
1233 2160 1292 2208 ab
1312 2162 1445 2208 initio
1467 2161 1576 2209 satis
1603 2161 1839 2227 prolixum

145 2246 418 2285 contextum
441 2238 577 2285 fuisse
599 2236 658 2284 ab
677 2235 952 2284 adversariis
975 2238 1222 2302 pontificiae
1246 2238 1530 2285 auctoritatis
1550 2238 1644 2302 (1):,
1670 2237 1841 2287 deinde

145 2312 283 2362 valde
312 2314 645 2371 imminutum,
684 2312 832 2360 donec
864 2322 1127 2360 contractus
1160 2323 1228 2361 est
1259 2314 1320 2361 ad
1356 2314 1473 2361 duos
1505 2313 1577 2361 vel
1605 2323 1699 2362 tres
1731 2323 1843 2361 tan-

147 2399 251 2438 tum
264 2426 277 2450 ,
302 2390 520 2438 videlicet
539 2389 599 2437 ad
617 2388 741 2436 Petri
758 2389 959 2455 lapsum,
979 2406 1088 2436 cum
1099 2390 1286 2452 negavit
1305 2389 1559 2449 Christum,
1579 2389 1639 2437 ad
1657 2389 1842 2457 lapsum
1912 2426 1914 2429 -

146 2466 262 2514 item
297 2466 495 2524 Liberii‚
531 2482 583 2513 ac
613 2465 805 2514 demum
837 2465 1031 2513 Honorii
1065 2465 1149 2530 (2).
1168 2466 1288 2513 'Jam
1332 2482 1442 2513 vero
1478 2483 1536 2514 ex
1571 2466 1645 2514 his
1673 2466 1845 2514 iterum

205 2674 260 2725 (1)
290 2673 389 2712 Eum
417 2673 502 2712 vide
536 2673 636 2726 apud
666 2672 936 2712 Bellarminum
953 2702 964 2721 ‚
1034 2686 1145 2711 moue
1165 2671 1229 2711 De
1244 2671 1431 2711 Ecclesioe
1449 2674 1616 2723 unitate,
1645 2688 1755 2727 quem
1771 2673 1841 2712 ha-

150 2740 217 2779 De
247 2753 341 2779 rom.
374 2739 526 2791 Pontis.
557 2740 626 2778 lib.
665 2752 727 2788 xv,
761 2754 843 2791 cap.
876 2737 902 2778 8
932 2747 968 2778 et
1032 2737 1116 2777 buit
1130 2739 1176 2777 ad
1192 2741 1340 2778 comitia
1360 2740 1446 2778 cleri
1465 2739 1634 2792 gallicani
1649 2739 1754 2779 dieu
1769 2738 1843 2778 No-

153 2820 263 2860 seqq.
287 2806 672 2859 Magdeburgensesin
689 2806 766 2845 solo
793 2805 832 2844 S.
858 2805 968 2845 Petro
1034 2803 1159 2843 vemb.
1174 2802 1844 2854 1681,adunumvelduost’ontifices

153 2872 369 2926 quindecim
394 2873 517 2923 lapsus
547 2879 812 2911 enumerat-unt
826 2900 837 2919 ,
860 2879 898 2910 et
917 2874 969 2910 ita
1034 2878 1188 2909 revocat
1210 2885 1410 2910 numerum
1434 2885 1561 2911 eorum
1575 2899 1587 2918 ,
1621 2871 1683 2923 qui
1717 2878 1840 2909 contra

156 2951 269 2990 porro
295 2937 576 2991 insequentibus
596 2951 691 2976 rom.
716 2936 972 2976 Pontificibus.
1038 2950 1180 2976 morem
1211 2939 1380 2977 omnium
1407 2937 1737 2989 praedecessorum,
1767 2948 1834 2987 per

209 3003 262 3053 (ἓ)
291 3001 387 3042 Sane
413 3001 610 3042 Bossuetus
660 3004 700 3041 in
725 3001 859 3041 celebri
901 3015 974 3041 ser-
1042 3004 1116 3042 vim
1130 3010 1193 3042 aut
1212 3016 1277 3055 per
1305 3002 1578 3055 subreptionem
1590 3002 1743 3048 seducti,
1760 3014 1836 3041 non

1992 3110 2028 3354 &mess
