2028 3354
219 216 281 263 78
701 233 854 263 macr.
890 234 944 263 m:
977 235 1093 266 Locis
1128 236 1422 268 rnnozoclcis.

220 346 384 414 quibus
406 355 650 412 propterea
667 344 922 393 abhorrent
937 382 950 406 ,
973 347 1023 394 id
1046 350 1099 395 fit
1115 384 1128 407 ,
1149 350 1274 413 quia,
1294 350 1407 397 dum
1420 350 1510 414 ipsi
1525 384 1539 408 ,
1560 358 1612 396 ut
1633 350 1790 397 fucum
1816 352 1885 397 fa·-

218 424 342 471 ciant
367 420 559 468 incautis
575 455 588 477 ,
611 420 915 484 profitentur,
946 438 994 468 se
1012 425 1336 472 tantummodo
1361 425 1585 473 inhaerere
1614 426 1751 473 sacris
1791 426 1886 473 Lit—

217 499 352 558 teris,
383 512 494 560 quas
521 495 711 542 unicum
740 496 1159 545 controversiarum
1186 499 1391 559 judicem
1421 501 1710 566 proclamant
1737 537 1750 561 ,
1790 520 1886 549 non

217 571 491 635 Evangelio,
520 570 602 619 sed
623 571 708 618 sibi
733 571 838 619 solis
862 572 1061 620 credunt
1087 573 1173 638 (1).
1204 574 1388 631 Quoties
1418 586 1661 642 propterea
1681 578 1888 640 Evange-

216 649 331 696 lium
360 648 533 713 aliquid
562 649 858 697 commendat
877 685 889 708 ,
926 648 1050 714 quod
1078 649 1186 713 ipsis
1211 667 1307 696 non
1335 651 1552 712 arrideat,
1592 653 1886 717 Evangelium

215 725 413 774 eludunt
441 742 492 772 ac
516 725 632 776 mire
664 724 972 790 detorquent,
1009 742 1069 771 ne
1094 724 1205 788 quid
1227 742 1357 792 exleo
1375 727 1655 776 incommodi
1684 729 1884 793 capiant.

284 799 389 848 135.
411 799 515 863 Obj.
539 800 755 849 secunda.
773 801 822 846 1ο
841 799 983 847 Plane
1004 799 1222 847 ridendos
1242 818 1291 847 se
1309 801 1538 865 praebent,
1559 805 1635 866 qui
1655 805 1704 850 in
1729 813 1857 850 tanta
1873 841 1886 863 ,

215 877 265 924 in
292 893 384 942 qua
424 892 688 935 versamur,
723 875 1017 923 scientiarum
1050 875 1151 921 luce
1180 875 1330 922 adhuc
1365 878 1774 925 comminiscuntur
1802 897 1890 927 ex·-

215 952 519 1000 traordinaria
551 951 699 1010 dona,
744 951 1011 1017 prophetias
1033 987 1045 1010 ,
1077 950 1293 998 miracula
1320 988 1332 1010 ,
1368 969 1418 998 ac
1449 954 1484 1000 si
1511 954 1688 1018 superis
1714 954 1889 1019 placet,

214 1037 416 1076 exstases
438 1064 450 1087 ,
499 1036 690 1093 raptus,
720 1036 774 1074 ut
814 1026 949 1074 nobis
994 1026 1244 1086 suadeant,
1281 1026 1374 1073 imo
1411 1036 1458 1074 et
1493 1028 1804 1092 persuadeant
1842 1030 1893 1076 in

214 1104 385 1151 Christi
427 1102 622 1151 Ecclesia
662 1102 813 1150 adhuc
851 1104 1005 1166 vigere
1041 1102 1406 1167 supernaturalia
1449 1102 1751 1164 charismata,
1793 1106 1892 1170 qui-

215 1178 301 1226 bus
325 1179 565 1227 manifesta
580 1179 660 1225 fiat
678 1187 840 1225 mutua
867 1178 1224 1225 communicatio
1241 1178 1364 1224 inter
1381 1177 1591 1226 divinum
1614 1179 1894 1226 humanum-

213 1272 305 1320 que
327 1253 632 1302 elementum.
655 1254 708 1299 20
725 1253 790 1300 Ut
802 1253 928 1300 enim
943 1253 1227 1314 omittamus,
1248 1252 1481 1301 donorum
1498 1253 1685 1300 illorum
1706 1254 1893 1301 affluen—

213 1331 327 1377 tiam
347 1328 565 1377 coarctari
599 1346 626 1376 a
653 1327 865 1376 Patribus
885 1363 899 1384 ,
932 1329 1212 1375 nominatim
1243 1345 1352 1376 vero
1385 1347 1410 1376 a
1436 1330 1512 1376 SS.
1544 1331 1794 1393 Augustino
1817 1331 1890 1395 (2)

213 1415 263 1454 et
290 1405 508 1469 Gregorio
535 1406 598 1451 M.
639 1403 699 1451 ad
727 1404 934 1451 Ecclesiae
973 1404 1103 1451 initia
1121 1439 1134 1464 ,
1170 1404 1357 1468 quando
1386 1403 1497 1452 fides
1532 1415 1633 1453 erat
1661 1405 1892 1453 miraculis

215 1482 464 1529 nutrienda
485 1481 580 1544 (3);
601 1480 653 1527 30
673 1479 964 1545 exploratum
983 1488 1053 1526 est
1068 1516 1081 1539 ,
1107 1496 1234 1527 nunc
1254 1480 1422 1544 passim
1453 1481 1595 1545 recipi
1617 1499 1642 1528 a
1664 1481 1890 1546 sapienti-

215 1557 302 1605 bus
339 1558 447 1607 viris
483 1566 683 1621 systema
718 1555 934 1620 mythicae
969 1555 1263 1620 expositionis
1307 1555 1459 1620 quoad
1498 1557 1654 1602 omnia
1698 1556 1777 1604 illa
1810 1573 1893 1605 ve·-

215 1635 327 1682 teris
355 1650 406 1682 ac
436 1634 547 1681 novi
574 1632 841 1680 testamenti
878 1630 977 1678 loca
998 1668 1010 1690 ,
1047 1648 1150 1696 quae
1184 1630 1502 1678 immediatam
1540 1632 1625 1679 Dei
1664 1632 1893 1680 actionem

215 1728 314 1777 prae
344 1727 391 1757 se
425 1711 544 1758 ferre
577 1709 811 1760 videntur.
848 1706 901 1753 40
935 1708 1052 1754 Sane
1090 1716 1328 1771 praeeunte
1359 1708 1549 1770 Heyne,
1584 1707 1855 1755 Eichornius
1877 1745 1891 1761 ,

221 1787 460 1834 Paulusius
483 1822 496 1845 ,
540 1785 708 1849 aliique
746 1800 842 1829 non
880 1783 1015 1847 pauci
1046 1783 1388 1840 protestantes,
1425 1782 1664 1846 utriusque
1704 1783 1892 1830 foederis

216 1863 528 1910 lectiunculas
550 1860 645 1924 (4),
668 1860 717 1905 in
744 1857 911 1923 quibus
941 1859 1205 1905 referuntur
1230 1858 1314 1904 Dei
1347 1858 1767 1919 manifestationes,
1800 1858 1892 1905 mi-

217 1938 369 1986 racula
389 1973 402 1997 ,
433 1936 614 2000 aliaque
642 1934 866 1997 ejusmodi
894 1934 1009 1980 mira
1043 1943 1088 1981 et
1122 1932 1485 1981 extraordinaria
1506 1942 1700 1993 eventa,
1724 1950 1888 1997 exege-

217 2024 329 2061 runt
349 2012 410 2060 ad
427 2012 716 2060 ethnicorum
738 2009 921 2073 mythos
938 2045 950 2067 ,
984 2018 1036 2055 ut
1066 2009 1127 2056 sic
1149 2007 1345 2055 fundum
1363 2008 1632 2056 historicum
1658 2017 1788 2058 veste
1811 2026 1891 2056 seu

217 2098 443 2156 apparatu
468 2087 672 2153 mythico
691 2086 977 2151 expoliarent
994 2121 1006 2144 ,
1027 2085 1371 2150 aperirentque,
1403 2084 1529 2148 quod
1557 2084 1643 2131 sub
1663 2084 1743 2132 illo
1763 2102 1891 2148 sym-

216 2165 366 2213 bolico
387 2164 491 2214 velo
518 2162 755 2227 tegebatur
778 2162 864 2224 (5).
896 2162 947 2207 5⁰
973 2160 1150 2208 Deinde
1178 2177 1319 2226 quem
1347 2160 1487 2221 latet,
1514 2168 1561 2207 et
1579 2177 1605 2206 a
1624 2159 1890 2210 vetustiori·

218 2241 306 2290 bus
331 2241 555 2290 haereticis
570 2248 616 2287 et
633 2238 690 2286 ab
705 2238 814 2303 ipsis
832 2236 1200 2284 Protestantibus
1221 2235 1463 2296 miracula,
1481 2236 1575 2282 imo
1593 2245 1639 2282 et
1652 2235 1888 2289 vaticinia,

219 2319 419 2367 visiones
444 2316 700 2382 praetendi,
731 2330 781 2361 ac
800 2313 991 2379 proferri
1014 2321 1064 2359 ut
1090 2321 1414 2375 argumentum
1433 2309 1727 2358 ineluctabile
1744 2309 1891 2358 divini

218 2395 269 2440 in
298 2394 535 2459 propriam
557 2400 727 2439 sectam
750 2388 946 2437 favoris?
978 2387 1189 2436 Celebres
1216 2389 1338 2435 inter
1359 2396 1530 2435 ceteras
1560 2395 1670 2434 sunt
1692 2387 1889 2436 visiones

219 2468 450 2515 lutherani
490 2465 850 2527 Swedenborgii.
903 2463 954 2509 60
1000 2464 1208 2528 Denique
1248 2471 1295 2510 et
1341 2462 1456 2509 illud
1488 2462 1778 2527 exploratum
1820 2469 1889 2509 est

275 2622 325 2672 (l)
349 2620 445 2673 Quid
470 2624 569 2661 enim
595 2620 725 2658 clarius
754 2621 793 2656 in
819 2617 1016 2669 Scripturis
1145 2616 1203 2667 (2)
1223 2616 1266 2653 In
1281 2615 1347 2654 lib.
1361 2615 1425 2654 De
1439 2628 1529 2653 vera
1547 2614 1728 2666 reliqicne
1742 2641 1752 2661 ‚
1771 2626 1804 2652 c.
1819 2611 1885 2661 25,

219 2688 375 2727 traditur
423 2701 536 2739 quam
574 2684 773 2724 consilium
828 2684 1019 2723 coelibatus
1092 2695 1131 2722 n.
1153 2682 1217 2734 47.

219 2767 263 2793 ac
296 2754 517 2805 paupertatis
552 2751 765 2791 voluntariae
780 2779 791 2797 ,
829 2748 1020 2789 necessitas
1146 2746 1199 2797 (3)
1230 2745 1347 2785 Hom.
1361 2759 1452 2784 xxix
1471 2747 1517 2783 in
1531 2743 1763 2795 Evanqelia.

220 2821 307 2859 item
337 2819 519 2857 bonorum
565 2830 716 2869 operum
752 2815 800 2854 ad
831 2815 984 2855 salutem
1005 2845 1015 2862 ‚
1146 2815 1196 2866 (Ia)
1228 2815 1424 2868 Leqendas
1449 2821 1595 2854 vocant.

221 2887 413 2926 necessitas
434 2886 653 2937 poenitentiae
674 2886 694 2921 7
718 2882 789 2922 Sed
820 2883 907 2935 quia
941 2883 1019 2920 haec
1141 2880 1197 2931 (ὅ)
1227 2880 1337 2932 Apud
1370 2879 1514 2918 Strauss
1527 2906 1539 2925 ‚
1579 2876 1623 2914 V
1621 2879 1658 2916 ic
1681 2877 1726 2915 de
1751 2875 1883 2915 Jews-

221 2950 509 2991 protestantibus
521 2964 596 2989 non
608 2949 783 2996 arrident,
796 2949 885 2988 eain
896 2945 1015 3000 Scrip·
1091 2944 1221 2984 Christ
1236 2975 1249 2994 ‚
1265 2953 1357 2984 tom.
1380 2958 1394 2982 ι
1408 2973 1419 2991 ,
1439 2957 1557 2995 prem.
1575 2949 1671 2996 part.
1685 2942 1887 2982 Introduc·

220 3017 311 3056 turis
331 3030 407 3055 non
429 3016 638 3054 inveniunt.
1088 3011 1167 3049 tion
1181 3040 1193 3061 ,
1214 3010 1234 3064 S
1255 3008 1280 3049 5
1296 3017 1333 3049 et
1355 3022 1458 3062 seqq.
