2028 3354
226 179 322 226 222
700 190 852 223 rimor.
889 193 943 223 nn
976 193 1094 224 roms
1128 195 1426 227 Tneoiomms.

226 310 421 375 gratiam
455 306 593 353 aliam
623 322 719 351 non
746 303 886 351 inibit
916 306 1040 354 viam
1073 308 1132 356 ad
1161 310 1387 372 ejusmodi
1421 310 1634 360 homines
1672 312 1730 359 ab
1768 314 1904 361 exitio

224 382 521 435 revocandos.

291 460 400 508 341.
424 458 493 505 Ad
512 457 598 517 2¹1¹,
620 456 741 520 Neq.
772 457 873 515 Quo
895 465 1051 505 autem
1072 474 1210 506 sensu
1231 463 1352 509 Deus
1369 465 1652 528 promiserit,
1679 473 1906 513 aeternum

224 539 325 595 fore*
340 534 566 602 populum
581 531 871 593 hebraicum,
892 551 987 579 non
1001 551 1095 580 uno
1110 536 1157 581 in
1176 534 1276 583 loco
1293 539 1390 602 ipse
1407 541 1641 605 patefecit,
1667 542 1763 589 sive
1782 559 1907 602 cum,

224 615 360 660 Deut.
390 611 559 671 XXIV,
585 609 832 674 praedixit,
863 627 971 657 eum
996 610 1258 676 dispersum
1285 613 1340 659 iri
1366 631 1449 678 per
1473 618 1716 664 universas
1743 617 1910 665 mundi

223 689 410 755 plagas3
441 686 537 735 sive
566 702 699 745 cum7
740 688 860 732 Dan.
896 688 982 747 IX,
1013 690 1108 749 ejus
1145 691 1484 752 praenunciavit
1508 694 1832 755 rejectionem,
1864 703 1911 741 et

225 764 335 812 alibi
353 763 538 829 passim.
561 763 651 808 Lex
671 762 770 826 ipsa
789 762 984 809 mosaica
1008 772 1171 827 utpote
1191 766 1343 830 typica
1367 766 1572 814 futuram
1593 770 1797 830 ejusdem
1818 770 1909 818 loe-

225 840 345 889 deris
365 857 414 887 ac
440 837 636 904 proinde
655 837 813 903 populi
833 839 1138 886 cessationem
1161 858 1258 887 non
1286 841 1479 890 obscure
1499 843 1749 892 indicabat.
1779 846 1910 893 Nihil

226 936 365 985 porro
385 916 476 964 tale
494 915 692 963 occurrit
710 916 762 962 in
780 915 947 962 Christi
962 917 1341 981 promissionibus
1360 930 1573 985 respectu
1594 922 1800 969 Ecclesiae
1819 940 1913 970 suae

226 1005 453 1062 perpetuo
484 1008 742 1053 mansurae3
774 993 870 1040 imo
899 994 1050 1040 omnis
1084 994 1285 1043 conditio
1320 994 1378 1042 ab
1412 997 1504 1044 illis
1531 998 1913 1063 promissionibus

229 1081 388 1137 aperte
418 1068 693 1117 excluditur.

294 1148 406 1196 34⁶2..
449 1146 517 1194 Ad
550 1146 613 1193 3¹1²
638 1154 686 1192 et
709 1144 773 1191 4¹¹²
791 1181 803 1204 .,
837 1146 963 1193 Dist.
992 1147 1037 1193 Si
1073 1147 1398 1212 promissiones
1427 1149 1521 1195 sint
1555 1151 1882 1199 conditionatae
1901 1188 1914 1206 ,

229 1243 388 1277 con0.‚·
411 1223 448 1269 si
480 1222 574 1268 sint
603 1220 822 1268 absolutae
837 1256 850 1281 ‚
887 1239 988 1286 neq.
1010 1223 1054 1269 Si
1076 1224 1201 1269 enim
1231 1224 1317 1271 Dei
1340 1225 1669 1288 promissiones
1693 1226 1914 1275 absolutae

230 1302 429 1360 fuerint7
453 1315 697 1363 nunquam
716 1298 814 1344 fieri
833 1306 984 1361 potest
1000 1335 1012 1358 ⁷
1036 1308 1089 1345 ut
1110 1300 1323 1347 effectum
1344 1317 1478 1347 suum
1502 1320 1599 1348 non
1625 1304 1879 1350 sortiantur
1900 1321 1911 1349 z

231 1378 460 1444 siquidem
492 1376 579 1441 ipsi
603 1375 686 1421 Dei
710 1374 921 1421 fidelitati
944 1384 991 1421 et
1010 1377 1248 1423 voracitati
1277 1377 1559 1424 innituntur.
1597 1377 1916 1425 Inobedientia

232 1454 430 1523 proinde
461 1471 514 1500 ac
545 1451 748 1499 defectus
775 1452 1109 1524 cooperationis
1145 1452 1393 1517 provenire
1423 1454 1613 1518 quidem
1636 1464 1832 1519 possunt
1860 1472 1917 1502 ex

233 1543 364 1601 parte
381 1528 732 1578 individuorum
748 1563 760 1586 7
786 1528 856 1573 uti
888 1527 1038 1591 reipsa
1063 1528 1113 1574 in
1148 1528 1409 1575 acatholicis
1430 1529 1649 1593 contigit,
1674 1547 1918 1595 nunquam

233 1627 344 1660 vero
357 1625 414 1656 ex
432 1615 561 1672 parte
580 1604 723 1669 ipsius
743 1603 950 1651 Ecclesiae
967 1640 979 1662 .‚
1002 1604 1107 1668 quia
1125 1612 1237 1651 tunc
1257 1606 1381 1652 Deus
1404 1606 1496 1651 suis
1517 1607 1753 1670 promissis
1776 1607 1916 1672 plane

234 1687 429 1734 deesset.
454 1684 615 1746 Neque
634 1690 792 1727 tamen
823 1679 881 1727 ad
902 1679 988 1726 hoc
1009 1679 1242 1728 miraculis
1268 1698 1382 1746 opus
1402 1690 1471 1728 est
1487 1718 1499 1741 7
1527 1699 1633 1728 cum
1661 1685 1782 1730 Deus
1806 1683 1919 1730 sub-

236 1763 352 1810 sidio
380 1769 427 1808 et
453 1756 746 1824 providentia
772 1773 853 1802 sua
883 1756 1038 1802 omnia
1066 1757 1208 1820 possit
1239 1757 1419 1804 fortiter
1438 1758 1732 1823 suaviterque
1757 1759 1820 1806 sic
1844 1769 1919 1807 at-

236 1841 414 1902 tingere
437 1846 575 1898 atque
598 1832 868 1897 disponere,
895 1840 947 1877 ut
974 1832 1117 1879 finem
1140 1849 1275 1880 suum
1306 1832 1667 1881 cumulatissime
1690 1833 1915 1882 obtineat.

302 1913 414 1962 343.
457 1912 524 1958 Ad
557 1909 651 1968 5¹1²,
673 1908 792 1971 Nes).
829 1907 964 1954 Aliud
985 1926 1123 1973 porro
1149 1918 1219 1956 est
1247 1909 1478 1957 inculcare
1504 1911 1735 1958 unitatem
1764 1912 1920 1977 perfe-

237 2002 387 2049 ctam,
418 2005 519 2053 quae
541 1987 590 2032 in
615 1994 775 2031 mutua
797 1984 1019 2031 charitate
1049 1985 1171 2032 inter
1196 1986 1372 2049 singula
1394 1987 1601 2034 Ecclesiae
1628 1988 1839 2036 membra
1872 1999 1920 2036 et

238 2084 395 2117 amore
416 2064 646 2120 consistit,
680 2079 874 2125 eamque
906 2060 1260 2120 commendare,
1292 2061 1418 2109 aliud
1445 2072 1601 2110 autem
1625 2064 1674 2109 in
1694 2064 1919 2125 ejusmodi

241 2146 419 2193 unitate
449 2140 655 2188 Ecclesiae
682 2137 1132 2185 indefectibilitatem
1155 2139 1447 2186 constituere.
1472 2139 1602 2185 Prius
1626 2140 1918 2189 verissimum

241 2232 332 2280 est,
347 2220 574 2286 posterius
593 2232 702 2264 vero
717 2214 907 2260 omnino
926 2214 1108 2261 falsum.
1134 2214 1403 2277 Cujusmodi
1423 2215 1481 2261 sit
1499 2215 1669 2275 unitas,
1689 2226 1919 2281 quatenus

242 2298 500 2364 proprietas
529 2292 735 2341 Ecclesiae
760 2299 828 2338 est
850 2307 901 2336 ac
923 2291 1118 2355 proinde
1152 2299 1287 2352 nota,
1322 2291 1371 2337 in
1405 2292 1626 2357 superiori
1660 2294 1808 2357 capite
1836 2310 1918 2340 ex-
1961 2303 1965 2308 '

243 2375 496 2441 posuimus.
520 2373 677 2434 ltaque
695 2368 847 2414 unitas
867 2367 1091 2429 cordium,
1110 2384 1210 2433 quae
1226 2386 1283 2416 ex
1302 2367 1524 2416 charitate
1547 2367 1756 2434 profluit,
1779 2387 1804 2416 a
1825 2369 1917 2416 sin-

245 2450 360 2514 gulis
376 2446 626 2496 individuis
645 2444 843 2509 pendet,
865 2444 942 2508 qui
966 2453 1160 2508 possunt
1175 2444 1232 2490 ab
1253 2462 1305 2492 ea
1324 2443 1570 2492 desciscere
1591 2449 1723 2507 juxta
1746 2445 1917 2492 Christi

245 2525 588 2592 praedictionem
613 2540 624 2568 ι
650 2521 843 2568 Necesse
865 2529 930 2566 est
947 2530 1001 2566 ut
1016 2524 1212 2568 veniant
1230 2522 1458 2569 scandala
1469 2538 1486 2576 ,·
1510 2531 1831 2568 verumtamen
1848 2537 1916 2566 2·oe

247 2604 432 2650 homini
450 2602 541 2656 illi,
559 2615 653 2661 per
672 2615 807 2660 quem
829 2599 1112 2645 scandalum
1135 2598 1361 2662 venitfl).
1381 2600 1463 2646 Cui
1485 2608 1704 2646 consonat
1727 2600 1915 2661 Aposto—

246 2678 337 2737 lus,
351 2677 528 2724 dicens:
553 2679 738 2738 Oportet
758 2674 947 2721 haereses
965 2693 1056 2722 esse
1075 2673 1160 2739 (2),
1179 2674 1227 2721 id
1245 2685 1332 2733 est,
1354 2674 1599 2723 divisiones
1617 2684 1663 2722 et
1679 2673 1914 2733 scissuras,

249 2770 350 2819 quoe
377 2769 433 2800 ex
460 2751 641 2797 infirma
670 2750 913 2797 hominum
944 2760 1110 2799 natura
1135 2751 1391 2798 dimanant.
1420 2752 1466 2798 Si
1491 2751 1616 2798 enim
1640 2748 1847 2796 Christus
1866 2750 1918 2796 in

250 2827 474 2891 ejusmodi
503 2827 702 2892 perfecta
733 2826 993 2875 animorum
1023 2829 1345 2890 conjunctione
1375 2826 1684 2874 constituisset
1706 2826 1915 2873 Ecclesiae

307 2990 359 3040 (1)
393 2987 522 3027 matth.
547 3000 658 3036 xvm,
684 2999 723 3039 7.
1153 2988 1205 3038 (⁵2.)
1235 2988 1254 3026 1
1282 2990 1366 3027 Gor.
1390 2999 1444 3035 ιι,
1478 2997 1536 3039 19.
