2028 3354
493 216 620 246 mar.
658 213 691 242 1.
737 210 860 242 suffr.
900 210 953 240 u.
989 208 1091 240 cn.
1129 207 1192 239 tv.
1232 206 1286 236 nn
1320 205 1461 236 noi-113.
1502 205 1629 236 ram.
1799 190 1893 238 525

199 332 380 380 adnexa
412 327 634 394 primatui
664 325 789 374 Petri
823 342 874 372 ac
906 339 1219 371 successorum
1256 325 1378 384 ejus,
1410 337 1567 376 conc&
1596 337 1756 381 secus,
1789 338 1892 386 neq.

198 411 306 457 Jam
346 424 456 457 vero
492 405 598 453 ideo
628 422 653 451 a
679 404 863 450 Christo
894 404 1056 450 Petrus
1091 417 1143 447 ac
1177 390 1458 446 successores
1497 401 1595 460 ejus
1627 398 1677 444 in
1715 396 1897 446 bonum

198 483 408 532 Ecclesiae
435 480 763 528 infallibilitate
785 477 968 544 praediti
996 484 1134 535 sunt,
1162 476 1269 540 quia
1297 475 1556 540 primatum
1581 474 1645 521 eis
1675 473 1893 521 contulit.

198 561 315 608 Cum
339 567 498 606 autem
518 557 746 623 primatus
770 552 1026 621 personalis
1052 552 1110 598 sit
1126 587 1138 607 ,
1166 551 1465 616 consequitur
1480 587 1492 610 ,
1529 567 1627 597 non
1657 548 1717 596 ab
1738 549 1898 598 Eccle-

195 636 261 682 sia
299 652 494 683 romana
531 632 735 698 pendere
774 631 1054 678 Pontificum
1091 628 1427 685 inerrantiam;
1462 627 1545 674 sed
1582 644 1608 674 e
1641 643 1895 687 converso,

195 713 353 760 omnia
378 711 618 777 privilegia
636 747 648 770 7
672 708 838 774 quibus
869 707 1039 754 fruitur
1058 706 1267 751 Romana
1288 703 1453 764 Sedes,
1484 722 1511 750 a
1544 704 1682 751 Petro
1708 707 1900 770 ejusque

195 787 531 836 successoribus
559 788 607 834 in
641 803 744 833 eam
773 784 1030 830 dimanare.
1068 780 1157 826 Per
1190 779 1315 844 ipsos
1343 779 1558 826 fidelibus
1587 781 1751 844 patefit
1785 798 1897 829 vera

195 865 405 914 Ecclesiae
436 867 642 911 romanae
674 859 887 916 traditi03
921 873 1008 903 nec
1039 854 1133 901 ulla
1162 872 1247 901 nos
1277 857 1527 903 necessitas
1568 865 1701 919 urget
1735 857 1900 922 inqui·-

197 941 337 990 rendi
366 942 416 987 in
451 940 637 997 media,
677 934 846 1000 quibus
874 950 988 991 *usus
1027 931 1085 977 sit
1119 940 1199 977 aut
1226 932 1297 978 uti
1324 930 1494 979 debeat
1523 949 1642 978 rom.
1686 933 1903 981 Pontifex

196 1017 258 1065 ad
275 1017 504 1066 solemnes
529 1030 633 1060 suas
657 1009 940 1076 dogmaticas
962 1006 1260 1056 definitiones
1278 1006 1509 1068 edenda83
1543 1007 1751 1073 alioquin
1769 1026 1898 1057 sem-

195 1112 280 1161 per
311 1093 433 1142 eludi
461 1098 665 1157 possent.

827 1242 1158 1287 PROPOSITIO
1190 1242 1269 1284 ΙΙΙ.

196 1386 423 1447 Idipsum
451 1383 766 1446 confirmatur
792 1398 850 1428 ea·
872 1384 1003 1444 facto
1033 1383 1137 1444 ipso
1164 1396 1288 1426 rom.
1323 1379 1646 1442 Pontificum}
1686 1397 1897 1444 quorum

260 1463 502 1509 neminem
530 1463 586 1507 in
615 1460 894 1523 doymatiois
926 1459 1121 1505 decretis
1152 1473 1335 1504 errasse
1363 1457 1547 1503 ostendi
1567 1465 1729 1520 potest.

261 1634 374 1683 776.
391 1636 643 1700 Perperam
655 1632 880 1681 hactenus
893 1631 1218 1681 adlaboratum
1232 1649 1258 1678 a
1270 1631 1407 1679 nobis
1420 1640 1538 1679 esset
1549 1632 1598 1678 in
1609 1632 1895 1682 adstruenda

193 1730 312 1760 rom.
344 1712 579 1759 Pontificis
599 1709 956 1770 infallibilitate,
990 1710 1103 1756 dum
1128 1707 1372 1773 quidpiam
1393 1708 1453 1756 de
1484 1706 1577 1756 fide
1597 1725 1699 1757 esse
1737 1726 1796 1757 ex
1816 1726 1894 1758 ca-

192 1789 358 1837 thedra
389 1788 598 1836 decernit
616 1824 628 1846 ,
662 1788 751 1834 nisi
771 1786 909 1833 simul
934 1785 1290 1834 ostenderemus
1311 1785 1433 1832 facto
1450 1786 1551 1850 ipso
1574 1794 1805 1851 perpetuo
1844 1796 1893 1835 et

193 1867 454 1924 constanti,
497 1881 743 1929 nunquam
773 1881 892 1910 rom.
920 1862 1145 1911 Praesules
1175 1864 1224 1908 in
1253 1862 1348 1931 suis
1374 1861 1644 1925 dogmaticis
1676 1863 1896 1910 constitu-

194 1940 398 1988 tionibus
418 1941 468 1987 in
486 1958 694 1988 errorem
713 1948 874 1987 contra
900 1938 1263 2004 fidemdilapsos
1284 1954 1398 1985 esse.
1415 1938 1460 1985 Si
1479 1938 1607 1986 enim
1627 1938 1704 1986 vel
1729 1939 1894 1987 unicus

193 2016 420 2079 ejusmodi
441 2033 570 2064 error
593 2015 1025 2082 deprehenderetur
1041 2051 1053 2074 ,
1082 2024 1329 2080 appareret
1346 2050 1358 2073 ,
1377 2031 1540 2062 omnes
1553 2013 1776 2062 adductas
1790 2033 1895 2081 pro·

194 2092 406 2141 bationes
434 2094 485 2140 in
508 2093 711 2141 nihilum
736 2093 978 2140 redactum
996 2092 1069 2139 iri.
1098 2093 1200 2139 Huc
1223 2100 1473 2157 propterea
1502 2091 1698 2139 demum
1725 2091 1896 2140 debui-

194 2188 299 2218 mus
335 2173 548 2218 animum
590 2180 807 2218 nostrum
848 2169 1083 2236 appellere
1118 2206 1130 2229 ‚
1167 2178 1220 2216 ut
1279 2169 1602 2218 evinceremus
1652 2170 1892 2219 verissime

196 2247 430 2312 scripsisse
469 2249 516 2294 S.
558 2247 850 2311 Agathonem
899 2246 1174 2294 Pontificem
1217 2263 1228 2293 ε
1270 2247 1399 2307 Ejus
1431 2263 1547 2293 vera
1591 2249 1819 2309 confessio
1862 2265 1895 2295 a

194 2323 344 2370 Patre
371 2326 427 2371 de
459 2326 587 2371 coelis
615 2332 683 2371 est
705 2326 935 2379 revelata,
949 2339 1045 2387 pro
1066 2339 1164 2385 qua
1189 2341 1221 2370 a
1239 2324 1447 2370 Domino
1473 2327 1694 2371 omnium
1728 2324 1895 2371 heatus

193 2416 290 2446 esse
310 2405 663 2463 pronuntiatas
686 2409 754 2448 est
770 2401 976 2454 Petrus;
1012 2402 1104 2463 qui
1129 2407 1175 2445 et
1198 2400 1438 2462 spiritales
1460 2415 1560 2446 oves
1583 2399 1811 2446 Ecclesioe
1829 2400 1894 2447 ab

194 2478 298 2539 ipso
327 2476 638 2539 Redemptore
664 2479 885 2524 onmium
912 2485 1050 2523 terna
1076 2476 1482 2522 commendatione
1497 2476 1770 2539 pascendas
1792 2492 1893 2522 sus·

195 2556 321 2617 cepit
345 2570 362 2608 ;
402 2557 544 2615 cujas
578 2555 820 2600 annitente
845 2552 1078 2616 proesidio
1122 2552 1220 2599 hoec
1249 2553 1508 2616 apostolica
1543 2556 1646 2615 ejus
1674 2553 1892 2601 Ecclesia

196 2646 455 2692 nunquam
476 2647 507 2675 a
538 2632 618 2676 via
640 2631 856 2676 veritatis
881 2633 937 2676 in
959 2629 1171 2692 qualibet
1196 2631 1377 2675 erroris
1399 2638 1540 2692 parte
1579 2628 1760 2689 deflexa
1788 2637 1854 2675 est
1874 2644 1892 2683 ,⁶

195 2710 336 2768 cujus
375 2708 710 2753 auctoritatem
725 2740 742 2762 ,
783 2714 936 2769 utpote
968 2707 1301 2770 Apostolorum
1339 2710 1559 2753 omnium
1597 2706 1891 2769 Principis,

195 2799 380 2847 semper
407 2786 564 2829 omnis
598 2783 831 2829 catholica
864 2782 1050 2830 Christi
1074 2782 1290 2830 Ecclesia
1322 2790 1367 2828 et
1389 2782 1682 2828 universales
1707 2781 1896 2844 Synodi

198 2860 425 2922 ampleaoe
442 2859 533 2925 (1).
554 2857 689 2917 Quod
713 2874 822 2906 vero
856 2875 1107 2923 nuvequam
1132 2858 1306 2905 factum
1329 2874 1428 2905 esse
1452 2874 1597 2922 usque
1622 2856 1682 2904 ad
1703 2864 1890 2904 aetatem

253 3011 308 3063 (l)
322 3010 369 3051 In
380 3011 510 3066 Epist.
522 3012 574 3052 ad
584 3013 689 3067 Imp.
707 3010 905 3054 Constant.
918 3014 1018 3067 apud
1074 3012 1260 3054 Harduin.
1274 3009 1377 3052 Acta
1392 3009 1515 3051 Cone.
1542 3017 1570 3049 t.
1597 3021 1661 3056 ιιι,
1680 3005 1754 3046 col.
1775 3015 1872 3057 ¹⁰79
