2028 3354
1766 167 1856 217 537

188 340 370 384 VERSIO
399 336 581 380 LATINA
610 334 857 377 LOCORUM
871 363 885 385 ,
915 334 1035 384 QUAE
1062 331 1134 373 EX
1154 329 1515 372 SCRIPTORIBUS
1543 330 1709 372 ITALIS
1735 330 1834 373 VEL

501 414 702 456 ITALICE
729 414 785 453 IN
813 412 916 454 HOC
943 406 1217 453 VOLUMINE
1246 408 1521 449 CITANTUR.

207 585 290 627 Pag.
314 582 391 616 156.
406 581 455 614 Ex
466 578 630 623 operibus
652 579 686 612 S.
709 576 885 611 Francisci
908 574 1041 610 Salesii.

201 671 280 713 Ipse
306 668 467 703 Christus
491 666 634 701 consilia
651 664 848 708 evangelica
870 664 906 697 in
920 663 1052 707 praxim
1073 658 1235 699 deduxit,
1255 661 1290 692 et
1308 661 1349 692 ut
1374 657 1419 693 ab
1442 658 1599 693 Ecclesia
1625 659 1803 702 primitiva
1826 659 1864 693 in

154 725 289 769 praxim
302 723 555 757 deducerentur
566 721 720 762 curavit;
738 719 852 753 omnia
874 718 1002 761 scripta
1017 718 1100 750 sunt
1122 716 1157 748 et
1168 712 1391 755 consignata3
1415 713 1502 757 quid
1525 715 1578 747 est
1593 715 1666 747 tota
1678 714 1864 748 salvatoris

170 779 262 819 vita,
296 779 365 811 nisi
391 776 547 810 fidelium
582 776 700 818 regula
731 777 766 808 et
788 771 1002 806 instructio?
1028 768 1157 802 Debuit
1189 777 1270 809 ergo
1294 767 1448 801 Ecclesia
1468 768 1534 801 hoc
1556 768 1764 802 documento
1787 768 1864 808 uti,

156 832 243 867 adeo
261 833 402 876 quidem
414 833 454 864 ut
466 831 557 864 inter
580 829 771 864 christianae
784 823 961 866 religionis
973 821 1133 856 exercitia
1144 821 1260 865 praxis
1281 820 1386 864 hujus
1397 822 1637 864 paupertatis,
1662 822 1866 857 obedientiae

155 890 193 922 et
219 888 365 931 propriae
394 885 634 929 abnegationis
659 881 932 916 recenserentur.
959 880 1004 911 Et
1028 886 1147 911 revera
1173 875 1267 910 omni
1299 878 1400 909 aetate
1430 875 1583 910 Ecclesia
1611 878 1774 933 enercitia
1795 878 1866 912 haec

154 943 373 983 observavit3
401 940 493 974 unde
515 938 710 980 colligitur,
735 933 932 976 eademipsi
955 932 1095 976 propria
1113 940 1200 965 esse.
1215 930 1269 964 Ad
1290 930 1375 974 quid
1391 933 1509 965 autem
1531 930 1683 965 dedisset
1697 932 1867 965 Dominus

156 997 227 1031 haec
242 997 388 1031 consilia
400 1021 409 1036 ‚
428 996 456 1028 si
472 1002 570 1027 nemo
583 1000 622 1024 ea
637 989 737 1032 sequi
752 987 916 1022 deberet?
930 987 1017 1021 Hinc
1029 988 1142 1030 patet,
1166 985 1203 1018 in
1215 994 1296 1020 vera
1307 985 1438 1020 Christi
1452 985 1606 1020 Ecclesia
1618 985 1866 1030 perfectionem

153 1061 272 1087 veram
295 1052 370 1085 vitae
393 1047 584 1084 christianae
606 1042 845 1087 splendescere
869 1041 1006 1076 debere.

198 1162 282 1203 Pag.
303 1157 378 1191 169.
401 1157 451 1189 Ex
470 1153 522 1187 Cl.
546 1152 696 1196 Fergolae
718 1161 820 1195 opere
836 1176 847 1192 ,
872 1150 966 1195 quod
988 1149 1195 1185 inscribitur
1220 1160 1229 1183 z
1254 1148 1409 1184 Theoria
1430 1148 1747 1193 miraculorum,§
1765 1150 1822 1183 29.

193 1259 285 1291 Dum
301 1254 395 1289 athei
418 1252 668 1287 miraculorum
689 1250 895 1292 veritatem,
911 1260 983 1294 qua
997 1249 1144 1284 fulcitur
1154 1248 1274 1281 nostra
1289 1246 1409 1290 religio
1422 1272 1432 1289 ‚
1457 1246 1599 1281 eludere
1614 1250 1650 1281 et
1664 1247 1702 1280 in
1721 1246 1870 1281 dubium

152 1321 311 1352 revocare
335 1310 528 1349 conantur,
552 1307 589 1340 in
612 1305 765 1340 absurda
779 1304 893 1339 multa
914 1304 969 1339 vel
992 1304 1093 1338 inviti
1116 1301 1300 1343 incidunt;
1324 1304 1359 1336 et
1381 1311 1419 1336 ex
1445 1301 1603 1336 ridiculis
1629 1311 1754 1336 eorum
1773 1311 1870 1336 com-

152 1366 282 1401 mentis
307 1368 343 1399 et
365 1362 559 1408 pertinacia
580 1361 668 1396 mire
691 1360 810 1395 elucet
828 1360 959 1395 veritas
981 1358 1063 1392 fidei
1086 1357 1296 1393 christianae.

198 1477 284 1519 Pag.
308 1474 386 1507 268.
410 1473 460 1505 Ex
481 1469 584 1505 Card.
608 1468 811 1505 Pallavicini
833 1467 930 1504 Hist.
954 1470 1061 1503 Conc.
1086 1464 1189 1502 Tria.
1212 1463 1276 1499 lib.
1300 1465 1370 1507 XI,
1394 1474 1469 1508 cap.
1492 1465 1559 1505 18,
1583 1474 1618 1497 n.
1641 1465 1675 1498 9.

195 1561 276 1596 Ideo
299 1562 392 1595 inter
406 1559 604 1593 chistianos
620 1560 742 1592 natum
769 1558 823 1591 est
846 1555 1017 1598 schisma,
1040 1555 1124 1599 quia
1138 1552 1344 1598 Eutychiani
1366 1562 1445 1586 cum
1461 1552 1540 1586 aliis
1558 1578 1568 1594 ,
1589 1553 1650 1596 qui
1674 1562 1694 1586 a
1718 1553 1869 1587 Concilio

152 1614 398 1651 calcedonensi
425 1614 581 1647 damnati
613 1611 774 1653 fuerant,
800 1610 1011 1656 objiciebant
1042 1608 1232 1643 Ecclesiam
1265 1617 1443 1642 romanam
1474 1607 1556 1641 huic
1590 1607 1741 1641 Concilio
1769 1617 1869 1642 suam

153 1670 442 1714 approbationem
464 1667 672 1711 denegasse,
696 1666 779 1700 dum
794 1664 1003 1709 approbavit
1025 1661 1219 1698 Concilium
1237 1662 1663 1707 constantinopolitanum
1680 1662 1870 1696 secundum

150 1714 350 1770 (quintam
367 1723 544 1768 synodum
570 1721 859 1764 oecumenicam).
886 1722 929 1755 At
942 1722 976 1755 S.
1000 1718 1187 1762 Gregorius
1213 1717 1339 1762 saepius
1372 1718 1461 1752 hanc
1487 1719 1712 1761 apparentem
1735 1720 1871 1752 contra·

150 1779 341 1814 dictionem
363 1778 488 1819 diluit,
511 1776 697 1811 ostendens
719 1775 874 1810 concilia
896 1775 966 1809 haec
989 1774 1056 1808 sibi
1080 1773 1274 1808 consentire
1302 1774 1339 1806 in
1368 1771 1548 1816 probanda
1572 1781 1655 1806 vera
1681 1771 1840 1806 doctrina
1855 1796 1867 1813 ‚

150 1837 186 1868 et
218 1835 257 1867 in
293 1831 489 1867 damnanda
518 1832 641 1866 haeresi
677 1830 850 1866 Theodori
872 1855 882 1872 ,
912 1827 1121 1864 'theodoreti
1163 1829 1198 1861 et
1228 1827 1307 1860 lbae.
1330 1825 1441 1870 quue
1463 1826 1633 1870 praecipue
1655 1825 1811 1861 declarat
1833 1827 1869 1860 in

149 1887 300 1932 epistola
313 1897 377 1921 sua
392 1885 437 1920 ad
461 1887 688 1920 Constantem
710 1886 920 1929 Episcopum
942 1883 1261 1921 Mediolanensem3
1287 1882 1325 1914 in
1348 1890 1418 1924 qua
1441 1881 1623 1921 observat,
1650 1881 1745 1925 quod
1757 1884 1792 1916 et
1806 1891 1869 1916 nos

149 1939 320 1981 diximus,
349 1940 503 1975 concilia
525 1941 619 1975 inter
642 1950 679 1974 se
702 1949 772 1975 non
796 1938 983 1973 dissentire
1005 1936 1121 1981 quoad
1144 1935 1307 1979 dogmata
1328 1935 1433 1976 fidei,
1458 1935 1519 1969 sed
1543 1935 1658 1979 quoad
1680 1946 1867 1980 personas,

151 1995 195 2029 de
233 1994 364 2039 quibus
400 1996 545 2036 egerant
577 1997 702 2029 Patres
723 1993 1019 2033 calcedonenses‚
1053 1992 1239 2035 postquam
1261 1999 1379 2025 veram
1401 1989 1596 2024 doctrinam
1619 1990 1867 2025 definivissent·

150 2049 250 2089 Quod
277 2049 386 2092 igitur
409 2047 451 2081 de
479 2049 639 2090 personis
659 2048 884 2087 statuerunt,
910 2055 980 2079 non
1002 2047 1079 2078 erat
1102 2043 1273 2079 articulus
1295 2043 1399 2087 fidei,
1423 2054 1487 2079 nec
1508 2044 1554 2079 ad
1574 2044 1867 2080 infallibilitatem

158 2102 319 2153 Ecclesiae
342 2102 508 2146 pertinet.

206 2213 287 2255 Pag.
310 2213 387 2246 577.
412 2213 459 2245 Ex
482 2212 582 2245 Joan.
605 2210 733 2245 Villani
755 2209 946 2251 Historia,
969 2208 1031 2244 lib.
1047 2210 1114 2253 IX,
1139 2218 1214 2253 cap.
1228 2209 1306 2243 264.

205 2309 369 2354 Magister
381 2311 532 2345 ,Ioannes
544 2309 586 2344 de
609 2310 786 2345 Giandone
808 2312 844 2345 et
865 2311 1031 2354 Magister
1052 2309 1227 2345 Marsilius
1248 2309 1438 2345 Patavinus
1461 2309 1653 2345 doctissimi
1676 2310 1819 2346 fuerunt
1831 2311 1866 2345 in

179 2374 278 2398 erum
292 2365 508 2401 naturalium
530 2366 677 2401 scientia
700 2368 736 2401 et
757 2366 794 2400 in
817 2365 1006 2409 astrologia
1021 2391 1030 2406 ‚
1055 2366 1115 2400 sed
1138 2365 1175 2398 in
1198 2365 1319 2400 multis
1341 2365 1493 2400 haeretici
1519 2366 1646 2410 reperti
1670 2368 1766 2400 sunt.

206 2485 253 2518 Et
275 2493 315 2519 ex
336 2483 398 2518 lib.
418 2485 472 2525 X,
496 2494 571 2528 cap.
595 2486 671 2518 102.

206 2570 271 2605 Die
293 2569 648 2613 decimoseptembris
671 2571 820 2605 Corneto
843 2571 990 2615 profecti
1011 2574 1115 2613 sunt,
1143 2573 1269 2606 etcum
1299 2573 1581 2607 Montem-altum
1605 2573 1862 2617 pervenissent,

164 2627 325 2659 mortuus
347 2626 401 2659 est
422 2624 587 2667 Magister
609 2625 784 2659 Marsilius
796 2626 984 2660 Patavinus
992 2626 1144 2670 perfidus
1158 2625 1339 2661 haereticus
1357 2629 1392 2662 et
1403 2627 1570 2671 magister
1586 2629 1622 2662 et
1633 2627 1700 2662 dux
1715 2628 1840 2663 Bavari
1855 2652 1863 2667 ,

165 2680 226 2723 qui
249 2679 305 2714 die
327 2681 370 2713 15
392 2679 607 2723 Septembris
629 2680 788 2724 pervenit
810 2680 992 2714 Grossedo.

208 2790 291 2832 Pag.
313 2789 393 2823 465.
415 2789 464 2821 Ex
485 2787 579 2822 Petri
602 2788 820 2823 Tamburinii
840 2788 994 2834 Analysi
1014 2790 1331 2834 praescriptionum
1355 2790 1571 2826 Tertulliani
1583 2818 1592 2834 ,
1617 2792 1636 2836 5
1660 2794 1729 2826 Lx.

210 2875 260 2907 Ex
277 2884 316 2909 eo
330 2900 339 2916 ,
364 2873 459 2919 quod
482 2873 670 2908 infallibile
681 2874 850 2917 J'udicium
863 2875 905 2909 de
923 2875 1175 2920 quaestionibus
1188 2902 1197 2916 ,
1213 2886 1289 2920 quae
1301 2876 1344 2910 ad
1359 2876 1462 2911 fidem
1474 2878 1651 2921 pertinent
1662 2903 1673 2918 ‚
1696 2886 1864 2911 consensu

167 2928 357 2962 universali
388 2927 544 2962 omnium
571 2928 794 2963 ecclesiarum
808 2954 818 2970 ‚
841 2931 877 2964 et
898 2930 1080 2964 concordia
1114 2930 1269 2964 omnium
1292 2933 1470 2974 pastorum
1493 2931 1593 2965 unice
1616 2931 1863 2970 constituitur,

168 2982 359 3018 necessario
384 2982 564 3027 sequitur,
594 2992 712 3018 omnes
735 2983 854 3019 fideles
883 2984 1017 3020 lumina
1043 2994 1106 3019 sua
1131 2986 1318 3028 praestare,
1340 2985 1468 3030 quibus
1494 2986 1641 3020 aliorum
1669 2984 1863 3019 infirmitati
