<?xml version="1.0" encoding="UTF-8"?>
<!DOCTYPE html PUBLIC "-//W3C//DTD XHTML 1.0 Transitional//EN"
    "http://www.w3.org/TR/xhtml1/DTD/xhtml1-transitional.dtd">
<html xmlns="http://www.w3.org/1999/xhtml" xml:lang="en" lang="en">
 <head>
  <title>
</title>
<meta http-equiv="Content-Type" content="text/html;charset=utf-8" />
  <meta name='ocr-system' content='tesseract 3.04.00' />
  <meta name='ocr-capabilities' content='ocr_page ocr_carea ocr_par ocr_line ocrx_word'/>
</head>
<body>
  <div class='ocr_page' id='page_1' title='image "./praelectionestheo08perruoft/praelectionestheo08perruoft_0189.png"; bbox 0 0 2028 3354; ppageno 0'>
   <div class='ocr_carea' id='block_1_1' title="bbox 1706 182 1794 229">
    <p class='ocr_par' dir='ltr' id='par_1_1' title="bbox 1706 182 1794 229">
     <span class='ocr_line' id='line_1_1' title="bbox 1706 182 1794 229; baseline 0.023 -2"><span class='ocrx_word' id='word_1_1' title='bbox 1706 182 1794 229; x_wconf 91' lang='lat'><strong>177</strong></span> 
     </span>
    </p>
   </div>
   <div class='ocr_carea' id='block_1_2' title="bbox 454 200 1410 234">
    <p class='ocr_par' dir='ltr' id='par_1_2' title="bbox 454 200 1410 234">
     <span class='ocr_line' id='line_1_2' title="bbox 454 200 1410 234; baseline -0.004 0"><span class='ocrx_word' id='word_1_2' title='bbox 454 204 580 234; x_wconf 71' lang='lat' dir='ltr'>PART.</span> <span class='ocrx_word' id='word_1_3' title='bbox 617 202 648 232; x_wconf 83' lang='lat'><strong>1.</strong></span> <span class='ocrx_word' id='word_1_4' title='bbox 688 201 783 233; x_wconf 75' lang='lat' dir='ltr'><strong>GAP.</strong></span> <span class='ocrx_word' id='word_1_5' title='bbox 821 202 893 231; x_wconf 87' lang='lat'>111.</span> <span class='ocrx_word' id='word_1_6' title='bbox 924 202 980 232; x_wconf 86' lang='lat' dir='ltr'><strong>DE</strong></span> <span class='ocrx_word' id='word_1_7' title='bbox 1014 200 1232 232; x_wconf 75' lang='lat' dir='ltr'>ECCLESIAE</span> <span class='ocrx_word' id='word_1_8' title='bbox 1267 200 1410 231; x_wconf 72' lang='lat' dir='ltr'><strong>nous.</strong></span> 
     </span>
    </p>
   </div>
   <div class='ocr_carea' id='block_1_3' title="bbox 109 314 1800 668">
    <p class='ocr_par' dir='ltr' id='par_1_3' title="bbox 109 314 1800 668">
     <span class='ocr_line' id='line_1_3' title="bbox 109 314 1800 382; baseline -0.004 -17"><span class='ocrx_word' id='word_1_9' title='bbox 109 326 238 365; x_wconf 79' lang='lat' dir='ltr'><strong>trata</strong></span> <span class='ocrx_word' id='word_1_10' title='bbox 260 316 346 382; x_wconf 86' lang='lat' dir='ltr'><strong>(l).</strong></span> <span class='ocrx_word' id='word_1_11' title='bbox 381 315 519 379; x_wconf 85' lang='lat' dir='ltr'><strong>Quod</strong></span> <span class='ocrx_word' id='word_1_12' title='bbox 545 333 657 364; x_wconf 87' lang='lat' dir='ltr'><strong>vero</strong></span> <span class='ocrx_word' id='word_1_13' title='bbox 683 324 861 380; x_wconf 85' lang='lat' dir='ltr'><strong>spectat</strong></span> <span class='ocrx_word' id='word_1_14' title='bbox 893 314 951 363; x_wconf 91' lang='lat' dir='ltr'><strong>ad</strong></span> <span class='ocrx_word' id='word_1_15' title='bbox 982 315 1326 362; x_wconf 82' lang='lat' dir='ltr'><strong>distinctionem</strong></span> <span class='ocrx_word' id='word_1_16' title='bbox 1356 314 1479 361; x_wconf 87' lang='lat' dir='ltr'><strong>inter</strong></span> <span class='ocrx_word' id='word_1_17' title='bbox 1503 321 1635 360; x_wconf 91' lang='lat' dir='ltr'><strong>notas</strong></span> <span class='ocrx_word' id='word_1_18' title='bbox 1664 316 1800 375; x_wconf 70' lang='lat' dir='ltr'><strong>posi-</strong></span> 
     </span>
     <span class='ocr_line' id='line_1_4' title="bbox 109 389 1798 457; baseline -0.004 -17"><span class='ocrx_word' id='word_1_19' title='bbox 109 400 233 441; x_wconf 65' lang='lat' dir='ltr'><strong>tivae</strong></span> <span class='ocrx_word' id='word_1_20' title='bbox 254 403 301 442; x_wconf 89' lang='lat' dir='ltr'><strong>et</strong></span> <span class='ocrx_word' id='word_1_21' title='bbox 323 397 566 457; x_wconf 61' lang='grc' dir='ltr'><strong>κερατίνας</strong></span> <span class='ocrx_word' id='word_1_22' title='bbox 592 393 750 456; x_wconf 90' lang='lat' dir='ltr'><strong>(secus</strong></span> <span class='ocrx_word' id='word_1_23' title='bbox 769 408 820 438; x_wconf 90' lang='lat' dir='ltr'><strong>ac</strong></span> <span class='ocrx_word' id='word_1_24' title='bbox 847 391 983 439; x_wconf 87' lang='lat' dir='ltr'><strong>nobis</strong></span> <span class='ocrx_word' id='word_1_25' title='bbox 1006 391 1220 438; x_wconf 89' lang='lat' dir='ltr'><strong>videatur</strong></span> <span class='ocrx_word' id='word_1_26' title='bbox 1236 426 1249 449; x_wconf 51' lang='lat'>5</span> <span class='ocrx_word' id='word_1_27' title='bbox 1269 391 1348 455; x_wconf 88' lang='lat' dir='ltr'><strong>qui</strong></span> <span class='ocrx_word' id='word_1_28' title='bbox 1368 390 1648 437; x_wconf 89' lang='lat' dir='ltr'><strong>contrariam</strong></span> <span class='ocrx_word' id='word_1_29' title='bbox 1670 389 1798 437; x_wconf 86' lang='lat' dir='ltr'><strong>viam</strong></span> 
     </span>
     <span class='ocr_line' id='line_1_5' title="bbox 109 466 1796 533; baseline -0.002 -18"><span class='ocrx_word' id='word_1_30' title='bbox 109 470 353 527; x_wconf 75' lang='lat' dir='ltr'><strong>inivimus,</strong></span> <span class='ocrx_word' id='word_1_31' title='bbox 388 485 528 533; x_wconf 89' lang='lat' dir='ltr'><strong>quam</strong></span> <span class='ocrx_word' id='word_1_32' title='bbox 555 469 653 533; x_wconf 93' lang='lat' dir='ltr'><strong>ipse</strong></span> <span class='ocrx_word' id='word_1_33' title='bbox 683 485 790 515; x_wconf 89' lang='lat' dir='ltr'><strong>cum</strong></span> <span class='ocrx_word' id='word_1_34' title='bbox 815 467 951 515; x_wconf 85' lang='lat' dir='ltr'><strong>Card.</strong></span> <span class='ocrx_word' id='word_1_35' title='bbox 981 470 1046 513; x_wconf 92' lang='lat' dir='ltr'><strong>De</strong></span> <span class='ocrx_word' id='word_1_36' title='bbox 1079 467 1122 513; x_wconf 87' lang='lat' dir='ltr'><strong>la</strong></span> <span class='ocrx_word' id='word_1_37' title='bbox 1153 469 1357 513; x_wconf 88' lang='lat' dir='ltr'><strong>Luzerne</strong></span> <span class='ocrx_word' id='word_1_38' title='bbox 1384 466 1616 528; x_wconf 77' lang='lat' dir='ltr'><strong>ingressus</strong></span> <span class='ocrx_word' id='word_1_39' title='bbox 1660 474 1730 512; x_wconf 88' lang='lat' dir='ltr'><strong>est</strong></span> <span class='ocrx_word' id='word_1_40' title='bbox 1750 469 1796 527; x_wconf 82' lang='lat'><strong>),</strong></span> 
     </span>
     <span class='ocr_line' id='line_1_6' title="bbox 109 541 1796 609; baseline -0.004 -16"><span class='ocrx_word' id='word_1_41' title='bbox 109 545 283 609; x_wconf 85' lang='lat' dir='ltr'><strong>poterit</strong></span> <span class='ocrx_word' id='word_1_42' title='bbox 306 543 545 591; x_wconf 88' lang='lat' dir='ltr'><strong>abundare</strong></span> <span class='ocrx_word' id='word_1_43' title='bbox 572 544 623 590; x_wconf 92' lang='lat' dir='ltr'><strong>in</strong></span> <span class='ocrx_word' id='word_1_44' title='bbox 650 560 787 590; x_wconf 90' lang='lat' dir='ltr'><strong>sensu</strong></span> <span class='ocrx_word' id='word_1_45' title='bbox 825 560 924 590; x_wconf 90' lang='lat' dir='ltr'><strong>suo.</strong></span> <span class='ocrx_word' id='word_1_46' title='bbox 959 544 1053 589; x_wconf 89' lang='lat' dir='ltr'><strong>Nec</strong></span> <span class='ocrx_word' id='word_1_47' title='bbox 1080 542 1207 589; x_wconf 91' lang='lat' dir='ltr'><strong>enim</strong></span> <span class='ocrx_word' id='word_1_48' title='bbox 1237 541 1372 588; x_wconf 89' lang='lat' dir='ltr'><strong>nobis</strong></span> <span class='ocrx_word' id='word_1_49' title='bbox 1399 558 1508 588; x_wconf 89' lang='lat' dir='ltr'><strong>cum</strong></span> <span class='ocrx_word' id='word_1_50' title='bbox 1533 541 1796 601; x_wconf 70' lang='lat' dir='ltr'><strong>catholicis,</strong></span> 
     </span>
     <span class='ocr_line' id='line_1_7' title="bbox 109 619 819 668; baseline -0.003 -3"><span class='ocrx_word' id='word_1_51' title='bbox 109 619 192 668; x_wconf 91' lang='lat' dir='ltr'><strong>sed</strong></span> <span class='ocrx_word' id='word_1_52' title='bbox 220 636 325 666; x_wconf 90' lang='lat' dir='ltr'><strong>cum</strong></span> <span class='ocrx_word' id='word_1_53' title='bbox 356 619 618 666; x_wconf 83' lang='lat' dir='ltr'><strong>acatholicis</strong></span> <span class='ocrx_word' id='word_1_54' title='bbox 641 635 714 666; x_wconf 88' lang='lat' dir='ltr'><strong>res</strong></span> <span class='ocrx_word' id='word_1_55' title='bbox 735 628 819 666; x_wconf 89' lang='lat' dir='ltr'><strong>est.</strong></span> 
     </span>
    </p>
   </div>
   <div class='ocr_carea' id='block_1_4' title="bbox 334 758 1565 820">
    <p class='ocr_par' dir='ltr' id='par_1_4' title="bbox 334 758 1565 820">
     <span class='ocr_line' id='line_1_8' title="bbox 334 758 1565 820; baseline -0.004 -12"><span class='ocrx_word' id='word_1_56' title='bbox 334 763 578 810; x_wconf 79' lang='lat' dir='ltr'><strong>Adversus</strong></span> <span class='ocrx_word' id='word_1_57' title='bbox 603 769 735 806; x_wconf 76' lang='lat' dir='ltr'><strong>notas</strong></span> <span class='ocrx_word' id='word_1_58' title='bbox 763 758 1098 805; x_wconf 74' lang='lat' dir='ltr'><strong>catholz&#39;eitatis</strong></span> <span class='ocrx_word' id='word_1_59' title='bbox 1124 766 1168 802; x_wconf 79' lang='lat' dir='ltr'><strong>et</strong></span> <span class='ocrx_word' id='word_1_60' title='bbox 1187 758 1565 820; x_wconf 73' lang='lat' dir='ltr'><strong>apostolz&#39;cz&#39;tatis.</strong></span> 
     </span>
    </p>
   </div>
   <div class='ocr_carea' id='block_1_5' title="bbox 103 897 1805 2257">
    <p class='ocr_par' dir='ltr' id='par_1_5' title="bbox 103 897 1805 2257">
     <span class='ocr_line' id='line_1_9' title="bbox 174 897 1802 967; baseline -0.002 -19"><span class='ocrx_word' id='word_1_61' title='bbox 174 901 284 950; x_wconf 78' lang='lat'><strong>283.</strong></span> <span class='ocrx_word' id='word_1_62' title='bbox 321 902 426 964; x_wconf 81' lang='lat' dir='ltr'>Obj,</span> <span class='ocrx_word' id='word_1_63' title='bbox 461 902 628 967; x_wconf 85' lang='lat' dir='ltr'><strong>prima.</strong></span> <span class='ocrx_word' id='word_1_64' title='bbox 667 900 716 945; x_wconf 81' lang='grc' dir='ltr'><strong>1ο</strong></span> <span class='ocrx_word' id='word_1_65' title='bbox 748 898 795 945; x_wconf 91' lang='lat' dir='ltr'><strong>Si</strong></span> <span class='ocrx_word' id='word_1_66' title='bbox 820 897 1016 946; x_wconf 86' lang='lat' dir='ltr'><strong>Ecclesia</strong></span> <span class='ocrx_word' id='word_1_67' title='bbox 1053 908 1124 946; x_wconf 88' lang='lat' dir='ltr'><strong>est</strong></span> <span class='ocrx_word' id='word_1_68' title='bbox 1157 916 1392 957; x_wconf 77' lang='lat' dir='ltr'><strong>romana,</strong></span> <span class='ocrx_word' id='word_1_69' title='bbox 1429 916 1527 945; x_wconf 90' lang='lat' dir='ltr'><strong>non</strong></span> <span class='ocrx_word' id='word_1_70' title='bbox 1561 907 1632 945; x_wconf 86' lang='lat' dir='ltr'><strong>est</strong></span> <span class='ocrx_word' id='word_1_71' title='bbox 1661 897 1802 961; x_wconf 82' lang='lat' dir='ltr'><strong>igitur</strong></span> 
     </span>
     <span class='ocr_line' id='line_1_10' title="bbox 109 974 1803 1037; baseline -0.001 -13"><span class='ocrx_word' id='word_1_72' title='bbox 109 977 359 1037; x_wconf 79' lang='lat' dir='ltr'><strong>catholica,</strong></span> <span class='ocrx_word' id='word_1_73' title='bbox 391 977 471 1025; x_wconf 89' lang='lat' dir='ltr'><strong>sed</strong></span> <span class='ocrx_word' id='word_1_74' title='bbox 498 980 796 1022; x_wconf 75' lang='lat' dir='ltr'><strong>romanensis</strong></span> <span class='ocrx_word' id='word_1_75' title='bbox 830 974 1056 1023; x_wconf 86' lang='lat' dir='ltr'><strong>vocanda.</strong></span> <span class='ocrx_word' id='word_1_76' title='bbox 1093 976 1148 1021; x_wconf 74' lang='lat'><strong>20</strong></span> <span class='ocrx_word' id='word_1_77' title='bbox 1181 975 1378 1022; x_wconf 87' lang='lat' dir='ltr'><strong>Ecclesia</strong></span> <span class='ocrx_word' id='word_1_78' title='bbox 1418 976 1544 1022; x_wconf 88' lang='lat' dir='ltr'><strong>enim</strong></span> <span class='ocrx_word' id='word_1_79' title='bbox 1578 991 1686 1022; x_wconf 86' lang='lat' dir='ltr'><strong>vere</strong></span> <span class='ocrx_word' id='word_1_80' title='bbox 1723 992 1803 1022; x_wconf 84' lang='lat' dir='ltr'><strong>ca-</strong></span> 
     </span>
     <span class='ocr_line' id='line_1_11' title="bbox 110 1050 1803 1115; baseline -0.001 -16"><span class='ocrx_word' id='word_1_81' title='bbox 110 1053 279 1101; x_wconf 90' lang='lat' dir='ltr'><strong>tholica</strong></span> <span class='ocrx_word' id='word_1_82' title='bbox 311 1062 522 1100; x_wconf 86' lang='lat' dir='ltr'><strong>constare</strong></span> <span class='ocrx_word' id='word_1_83' title='bbox 544 1050 685 1098; x_wconf 89' lang='lat' dir='ltr'><strong>debet</strong></span> <span class='ocrx_word' id='word_1_84' title='bbox 710 1051 937 1098; x_wconf 84' lang='lat' dir='ltr'><strong>universis</strong></span> <span class='ocrx_word' id='word_1_85' title='bbox 971 1050 1141 1097; x_wconf 85' lang='lat' dir='ltr'><strong>Christi</strong></span> <span class='ocrx_word' id='word_1_86' title='bbox 1171 1050 1415 1112; x_wconf 75' lang='lat' dir='ltr'><strong>fidelibus,</strong></span> <span class='ocrx_word' id='word_1_87' title='bbox 1445 1052 1526 1115; x_wconf 88' lang='lat' dir='ltr'><strong>qui</strong></span> <span class='ocrx_word' id='word_1_88' title='bbox 1557 1051 1725 1098; x_wconf 85' lang='lat' dir='ltr'><strong>saltem</strong></span> <span class='ocrx_word' id='word_1_89' title='bbox 1752 1051 1803 1098; x_wconf 90' lang='lat' dir='ltr'><strong>in</strong></span> 
     </span>
     <span class='ocr_line' id='line_1_12' title="bbox 108 1126 1802 1191; baseline -0.001 -16"><span class='ocrx_word' id='word_1_90' title='bbox 108 1128 309 1175; x_wconf 88' lang='lat' dir='ltr'><strong>articulis</strong></span> <span class='ocrx_word' id='word_1_91' title='bbox 327 1126 754 1175; x_wconf 85' lang='lat' dir='ltr'><strong>fundamentalibus</strong></span> <span class='ocrx_word' id='word_1_92' title='bbox 773 1126 1048 1191; x_wconf 88' lang='lat' dir='ltr'><strong>profitendis</strong></span> <span class='ocrx_word' id='word_1_93' title='bbox 1063 1128 1375 1174; x_wconf 87' lang='lat' dir='ltr'><strong>consentiant.</strong></span> <span class='ocrx_word' id='word_1_94' title='bbox 1399 1128 1519 1174; x_wconf 89' lang='lat' dir='ltr'><strong>Cum</strong></span> <span class='ocrx_word' id='word_1_95' title='bbox 1544 1144 1655 1175; x_wconf 82' lang='lat' dir='ltr'><strong>vero</strong></span> <span class='ocrx_word' id='word_1_96' title='bbox 1676 1145 1802 1174; x_wconf 87' lang='lat' dir='ltr'><strong>com-</strong></span> 
     </span>
     <span class='ocr_line' id='line_1_13' title="bbox 106 1202 1804 1268; baseline 0 -18"><span class='ocrx_word' id='word_1_97' title='bbox 106 1205 349 1251; x_wconf 88' lang='lat' dir='ltr'><strong>muniones</strong></span> <span class='ocrx_word' id='word_1_98' title='bbox 368 1219 530 1251; x_wconf 90' lang='lat' dir='ltr'><strong>omnes</strong></span> <span class='ocrx_word' id='word_1_99' title='bbox 548 1238 560 1261; x_wconf 77' lang='lat'><strong>.‚</strong></span> <span class='ocrx_word' id='word_1_100' title='bbox 591 1219 706 1266; x_wconf 90' lang='lat' dir='ltr'><strong>quas</strong></span> <span class='ocrx_word' id='word_1_101' title='bbox 735 1211 882 1249; x_wconf 85' lang='lat' dir='ltr'><strong>sectas</strong></span> <span class='ocrx_word' id='word_1_102' title='bbox 903 1211 1064 1261; x_wconf 80' lang='lat' dir='ltr'><strong>vocat,</strong></span> <span class='ocrx_word' id='word_1_103' title='bbox 1095 1203 1293 1250; x_wconf 86' lang='lat' dir='ltr'><strong>Ecclesia</strong></span> <span class='ocrx_word' id='word_1_104' title='bbox 1313 1202 1392 1249; x_wconf 91' lang='lat' dir='ltr'><strong>illa</strong></span> <span class='ocrx_word' id='word_1_105' title='bbox 1417 1202 1634 1268; x_wconf 85' lang='lat' dir='ltr'><strong>repudiet</strong></span> <span class='ocrx_word' id='word_1_106' title='bbox 1659 1203 1804 1251; x_wconf 86' lang='lat' dir='ltr'><strong>veluti</strong></span> 
     </span>
     <span class='ocr_line' id='line_1_14' title="bbox 107 1278 1805 1342; baseline 0 -16"><span class='ocrx_word' id='word_1_107' title='bbox 107 1279 475 1326; x_wconf 88' lang='lat' dir='ltr'><strong>antichristianas</strong></span> <span class='ocrx_word' id='word_1_108' title='bbox 488 1311 506 1334; x_wconf 84' lang='lat'><em>,</em></span> <span class='ocrx_word' id='word_1_109' title='bbox 535 1294 780 1342; x_wconf 89' lang='lat' dir='ltr'><strong>nunquam</strong></span> <span class='ocrx_word' id='word_1_110' title='bbox 809 1295 912 1324; x_wconf 90' lang='lat' dir='ltr'><strong>eam</strong></span> <span class='ocrx_word' id='word_1_111' title='bbox 940 1278 1214 1325; x_wconf 85' lang='lat' dir='ltr'><strong>catholicam</strong></span> <span class='ocrx_word' id='word_1_112' title='bbox 1246 1295 1327 1325; x_wconf 91' lang='lat' dir='ltr'><strong>seu</strong></span> <span class='ocrx_word' id='word_1_113' title='bbox 1353 1278 1693 1340; x_wconf 82' lang='lat' dir='ltr'><strong>universalem,</strong></span> <span class='ocrx_word' id='word_1_114' title='bbox 1721 1279 1805 1326; x_wconf 89' lang='lat' dir='ltr'><strong>sed</strong></span> 
     </span>
     <span class='ocr_line' id='line_1_15' title="bbox 103 1354 1805 1419; baseline 0 -17"><span class='ocrx_word' id='word_1_115' title='bbox 103 1354 430 1419; x_wconf 82' lang='lat' dir='ltr'><strong>particularem</strong></span> <span class='ocrx_word' id='word_1_116' title='bbox 455 1355 717 1412; x_wconf 76' lang='lat' dir='ltr'><strong>vocaverIS‚</strong></span> <span class='ocrx_word' id='word_1_117' title='bbox 747 1364 853 1401; x_wconf 84' lang='lat' dir='ltr'><strong>utut</strong></span> <span class='ocrx_word' id='word_1_118' title='bbox 885 1354 1130 1414; x_wconf 78' lang='lat' dir='ltr'><strong>diffusam,</strong></span> <span class='ocrx_word' id='word_1_119' title='bbox 1165 1364 1219 1401; x_wconf 86' lang='lat' dir='ltr'><strong>ut</strong></span> <span class='ocrx_word' id='word_1_120' title='bbox 1243 1355 1345 1419; x_wconf 88' lang='lat' dir='ltr'><strong>ipsa</strong></span> <span class='ocrx_word' id='word_1_121' title='bbox 1372 1364 1601 1403; x_wconf 81' lang='lat' dir='ltr'><strong>autumat.</strong></span> <span class='ocrx_word' id='word_1_122' title='bbox 1644 1354 1697 1401; x_wconf 80' lang='lat'><strong>30</strong></span> <span class='ocrx_word' id='word_1_123' title='bbox 1732 1355 1805 1403; x_wconf 85' lang='lat' dir='ltr'><strong>Ad</strong></span> 
     </span>
     <span class='ocr_line' id='line_1_16' title="bbox 103 1430 1800 1500; baseline 0 -22"><span class='ocrx_word' id='word_1_124' title='bbox 103 1448 341 1478; x_wconf 89' lang='lat' dir='ltr'><strong>summum</strong></span> <span class='ocrx_word' id='word_1_125' title='bbox 360 1431 449 1477; x_wconf 90' lang='lat' dir='ltr'><strong>dici</strong></span> <span class='ocrx_word' id='word_1_126' title='bbox 470 1439 625 1495; x_wconf 88' lang='lat' dir='ltr'><strong>potest</strong></span> <span class='ocrx_word' id='word_1_127' title='bbox 640 1465 653 1489; x_wconf 74' lang='grc'><em>,</em></span> <span class='ocrx_word' id='word_1_128' title='bbox 673 1447 776 1477; x_wconf 88' lang='lat' dir='ltr'><strong>eam</strong></span> <span class='ocrx_word' id='word_1_129' title='bbox 797 1431 1079 1477; x_wconf 82' lang='lat' dir='ltr'><strong>constituere</strong></span> <span class='ocrx_word' id='word_1_130' title='bbox 1099 1440 1283 1494; x_wconf 88' lang='lat' dir='ltr'><strong>partem</strong></span> <span class='ocrx_word' id='word_1_131' title='bbox 1302 1430 1511 1477; x_wconf 83' lang='lat' dir='ltr'><strong>Ecclesiae</strong></span> <span class='ocrx_word' id='word_1_132' title='bbox 1536 1430 1770 1500; x_wconf 78' lang='lat' dir='ltr'><strong>catholicae</strong></span> <span class='ocrx_word' id='word_1_133' title='bbox 1787 1468 1800 1490; x_wconf 91' lang='lat'><strong>.,</strong></span> 
     </span>
     <span class='ocr_line' id='line_1_17' title="bbox 105 1506 1801 1570; baseline 0.001 -18"><span class='ocrx_word' id='word_1_134' title='bbox 105 1506 361 1568; x_wconf 89' lang='lat' dir='ltr'><strong>cujusmodi</strong></span> <span class='ocrx_word' id='word_1_135' title='bbox 384 1515 539 1570; x_wconf 87' lang='lat' dir='ltr'><strong>partes</strong></span> <span class='ocrx_word' id='word_1_136' title='bbox 564 1514 674 1570; x_wconf 85' lang='lat' dir='ltr'><strong>sunt</strong></span> <span class='ocrx_word' id='word_1_137' title='bbox 703 1506 897 1552; x_wconf 89' lang='lat' dir='ltr'><strong>Ecclesia</strong></span> <span class='ocrx_word' id='word_1_138' title='bbox 918 1522 1059 1569; x_wconf 81' lang='lat' dir='ltr'><strong>graeca</strong></span> <span class='ocrx_word' id='word_1_139' title='bbox 1078 1542 1090 1566; x_wconf 74' lang='lat'><strong>‚</strong></span> <span class='ocrx_word' id='word_1_140' title='bbox 1115 1506 1263 1552; x_wconf 85' lang='lat' dir='ltr'><strong>multo</strong></span> <span class='ocrx_word' id='word_1_141' title='bbox 1293 1523 1405 1555; x_wconf 81' lang='lat' dir='ltr'><strong>vero</strong></span> <span class='ocrx_word' id='word_1_142' title='bbox 1433 1507 1578 1570; x_wconf 80' lang='lat' dir='ltr'><strong>magis</strong></span> <span class='ocrx_word' id='word_1_143' title='bbox 1602 1507 1772 1554; x_wconf 87' lang='lat' dir='ltr'><strong>russica</strong></span> <span class='ocrx_word' id='word_1_144' title='bbox 1789 1543 1801 1566; x_wconf 86' lang='lat'>‚</span> 
     </span>
     <span class='ocr_line' id='line_1_18' title="bbox 107 1580 1802 1646; baseline 0.001 -18"><span class='ocrx_word' id='word_1_145' title='bbox 107 1581 410 1646; x_wconf 77' lang='lat' dir='ltr'><strong>Ecclesiaeque</strong></span> <span class='ocrx_word' id='word_1_146' title='bbox 437 1580 738 1639; x_wconf 75' lang='lat' dir='ltr'><strong>britannicae,</strong></span> <span class='ocrx_word' id='word_1_147' title='bbox 767 1598 872 1628; x_wconf 89' lang='lat' dir='ltr'><strong>cum</strong></span> <span class='ocrx_word' id='word_1_148' title='bbox 899 1582 1067 1646; x_wconf 86' lang='lat' dir='ltr'><strong>quibus</strong></span> <span class='ocrx_word' id='word_1_149' title='bbox 1098 1586 1342 1644; x_wconf 86' lang='lat' dir='ltr'><strong>conjuncta</strong></span> <span class='ocrx_word' id='word_1_150' title='bbox 1375 1582 1573 1630; x_wconf 84' lang='lat' dir='ltr'><strong>Ecclesia</strong></span> <span class='ocrx_word' id='word_1_151' title='bbox 1607 1600 1802 1630; x_wconf 85' lang='lat' dir='ltr'><strong>romana</strong></span> 
     </span>
     <span class='ocr_line' id='line_1_19' title="bbox 106 1657 1800 1722; baseline 0.001 -17"><span class='ocrx_word' id='word_1_152' title='bbox 106 1674 267 1706; x_wconf 87' lang='lat' dir='ltr'><strong>veram</strong></span> <span class='ocrx_word' id='word_1_153' title='bbox 292 1657 459 1704; x_wconf 86' lang='lat' dir='ltr'><strong>efficiet</strong></span> <span class='ocrx_word' id='word_1_154' title='bbox 488 1657 736 1718; x_wconf 86' lang='lat' dir='ltr'><strong>Ecclesiam</strong></span> <span class='ocrx_word' id='word_1_155' title='bbox 764 1657 1056 1705; x_wconf 85' lang='lat' dir='ltr'><strong>catholicam.</strong></span> <span class='ocrx_word' id='word_1_156' title='bbox 1086 1660 1140 1704; x_wconf 79' lang='lat'><strong>40</strong></span> <span class='ocrx_word' id='word_1_157' title='bbox 1169 1659 1361 1722; x_wconf 66' lang='lat' dir='ltr'><strong>Reipsa,</strong></span> <span class='ocrx_word' id='word_1_158' title='bbox 1396 1657 1557 1705; x_wconf 84' lang='lat' dir='ltr'><strong>subdit</strong></span> <span class='ocrx_word' id='word_1_159' title='bbox 1585 1658 1767 1707; x_wconf 89' lang='lat' dir='ltr'><strong>Palmer</strong></span> <span class='ocrx_word' id='word_1_160' title='bbox 1787 1697 1800 1718; x_wconf 61' lang='lat' dir='ltr'>a</span> 
     </span>
     <span class='ocr_line' id='line_1_20' title="bbox 106 1731 1801 1797; baseline 0.002 -19"><span class='ocrx_word' id='word_1_161' title='bbox 106 1732 193 1779; x_wconf 91' lang='lat' dir='ltr'><strong>hoc</strong></span> <span class='ocrx_word' id='word_1_162' title='bbox 235 1732 598 1780; x_wconf 87' lang='lat' dir='ltr'><strong>universalitatis</strong></span> <span class='ocrx_word' id='word_1_163' title='bbox 636 1731 917 1779; x_wconf 88' lang='lat' dir='ltr'><strong>attributum</strong></span> <span class='ocrx_word' id='word_1_164' title='bbox 952 1732 1160 1780; x_wconf 78' lang='lat' dir='ltr'><strong>Ecclesiae</strong></span> <span class='ocrx_word' id='word_1_165' title='bbox 1189 1751 1485 1797; x_wconf 75' lang='lat' dir='ltr'><strong>permanens</strong></span> <span class='ocrx_word' id='word_1_166' title='bbox 1518 1734 1801 1782; x_wconf 83' lang='lat' dir='ltr'><strong>attributum</strong></span> 
     </span>
     <span class='ocr_line' id='line_1_21' title="bbox 106 1808 1802 1873; baseline 0.001 -18"><span class='ocrx_word' id='word_1_167' title='bbox 106 1817 176 1855; x_wconf 88' lang='lat' dir='ltr'><strong>est</strong></span> <span class='ocrx_word' id='word_1_168' title='bbox 191 1843 203 1867; x_wconf 71' lang='grc'><em>,</em></span> <span class='ocrx_word' id='word_1_169' title='bbox 234 1825 335 1873; x_wconf 83' lang='lat' dir='ltr'><strong>quae</strong></span> <span class='ocrx_word' id='word_1_170' title='bbox 354 1809 516 1873; x_wconf 89' lang='lat' dir='ltr'><strong>quovis</strong></span> <span class='ocrx_word' id='word_1_171' title='bbox 541 1818 754 1873; x_wconf 89' lang='lat' dir='ltr'><strong>tempore</strong></span> <span class='ocrx_word' id='word_1_172' title='bbox 780 1808 922 1856; x_wconf 87' lang='lat' dir='ltr'><strong>debet</strong></span> <span class='ocrx_word' id='word_1_173' title='bbox 940 1826 1038 1856; x_wconf 89' lang='lat' dir='ltr'><strong>esse</strong></span> <span class='ocrx_word' id='word_1_174' title='bbox 1057 1812 1360 1857; x_wconf 71' lang='lat' dir='ltr'><strong>universalis.</strong></span> <span class='ocrx_word' id='word_1_175' title='bbox 1386 1812 1530 1857; x_wconf 88' lang='lat' dir='ltr'><strong>Porro</strong></span> <span class='ocrx_word' id='word_1_176' title='bbox 1547 1810 1700 1857; x_wconf 89' lang='lat' dir='ltr'><strong>seculo</strong></span> <span class='ocrx_word' id='word_1_177' title='bbox 1721 1813 1802 1858; x_wconf 89' lang='lat' dir='ltr'><strong>XV</strong></span> 
     </span>
     <span class='ocr_line' id='line_1_22' title="bbox 105 1882 1802 1951; baseline 0.002 -21"><span class='ocrx_word' id='word_1_178' title='bbox 105 1882 370 1931; x_wconf 89' lang='lat' dir='ltr'><strong>obedientia</strong></span> <span class='ocrx_word' id='word_1_179' title='bbox 387 1900 579 1931; x_wconf 86' lang='lat' dir='ltr'><strong>romana</strong></span> <span class='ocrx_word' id='word_1_180' title='bbox 598 1884 744 1931; x_wconf 88' lang='lat' dir='ltr'><strong>ferme</strong></span> <span class='ocrx_word' id='word_1_181' title='bbox 761 1885 884 1933; x_wconf 84' lang='lat' dir='ltr'><strong>intra</strong></span> <span class='ocrx_word' id='word_1_182' title='bbox 904 1885 1049 1932; x_wconf 88' lang='lat' dir='ltr'><strong>solam</strong></span> <span class='ocrx_word' id='word_1_183' title='bbox 1070 1887 1301 1951; x_wconf 86' lang='lat' dir='ltr'><strong>Europam</strong></span> <span class='ocrx_word' id='word_1_184' title='bbox 1324 1884 1670 1945; x_wconf 77' lang='lat' dir='ltr'><strong>coarctabatur3</strong></span> <span class='ocrx_word' id='word_1_185' title='bbox 1693 1903 1802 1933; x_wconf 91' lang='lat' dir='ltr'><strong>cum</strong></span> 
     </span>
     <span class='ocr_line' id='line_1_23' title="bbox 107 1961 1799 2027; baseline 0.001 -20"><span class='ocrx_word' id='word_1_186' title='bbox 107 1976 158 2007; x_wconf 89' lang='lat' dir='ltr'><strong>ea</strong></span> <span class='ocrx_word' id='word_1_187' title='bbox 184 1969 316 2007; x_wconf 77' lang='lat' dir='ltr'><strong>aetate</strong></span> <span class='ocrx_word' id='word_1_188' title='bbox 342 1961 555 2009; x_wconf 89' lang='lat' dir='ltr'><strong>nondum</strong></span> <span class='ocrx_word' id='word_1_189' title='bbox 573 1962 779 2009; x_wconf 76' lang='lat' dir='ltr'><strong>fundatae</strong></span> <span class='ocrx_word' id='word_1_190' title='bbox 800 1971 957 2010; x_wconf 87' lang='lat' dir='ltr'><strong>essent</strong></span> <span class='ocrx_word' id='word_1_191' title='bbox 975 1961 1183 2010; x_wconf 66' lang='lat' dir='ltr'><strong>Ecclesiae</strong></span> <span class='ocrx_word' id='word_1_192' title='bbox 1204 1964 1254 2008; x_wconf 89' lang='lat' dir='ltr'><strong>in</strong></span> <span class='ocrx_word' id='word_1_193' title='bbox 1273 1962 1419 2009; x_wconf 88' lang='lat' dir='ltr'><strong>altero</strong></span> <span class='ocrx_word' id='word_1_194' title='bbox 1441 1961 1799 2027; x_wconf 78' lang='lat' dir='ltr'><strong>hemisphaeri03</strong></span> 
     </span>
     <span class='ocr_line' id='line_1_24' title="bbox 107 2035 1801 2103; baseline 0.002 -20"><span class='ocrx_word' id='word_1_195' title='bbox 107 2035 305 2084; x_wconf 90' lang='lat' dir='ltr'><strong>Ecclesia</strong></span> <span class='ocrx_word' id='word_1_196' title='bbox 328 2037 563 2085; x_wconf 88' lang='lat' dir='ltr'><strong>orientalis</strong></span> <span class='ocrx_word' id='word_1_197' title='bbox 583 2037 907 2103; x_wconf 89' lang='lat' dir='ltr'><strong>independens</strong></span> <span class='ocrx_word' id='word_1_198' title='bbox 932 2048 1047 2085; x_wconf 87' lang='lat' dir='ltr'><strong>erat.</strong></span> <span class='ocrx_word' id='word_1_199' title='bbox 1075 2038 1210 2097; x_wconf 88' lang='lat' dir='ltr'><strong>Quod</strong></span> <span class='ocrx_word' id='word_1_200' title='bbox 1231 2038 1270 2085; x_wconf 91' lang='lat' dir='ltr'><strong>si</strong></span> <span class='ocrx_word' id='word_1_201' title='bbox 1294 2037 1553 2086; x_wconf 88' lang='lat' dir='ltr'><strong>identidem</strong></span> <span class='ocrx_word' id='word_1_202' title='bbox 1575 2056 1666 2103; x_wconf 80' lang='lat' dir='ltr'><strong>pax</strong></span> <span class='ocrx_word' id='word_1_203' title='bbox 1693 2056 1801 2086; x_wconf 89' lang='lat' dir='ltr'><strong>cum</strong></span> 
     </span>
     <span class='ocr_line' id='line_1_25' title="bbox 108 2113 1800 2178; baseline 0.003 -21"><span class='ocrx_word' id='word_1_204' title='bbox 108 2113 273 2160; x_wconf 83' lang='lat' dir='ltr'><strong>Graecis</strong></span> <span class='ocrx_word' id='word_1_205' title='bbox 298 2121 345 2160; x_wconf 88' lang='lat' dir='ltr'><strong>et</strong></span> <span class='ocrx_word' id='word_1_206' title='bbox 365 2113 659 2178; x_wconf 78' lang='lat' dir='ltr'><strong>Eutychianis</strong></span> <span class='ocrx_word' id='word_1_207' title='bbox 677 2115 989 2178; x_wconf 79' lang='lat' dir='ltr'><strong>redintegrata</strong></span> <span class='ocrx_word' id='word_1_208' title='bbox 1009 2123 1079 2161; x_wconf 89' lang='lat' dir='ltr'><strong>est</strong></span> <span class='ocrx_word' id='word_1_209' title='bbox 1093 2150 1107 2174; x_wconf 81' lang='lat'><strong>.,</strong></span> <span class='ocrx_word' id='word_1_210' title='bbox 1127 2113 1227 2161; x_wconf 86' lang='lat' dir='ltr'><strong>haec</strong></span> <span class='ocrx_word' id='word_1_211' title='bbox 1251 2133 1348 2162; x_wconf 88' lang='lat' dir='ltr'><strong>non</strong></span> <span class='ocrx_word' id='word_1_212' title='bbox 1372 2115 1457 2161; x_wconf 83' lang='lat' dir='ltr'><strong>fuit</strong></span> <span class='ocrx_word' id='word_1_213' title='bbox 1473 2115 1563 2160; x_wconf 89' lang='lat' dir='ltr'><strong>nisi</strong></span> <span class='ocrx_word' id='word_1_214' title='bbox 1582 2132 1800 2162; x_wconf 87' lang='lat' dir='ltr'><strong>momen-</strong></span> 
     </span>
     <span class='ocr_line' id='line_1_26' title="bbox 107 2190 1800 2257; baseline 0.003 -24"><span class='ocrx_word' id='word_1_215' title='bbox 107 2195 242 2236; x_wconf 88' lang='lat' dir='ltr'><strong>tanea</strong></span> <span class='ocrx_word' id='word_1_216' title='bbox 260 2227 272 2247; x_wconf 32' lang='grc' dir='ltr'>ἢ</span> <span class='ocrx_word' id='word_1_217' title='bbox 306 2208 564 2257; x_wconf 72' lang='lat' dir='ltr'><strong>apparenS,</strong></span> <span class='ocrx_word' id='word_1_218' title='bbox 601 2208 847 2255; x_wconf 89' lang='lat' dir='ltr'><strong>nunquam</strong></span> <span class='ocrx_word' id='word_1_219' title='bbox 872 2209 984 2239; x_wconf 88' lang='lat' dir='ltr'><strong>vero</strong></span> <span class='ocrx_word' id='word_1_220' title='bbox 1010 2192 1249 2255; x_wconf 78' lang='lat' dir='ltr'><strong>generalis.</strong></span> <span class='ocrx_word' id='word_1_221' title='bbox 1288 2193 1341 2237; x_wconf 89' lang='lat'><strong>50</strong></span> <span class='ocrx_word' id='word_1_222' title='bbox 1368 2192 1577 2240; x_wconf 78' lang='lat' dir='ltr'><strong>Ecclesiae</strong></span> <span class='ocrx_word' id='word_1_223' title='bbox 1601 2190 1800 2256; x_wconf 87' lang='lat' dir='ltr'><strong>proinde</strong></span> 
     </span>
    </p>
   </div>
   <div class='ocr_carea' id='block_1_6' title="bbox 105 2386 921 3030">
    <p class='ocr_par' dir='ltr' id='par_1_6' title="bbox 105 2386 921 3030">
     <span class='ocr_line' id='line_1_27' title="bbox 163 2386 921 2443; baseline 0.007 -19"><span class='ocrx_word' id='word_1_224' title='bbox 163 2386 218 2438; x_wconf 89' lang='lat' dir='ltr'><strong>(l)</strong></span> <span class='ocrx_word' id='word_1_225' title='bbox 248 2387 343 2426; x_wconf 89' lang='lat' dir='ltr'><strong>Ibid.</strong></span> <span class='ocrx_word' id='word_1_226' title='bbox 367 2403 473 2441; x_wconf 85' lang='lat' dir='ltr'><strong>prop.</strong></span> <span class='ocrx_word' id='word_1_227' title='bbox 489 2403 540 2440; x_wconf 88' lang='lat'><strong>11,</strong></span> <span class='ocrx_word' id='word_1_228' title='bbox 567 2406 605 2443; x_wconf 87' lang='lat' dir='ltr'><strong>p.</strong></span> <span class='ocrx_word' id='word_1_229' title='bbox 623 2390 717 2431; x_wconf 83' lang='lat'><strong>285.</strong></span> <span class='ocrx_word' id='word_1_230' title='bbox 743 2390 921 2430; x_wconf 86' lang='lat' dir='ltr'><strong>Consulto</strong></span> 
     </span>
     <span class='ocr_line' id='line_1_28' title="bbox 109 2453 919 2508; baseline 0.006 -18"><span class='ocrx_word' id='word_1_231' title='bbox 109 2454 232 2499; x_wconf 89' lang='lat' dir='ltr'><strong>omisi,</strong></span> <span class='ocrx_word' id='word_1_232' title='bbox 250 2466 328 2504; x_wconf 83' lang='lat' dir='ltr'><strong>quae</strong></span> <span class='ocrx_word' id='word_1_233' title='bbox 343 2453 486 2494; x_wconf 85' lang='lat' dir='ltr'><strong>Palmer</strong></span> <span class='ocrx_word' id='word_1_234' title='bbox 503 2457 631 2508; x_wconf 88' lang='lat' dir='ltr'><strong>objicit</strong></span> <span class='ocrx_word' id='word_1_235' title='bbox 651 2471 693 2494; x_wconf 88' lang='lat' dir='ltr'><strong>ex</strong></span> <span class='ocrx_word' id='word_1_236' title='bbox 720 2456 919 2495; x_wconf 88' lang='lat' dir='ltr'><strong>Benedicto</strong></span> 
     </span>
     <span class='ocr_line' id='line_1_29' title="bbox 107 2517 917 2573; baseline 0.006 -18"><span class='ocrx_word' id='word_1_237' title='bbox 107 2517 225 2555; x_wconf 89' lang='lat' dir='ltr'><strong>Labre</strong></span> <span class='ocrx_word' id='word_1_238' title='bbox 240 2549 253 2566; x_wconf 92' lang='lat'><em>,</em></span> <span class='ocrx_word' id='word_1_239' title='bbox 269 2518 414 2556; x_wconf 83' lang='lat' dir='ltr'><strong>addicto</strong></span> <span class='ocrx_word' id='word_1_240' title='bbox 425 2521 531 2571; x_wconf 85' lang='lat' dir='ltr'><strong>juxta</strong></span> <span class='ocrx_word' id='word_1_241' title='bbox 544 2523 666 2572; x_wconf 89' lang='lat' dir='ltr'><strong>ipsum</strong></span> <span class='ocrx_word' id='word_1_242' title='bbox 678 2523 917 2573; x_wconf 85' lang='lat' dir='ltr'><strong>jansenismo,</strong></span> 
     </span>
     <span class='ocr_line' id='line_1_30' title="bbox 108 2585 917 2637; baseline 0.004 -16"><span class='ocrx_word' id='word_1_243' title='bbox 108 2585 197 2634; x_wconf 84' lang='lat' dir='ltr'><strong>quia</strong></span> <span class='ocrx_word' id='word_1_244' title='bbox 218 2597 411 2634; x_wconf 87' lang='lat' dir='ltr'><strong>nunquam</strong></span> <span class='ocrx_word' id='word_1_245' title='bbox 435 2586 475 2621; x_wconf 88' lang='lat' dir='ltr'><strong>in</strong></span> <span class='ocrx_word' id='word_1_246' title='bbox 506 2587 657 2635; x_wconf 85' lang='lat' dir='ltr'><strong>paroecia</strong></span> <span class='ocrx_word' id='word_1_247' title='bbox 682 2585 817 2637; x_wconf 86' lang='lat' dir='ltr'><strong>pascha</strong></span> <span class='ocrx_word' id='word_1_248' title='bbox 838 2601 917 2624; x_wconf 83' lang='lat' dir='ltr'><strong>sus-</strong></span> 
     </span>
     <span class='ocr_line' id='line_1_31' title="bbox 108 2649 915 2702; baseline 0.005 -16"><span class='ocrx_word' id='word_1_249' title='bbox 108 2649 227 2700; x_wconf 87' lang='lat' dir='ltr'><strong>cepit,</strong></span> <span class='ocrx_word' id='word_1_250' title='bbox 252 2649 397 2701; x_wconf 80' lang='lat' dir='ltr'><strong>aliaque</strong></span> <span class='ocrx_word' id='word_1_251' title='bbox 423 2651 604 2702; x_wconf 87' lang='lat' dir='ltr'><strong>ejusmodi</strong></span> <span class='ocrx_word' id='word_1_252' title='bbox 624 2666 635 2696; x_wconf 82' lang='lat'>3</span> <span class='ocrx_word' id='word_1_253' title='bbox 660 2659 821 2690; x_wconf 83' lang='lat' dir='ltr'><strong>attamen</strong></span> <span class='ocrx_word' id='word_1_254' title='bbox 843 2654 915 2690; x_wconf 89' lang='lat' dir='ltr'><strong>mi-</strong></span> 
     </span>
     <span class='ocr_line' id='line_1_32' title="bbox 105 2714 917 2769; baseline 0.006 -18"><span class='ocrx_word' id='word_1_255' title='bbox 105 2714 238 2752; x_wconf 83' lang='lat' dir='ltr'><strong>raculis</strong></span> <span class='ocrx_word' id='word_1_256' title='bbox 271 2715 431 2762; x_wconf 85' lang='lat' dir='ltr'><strong>claruit,</strong></span> <span class='ocrx_word' id='word_1_257' title='bbox 468 2718 517 2754; x_wconf 85' lang='lat' dir='ltr'><strong>ita</strong></span> <span class='ocrx_word' id='word_1_258' title='bbox 553 2724 597 2755; x_wconf 86' lang='lat' dir='ltr'><strong>ut</strong></span> <span class='ocrx_word' id='word_1_259' title='bbox 628 2717 686 2755; x_wconf 83' lang='lat' dir='ltr'><strong>his</strong></span> <span class='ocrx_word' id='word_1_260' title='bbox 727 2726 917 2769; x_wconf 86' lang='lat' dir='ltr'><strong>permotus</strong></span> 
     </span>
     <span class='ocr_line' id='line_1_33' title="bbox 108 2778 916 2831; baseline 0.007 -15"><span class='ocrx_word' id='word_1_261' title='bbox 108 2778 250 2831; x_wconf 82' lang='lat' dir='ltr'><strong>Thayer</strong></span> <span class='ocrx_word' id='word_1_262' title='bbox 270 2782 317 2819; x_wconf 85' lang='lat' dir='ltr'><strong>ad</strong></span> <span class='ocrx_word' id='word_1_263' title='bbox 343 2781 543 2820; x_wconf 87' lang='lat' dir='ltr'><strong>Ecclesiam</strong></span> <span class='ocrx_word' id='word_1_264' title='bbox 564 2782 782 2821; x_wconf 80' lang='lat' dir='ltr'><strong>catholicam</strong></span> <span class='ocrx_word' id='word_1_265' title='bbox 806 2783 916 2822; x_wconf 85' lang='lat' dir='ltr'><strong>fuerit</strong></span> 
     </span>
     <span class='ocr_line' id='line_1_34' title="bbox 108 2846 914 2887; baseline 0.007 -6"><span class='ocrx_word' id='word_1_266' title='bbox 108 2857 319 2884; x_wconf 84' lang='lat' dir='ltr'><strong>conversus.</strong></span> <span class='ocrx_word' id='word_1_267' title='bbox 337 2846 425 2885; x_wconf 82' lang='lat' dir='ltr'><strong>Haec</strong></span> <span class='ocrx_word' id='word_1_268' title='bbox 443 2848 542 2885; x_wconf 87' lang='lat' dir='ltr'><strong>enim</strong></span> <span class='ocrx_word' id='word_1_269' title='bbox 558 2850 683 2886; x_wconf 87' lang='lat' dir='ltr'><strong>omnia</strong></span> <span class='ocrx_word' id='word_1_270' title='bbox 697 2847 825 2887; x_wconf 83' lang='lat' dir='ltr'><strong>Romae</strong></span> <span class='ocrx_word' id='word_1_271' title='bbox 838 2863 914 2887; x_wconf 87' lang='lat' dir='ltr'><strong>non</strong></span> 
     </span>
     <span class='ocr_line' id='line_1_35' title="bbox 108 2911 917 2960; baseline 0.007 -14"><span class='ocrx_word' id='word_1_272' title='bbox 108 2911 336 2960; x_wconf 80' lang='lat' dir='ltr'><strong>ignorantur.</strong></span> <span class='ocrx_word' id='word_1_273' title='bbox 356 2911 474 2950; x_wconf 86' lang='lat' dir='ltr'><strong>Causa</strong></span> <span class='ocrx_word' id='word_1_274' title='bbox 500 2912 690 2951; x_wconf 82' lang='lat' dir='ltr'><strong>Benedicti</strong></span> <span class='ocrx_word' id='word_1_275' title='bbox 714 2912 832 2951; x_wconf 86' lang='lat' dir='ltr'><strong>Labre</strong></span> <span class='ocrx_word' id='word_1_276' title='bbox 853 2915 917 2953; x_wconf 86' lang='lat' dir='ltr'><strong>ad-</strong></span> 
     </span>
     <span class='ocr_line' id='line_1_36' title="bbox 110 2974 917 3030; baseline 0.009 -19"><span class='ocrx_word' id='word_1_277' title='bbox 110 2974 183 3012; x_wconf 88' lang='lat' dir='ltr'><strong>huc</strong></span> <span class='ocrx_word' id='word_1_278' title='bbox 206 2978 360 3027; x_wconf 79' lang='lat' dir='ltr'><strong>agitatur</strong></span> <span class='ocrx_word' id='word_1_279' title='bbox 379 2978 419 3015; x_wconf 87' lang='lat' dir='ltr'><strong>in</strong></span> <span class='ocrx_word' id='word_1_280' title='bbox 446 2991 521 3017; x_wconf 87' lang='lat' dir='ltr'><strong>sac.</strong></span> <span class='ocrx_word' id='word_1_281' title='bbox 548 2981 825 3030; x_wconf 77' lang='lat' dir='ltr'><strong>congregatione</strong></span> <span class='ocrx_word' id='word_1_282' title='bbox 853 2979 917 3018; x_wconf 85' lang='lat' dir='ltr'><strong>Ri-</strong></span> 
     </span>
    </p>
   </div>
   <div class='ocr_carea' id='block_1_7' title="bbox 174 3038 384 3088">
    <p class='ocr_par' dir='ltr' id='par_1_7' title="bbox 174 3038 384 3088">
     <span class='ocr_line' id='line_1_37' title="bbox 174 3038 384 3088; baseline 0.014 -4"><span class='ocrx_word' id='word_1_283' title='bbox 174 3038 227 3088; x_wconf 89' lang='lat' dir='ltr'><strong>T.</strong></span> <span class='ocrx_word' id='word_1_284' title='bbox 270 3040 384 3088; x_wconf 87' lang='lat' dir='ltr'><strong>vnl.</strong></span> 
     </span>
    </p>
   </div>
   <div class='ocr_carea' id='block_1_8' title="bbox 983 2391 1799 2640">
    <p class='ocr_par' dir='ltr' id='par_1_8' title="bbox 983 2391 1799 2640">
     <span class='ocr_line' id='line_1_38' title="bbox 987 2391 1797 2442; baseline 0.001 -14"><span class='ocrx_word' id='word_1_285' title='bbox 987 2398 1117 2442; x_wconf 80' lang='lat' dir='ltr'><strong>tuum3</strong></span> <span class='ocrx_word' id='word_1_286' title='bbox 1142 2392 1215 2429; x_wconf 87' lang='lat' dir='ltr'><strong>nisi</strong></span> <span class='ocrx_word' id='word_1_287' title='bbox 1238 2391 1394 2442; x_wconf 87' lang='lat' dir='ltr'><strong>proinde</strong></span> <span class='ocrx_word' id='word_1_288' title='bbox 1415 2393 1542 2430; x_wconf 83' lang='lat' dir='ltr'><strong>omnia</strong></span> <span class='ocrx_word' id='word_1_289' title='bbox 1562 2392 1701 2431; x_wconf 87' lang='lat' dir='ltr'><strong>fuerint</strong></span> <span class='ocrx_word' id='word_1_290' title='bbox 1723 2393 1797 2430; x_wconf 80' lang='lat' dir='ltr'><strong>dis-</strong></span> 
     </span>
     <span class='ocr_line' id='line_1_39' title="bbox 986 2450 1799 2510; baseline 0.004 -17"><span class='ocrx_word' id='word_1_291' title='bbox 986 2457 1088 2495; x_wconf 79' lang='lat' dir='ltr'><strong>cussa</strong></span> <span class='ocrx_word' id='word_1_292' title='bbox 1117 2465 1153 2496; x_wconf 90' lang='lat' dir='ltr'><strong>et</strong></span> <span class='ocrx_word' id='word_1_293' title='bbox 1180 2459 1290 2509; x_wconf 90' lang='lat' dir='ltr'><strong>plane</strong></span> <span class='ocrx_word' id='word_1_294' title='bbox 1330 2458 1481 2509; x_wconf 88' lang='lat' dir='ltr'><strong>disjecta</strong></span> <span class='ocrx_word' id='word_1_295' title='bbox 1500 2488 1510 2505; x_wconf 91' lang='lat'>‚</span> <span class='ocrx_word' id='word_1_296' title='bbox 1553 2472 1634 2510; x_wconf 82' lang='lat' dir='ltr'><strong>quae</strong></span> <span class='ocrx_word' id='word_1_297' title='bbox 1670 2450 1799 2496; x_wconf 74' lang='lat' dir='ltr'><strong>contra</strong></span> 
     </span>
     <span class='ocr_line' id='line_1_40' title="bbox 985 2523 1798 2572; baseline 0.002 -13"><span class='ocrx_word' id='word_1_298' title='bbox 985 2524 1103 2572; x_wconf 85' lang='lat' dir='ltr'><strong>ipsam</strong></span> <span class='ocrx_word' id='word_1_299' title='bbox 1140 2524 1259 2562; x_wconf 89' lang='lat' dir='ltr'><strong>facere</strong></span> <span class='ocrx_word' id='word_1_300' title='bbox 1286 2523 1481 2570; x_wconf 85' lang='lat' dir='ltr'><strong>videntur,</strong></span> <span class='ocrx_word' id='word_1_301' title='bbox 1515 2532 1612 2562; x_wconf 90' lang='lat' dir='ltr'><strong>certe</strong></span> <span class='ocrx_word' id='word_1_302' title='bbox 1643 2524 1798 2563; x_wconf 71' lang='lat' dir='ltr'><strong>ulterius</strong></span> 
     </span>
     <span class='ocr_line' id='line_1_41' title="bbox 983 2589 1798 2640; baseline 0.005 -16"><span class='ocrx_word' id='word_1_303' title='bbox 983 2599 1039 2625; x_wconf 91' lang='lat' dir='ltr'><strong>res</strong></span> <span class='ocrx_word' id='word_1_304' title='bbox 1061 2601 1138 2626; x_wconf 88' lang='lat' dir='ltr'><strong>non</strong></span> <span class='ocrx_word' id='word_1_305' title='bbox 1161 2589 1347 2640; x_wconf 83' lang='lat' dir='ltr'><strong>procedet.</strong></span> <span class='ocrx_word' id='word_1_306' title='bbox 1385 2589 1523 2627; x_wconf 80' lang='lat' dir='ltr'><strong>Inutile</strong></span> <span class='ocrx_word' id='word_1_307' title='bbox 1557 2590 1714 2640; x_wconf 86' lang='lat' dir='ltr'><strong>proinde</strong></span> <span class='ocrx_word' id='word_1_308' title='bbox 1745 2599 1798 2628; x_wconf 83' lang='lat' dir='ltr'><strong>est</strong></span> 
     </span>
    </p>
   </div>
   <div class='ocr_carea' id='block_1_9' title="bbox 958 2652 1797 2706">
    <p class='ocr_par' dir='ltr' id='par_1_9' title="bbox 958 2652 1797 2706">
     <span class='ocr_line' id='line_1_42' title="bbox 958 2652 1797 2706; baseline 0.006 -18"><span class='ocrx_word' id='word_1_309' title='bbox 958 2672 960 2676; x_wconf 91' lang='lat'>·</span> <span class='ocrx_word' id='word_1_310' title='bbox 984 2652 1031 2689; x_wconf 87' lang='lat' dir='ltr'><strong>de</strong></span> <span class='ocrx_word' id='word_1_311' title='bbox 1052 2652 1108 2690; x_wconf 85' lang='lat' dir='ltr'><strong>his</strong></span> <span class='ocrx_word' id='word_1_312' title='bbox 1128 2655 1169 2692; x_wconf 87' lang='lat' dir='ltr'><strong>in</strong></span> <span class='ocrx_word' id='word_1_313' title='bbox 1188 2655 1378 2706; x_wconf 77' lang='lat' dir='ltr'><strong>praesentia</strong></span> <span class='ocrx_word' id='word_1_314' title='bbox 1403 2655 1506 2692; x_wconf 86' lang='lat' dir='ltr'><strong>litem</strong></span> <span class='ocrx_word' id='word_1_315' title='bbox 1532 2668 1661 2693; x_wconf 87' lang='lat' dir='ltr'><strong>serere.</strong></span> <span class='ocrx_word' id='word_1_316' title='bbox 1687 2654 1797 2706; x_wconf 82' lang='lat' dir='ltr'><strong>Quod</strong></span> 
     </span>
    </p>
   </div>
   <div class='ocr_carea' id='block_1_10' title="bbox 981 2718 1797 3033">
    <p class='ocr_par' dir='ltr' id='par_1_10' title="bbox 981 2718 1797 3033">
     <span class='ocr_line' id='line_1_43' title="bbox 983 2718 1797 2774; baseline 0.005 -20"><span class='ocrx_word' id='word_1_317' title='bbox 983 2718 1114 2756; x_wconf 80' lang='lat' dir='ltr'><strong>attinet</strong></span> <span class='ocrx_word' id='word_1_318' title='bbox 1136 2719 1183 2758; x_wconf 80' lang='lat' dir='ltr'><strong>ad</strong></span> <span class='ocrx_word' id='word_1_319' title='bbox 1210 2721 1486 2759; x_wconf 83' lang='lat' dir='ltr'><strong>conversionem</strong></span> <span class='ocrx_word' id='word_1_320' title='bbox 1516 2719 1680 2772; x_wconf 77' lang='lat' dir='ltr'><strong>Thayer,</strong></span> <span class='ocrx_word' id='word_1_321' title='bbox 1712 2733 1797 2774; x_wconf 82' lang='lat' dir='ltr'><strong>quae</strong></span> 
     </span>
     <span class='ocr_line' id='line_1_44' title="bbox 981 2782 1796 2836; baseline 0.006 -17"><span class='ocrx_word' id='word_1_322' title='bbox 981 2782 1107 2821; x_wconf 81' lang='lat' dir='ltr'><strong>Romae</strong></span> <span class='ocrx_word' id='word_1_323' title='bbox 1145 2787 1328 2836; x_wconf 83' lang='lat' dir='ltr'><strong>contigit,</strong></span> <span class='ocrx_word' id='word_1_324' title='bbox 1367 2787 1601 2824; x_wconf 86' lang='lat' dir='ltr'><strong>verissimum</strong></span> <span class='ocrx_word' id='word_1_325' title='bbox 1640 2795 1694 2824; x_wconf 85' lang='lat' dir='ltr'><strong>est</strong></span> <span class='ocrx_word' id='word_1_326' title='bbox 1717 2815 1729 2834; x_wconf 93' lang='lat'>‚</span> <span class='ocrx_word' id='word_1_327' title='bbox 1760 2795 1796 2824; x_wconf 90' lang='lat' dir='ltr'><strong>et</strong></span> 
     </span>
     <span class='ocr_line' id='line_1_45' title="bbox 981 2848 1796 2902; baseline 0.004 -17"><span class='ocrx_word' id='word_1_328' title='bbox 981 2850 1110 2887; x_wconf 89' lang='lat' dir='ltr'><strong>merito</strong></span> <span class='ocrx_word' id='word_1_329' title='bbox 1123 2848 1169 2887; x_wconf 91' lang='lat' dir='ltr'><strong>de</strong></span> <span class='ocrx_word' id='word_1_330' title='bbox 1183 2864 1224 2889; x_wconf 85' lang='lat' dir='ltr'><strong>ea</strong></span> <span class='ocrx_word' id='word_1_331' title='bbox 1248 2850 1451 2902; x_wconf 86' lang='lat' dir='ltr'><strong>gloriantur</strong></span> <span class='ocrx_word' id='word_1_332' title='bbox 1474 2850 1654 2891; x_wconf 86' lang='lat' dir='ltr'><strong>Catholici</strong></span> <span class='ocrx_word' id='word_1_333' title='bbox 1672 2880 1684 2900; x_wconf 92' lang='lat'>‚</span> <span class='ocrx_word' id='word_1_334' title='bbox 1708 2864 1796 2889; x_wconf 88' lang='lat' dir='ltr'><strong>cum</strong></span> 
     </span>
     <span class='ocr_line' id='line_1_46' title="bbox 984 2914 1793 2956; baseline 0.004 -6"><span class='ocrx_word' id='word_1_335' title='bbox 984 2914 1015 2951; x_wconf 88' lang='lat' dir='ltr'><strong>is</strong></span> <span class='ocrx_word' id='word_1_336' title='bbox 1029 2914 1319 2955; x_wconf 73' lang='lat' dir='ltr'><strong>ferventissimus</strong></span> <span class='ocrx_word' id='word_1_337' title='bbox 1341 2918 1495 2955; x_wconf 74' lang='lat' dir='ltr'><strong>evaserit</strong></span> <span class='ocrx_word' id='word_1_338' title='bbox 1510 2917 1683 2956; x_wconf 81' lang='lat' dir='ltr'><strong>Americae</strong></span> <span class='ocrx_word' id='word_1_339' title='bbox 1704 2917 1793 2953; x_wconf 90' lang='lat' dir='ltr'><strong>mis-</strong></span> 
     </span>
     <span class='ocr_line' id='line_1_47' title="bbox 985 2982 1177 3033; baseline 0.005 -15"><span class='ocrx_word' id='word_1_340' title='bbox 985 2982 1177 3033; x_wconf 65' lang='lat' dir='ltr'><strong>sionarius,</strong></span> 
     </span>
    </p>
   </div>
   <div class='ocr_carea' id='block_1_11' title="bbox 1543 3046 1603 3090">
    <p class='ocr_par' dir='ltr' id='par_1_11' title="bbox 1543 3046 1603 3090">
     <span class='ocr_line' id='line_1_48' title="bbox 1543 3046 1603 3090; baseline 0 0"><span class='ocrx_word' id='word_1_341' title='bbox 1543 3046 1603 3090; x_wconf 79' lang='lat'><strong>12</strong></span> 
     </span>
    </p>
   </div>
  </div>
 </body>
</html>
