2028 3354
1760 169 1851 215 539

299 851 750 913 TRACTATUS
793 845 894 901 DE
937 841 1158 900 LOCIS
1199 838 1749 896 THEOLOGICIS.

175 1044 451 1090 Pnoossmmm.

835 476 1196 562 INDEX.

1624 1026 1715 1071 Pau

1689 1061 1731 1088 ο.

176 1162 319 1211 PARS
354 1160 387 1205 1.
426 1153 635 1204 SECTIO
669 1152 882 1210 PRIOR,
919 1152 995 1198 DE
1032 1149 1313 1196 ECCLESIA
1347 1146 1598 1194 CHRISTI.

175 1281 369 1329 CAPUT
404 1280 439 1325 Ι.

176 1369 347 1416 PROP.
387 1367 421 1412 1.

178 1752 347 1798 PROP.
387 1750 445 1797 ΙΙ.

180 1979 368 2025 CAPUT
402 1980 458 2025 II.

179 2056 329 2101 Alme.
367 2055 403 2102 I.

179 2132 348 2178 PROP.

180 2360 341 2405 Arene.
380 2360 439 2406 II.

179 2434 348 2481 PROP.
385 2435 418 2481 Ι.

180 2738 348 2787 PROP.
385 2738 445 2785 II.

564 1276 633 1322 DE
662 1274 845 1322 CHRISTI
874 1288 1089 1319 ECCLESIAE
1112 1286 1429 1317 INSTITUTIONE
1452 1285 1505 1313 ΕΤ
1531 1283 1733 1313 omnum.

573 1363 791 1411 Christus
810 1360 1078 1409 Ecclesiam
1098 1360 1316 1404 instituit
1333 1364 1376 1402 et
1391 1355 1656 1418 fundavit,
1686 1362 1742 1399 ut

623 1455 717 1503 per
748 1455 854 1485 eam
879 1445 922 1484 et
951 1441 1007 1483 in
1043 1452 1099 1481 ea
1123 1437 1204 1481 sni
1223 1434 1425 1480 cultores
1449 1432 1618 1477 mediis
1636 1431 1740 1476 ido·-

631 1519 735 1563 neis
762 1522 912 1562 essent
936 1514 1169 1560 instructi
1188 1511 1256 1557 ad
1280 1517 1509 1556 oeternam
1542 1511 1742 1554 salutem

631 1594 729 1640 sihi
755 1590 1153 1655 comparandam.

566 1672 933 1717 Dmmcmu'rsss.

566 1748 783 1795 Ecclesia
827 1764 858 1792 a
900 1745 1082 1792 Christo
1127 1743 1355 1789 instituta
1400 1740 1617 1786 anterior
1681 1745 1748 1784 est

629 1825 799 1887 quavis
821 1823 1093 1885 Scriptura.

567 1903 940 1948 Dmmcmnms.

565 1979 633 2025 DE
665 1977 848 2024 Cnmsn
877 1989 1096 2021 Eccmsm:
1130 1986 1498 2018 cons'ruu'mowss.

568 2056 636 2098 De
665 2052 821 2097 anima
851 2048 1077 2096 Ecelesiae.
1364 2057 1366 2060 ’

573 2129 746 2175 Omnes
783 2134 828 2174 et
866 2127 956 2173 soli
979 2127 1115 2189 justi
1137 2126 1385 2189 pertinent
1419 2122 1487 2170 acl
1516 2122 1742 2170 Ecclesiae

632 2206 873 2251 animam.

570 2284 942 2337 Dmmcm'rnns.

569 2360 638 2405 De
670 2356 878 2405 Ecclesiae
907 2372 1114 2421 corpore.

570 2436 653 2484 Ad
671 2451 845 2497 corpus
860 2433 1111 2486 Ecclesiae,
1133 2448 1214 2478 seu
1234 2431 1302 2477 ad
1325 2431 1563 2477 visibilem
1581 2430 1751 2477 Eccle-

635 2513 761 2555 siam
799 2517 1009 2572 spectant
1040 2524 1198 2555 omnes
1228 2507 1408 2555 Christi
1420 2507 1579 2569 fideles
1597 2542 1610 2560 ,
1648 2514 1749 2552 tam

615 2588 753 2647 y'usti
781 2603 931 2648 quam
959 2592 1240 2648 peccatores.

571 2665 935 2709 Dffmcmu'ms.
1455 2699 1458 2702 Δ

570 2739 796 2786 Ecclesiae
835 2754 1012 2801 corpus
1045 2739 1355 2783 constituitur
1384 2752 1441 2782 ea·
1471 2734 1749 2781 hierarchia

635 2817 806 2862 divina
833 2815 1136 2862 ordinatione
1169 2816 1396 2859 instituta
1429 2820 1472 2859 et
1498 2828 1555 2858 ea*
1586 2811 1752 2863 laicis;

631 2909 712 2939 seu
746 2900 929 2939 constat
964 2909 1021 2938 ea·
1058 2890 1248 2937 clericis
1288 2898 1333 2936 et
1373 2890 1549 2944 laicis,
1588 2887 1753 2933 divino

616 2972 737 3030 jure
767 2970 829 3016 ab
855 2971 1060 3016 invicem
1092 2966 1347 3013 distinctis.

1839 1024 1862 1070 1

1838 1144 1867 1190 4

1803 1266 1867 1312 ih.

1842 1582 1871 1628 5

1843 1658 1872 1705 9

1814 1813 1873 1859 15

1815 1891 1873 1937 19

1809 1967 1874 2013 28

1814 2043 1872 2090 31

1812 2197 1877 2245 32

1816 2274 1877 2321 35

1817 2351 1878 2398 38

1816 2578 1878 2625 39

1819 2653 1880 2701 43

1821 2959 1883 3005 52
