2028 3354
233 170 327 219 530
700 187 857 217 macr.
892 188 946 216 rm
972 188 1093 220 roms
1118 188 1427 222 'rxmozoeicis

234 302 551 352 concludimus
569 334 583 359 ‚
619 315 678 346 ex
712 299 814 364 ipso
845 298 967 348 facto
1000 301 1152 351 evinci
1182 302 1447 352 inerrantiae
1484 305 1609 353 dono
1645 306 1865 371 praeditos
1893 326 1920 356 a

233 379 417 428 Christo
450 391 550 424 esse
581 392 701 423 rom.
734 376 980 425 Pontifices
1008 394 1067 425 ex
1096 376 1316 425 cathedra
1350 379 1382 427 d
1409 381 1637 431 finientes.
1673 384 1768 431 Nec
1795 380 1922 432 enim

231 456 405 518 absque
438 452 584 502 divini
612 451 814 519 praesidii
843 471 1037 502 munere
1057 455 1157 501 fieri
1186 455 1368 520 potuit,
1395 465 1472 518 ut,
1502 457 1824 508 deficientibus
1853 477 1922 509 ce-

229 530 339 578 teris
360 529 621 595 apostolicis
640 529 849 578 Ecclesiis
868 529 1106 591 omnibus,
1133 531 1230 578 sola
1254 549 1451 580 romana
1469 534 1608 583 Sedes
1630 553 1689 584 ex
1709 527 1781 584 tot
1797 544 1922 586 retro

229 606 392 655 seculis
417 607 615 655 immota
646 606 916 672 perstiterit.

910 762 1281 797 DIFFICULTATES

293 890 413 940 783.
452 890 558 951 Obj.
575 890 743 954 prima.
760 888 935 935 Saltem
949 889 1183 936 Honorius
1204 888 1263 936 ab
1287 908 1442 940 errore
1461 893 1721 960 dogmatico
1741 898 1927 962 purgari

227 968 419 1033 nequit3
450 964 624 1014 etenim
654 966 756 1028 ipse
791 964 842 1009 10
873 963 1093 1028 epistolas
1124 963 1256 1011 dedit
1290 967 1350 1013 ad
1376 970 1589 1033 Sergium
1609 973 1927 1021 patriarcham

230 1039 823 1104 Constantinopolitanum,
845 1046 894 1087 et
911 1038 1109 1104 proinde
1128 1038 1189 1085 ad
1207 1039 1381 1102 Cyrum
1398 1044 1717 1095 patriarcham
1737 1048 1929 1097 Alexan-

231 1117 418 1168 drinum
436 1154 449 1179 ,
471 1117 550 1182 qui
569 1133 623 1163 eo
647 1114 886 1164 mediante
904 1115 1060 1181 ipsum
1083 1131 1269 1180 quoque
1288 1115 1583 1168 consuluerat
1603 1123 1652 1168 in
1675 1125 1928 1188 quaestione

227 1196 336 1244 fidei
354 1232 367 1256 .,
400 1194 609 1257 adeoque
636 1191 897 1255 dogmatica
914 1227 925 1239 .
966 1192 1023 1237 20
1049 1193 1105 1238 In
1135 1191 1208 1238 his
1240 1208 1354 1240 vero
1382 1193 1588 1259 epistolis
1613 1198 1781 1261 probat
1815 1218 1930 1249 eon-

228 1273 386 1321 silium
415 1270 558 1334 Sergii
581 1278 629 1315 et
653 1268 758 1332 Cyri
792 1267 850 1314 de
875 1267 1124 1315 indicendo
1156 1266 1342 1315 silentio
1369 1270 1701 1334 profitentibus
1737 1273 1851 1322 duas
1878 1277 1929 1324 in

230 1347 363 1396 Chris
371 1357 418 1394 to
442 1344 751 1411 operationes.
764 1343 816 1390 3⁰
832 1343 1122 1409 Improbavit
1138 1343 1385 1410 epistolam
1402 1346 1671 1410 synodicam
1686 1350 1933 1414 Sophronii

227 1422 507 1472 Patriarchae
535 1420 971 1485 Hierosolymitani‚
1010 1436 1113 1485 quae
1149 1420 1270 1468 lecta
1305 1430 1353 1469 et
1380 1422 1640 1472 orthodoxa
1672 1423 1834 1473 habita
1861 1435 1933 1475 est

229 1502 281 1548 in
301 1500 443 1547 Cone.
470 1498 759 1546 oecumenico
784 1497 857 1543 Vl.
879 1496 933 1543 40
954 1496 1174 1561 Ineptum
1197 1507 1296 1544 esse
1315 1498 1544 1560 judicavit
1569 1504 1745 1548 sentire
1766 1510 1809 1548 et
1822 1519 1933 1565 pro-

229 1593 358 1624 mere
376 1592 528 1623 unam
545 1582 635 1621 aut
646 1574 889 1637 duplicem
908 1589 1002 1619 esse
1023 1575 1079 1618 in
1102 1573 1286 1620 Christo
1304 1577 1618 1637 operationem
1632 1576 1717 1641 (l).
1739 1577 1791 1623 50
1805 1578 1934 1625 Affir-

231 1652 399 1712 mavit,
409 1669 457 1699 se
473 1650 573 1717 pari
586 1650 742 1696 animo
754 1647 1022 1714 praedicare,
1036 1648 1165 1713 quod
1177 1649 1418 1698 haereticus
1431 1652 1739 1700 monothelita
1752 1654 1931 1718 Sergius

232 1727 542 1796 praedicabata
578 1727 723 1773 finem
755 1725 901 1790 priori
929 1739 1021 1771 suae
1053 1724 1257 1790 epistolae
1289 1725 1360 1774 his
1390 1726 1545 1778 verbis
1580 1728 1750 1777 faciens
1780 1731 1932 1778 :Hoeo
2008 1771 2028 1794 3

236 1806 488 1866 nobiseum
511 1805 804 1866 fraternitas
832 1809 987 1848 vestra
1002 1802 1239 1864 praedieet
1248 1836 1266 1859 ,
1287 1806 1416 1850 sieut
1439 1812 1486 1851 et
1509 1822 1593 1852 nos
1614 1823 1668 1853 ea
1691 1806 1932 1853 vobiscum
1998 1865 2001 1871 s
2023 1798 2028 1800 ,

232 1883 539 1929 unanimiter
562 1878 890 1941 praedicamus
920 1876 1004 1941 (⁰2).
1038 1877 1090 1922 60
1113 1878 1266 1925 Unam
1296 1878 1525 1928 adstruxit
1554 1881 1604 1927 in
1633 1880 1815 1929 Christo
1846 1898 1930 1929 vo-

235 1956 491 2015 luntatem,
514 1951 630 1999 dum
655 1953 721 1999 ait
746 1969 757 1998 :
798 1952 958 1998 Unam
976 1953 1268 2000 voluntatem
1281 1958 1503 2017 fatemur
1522 1957 1587 2003 D.
1607 1955 1675 2004 N.
1696 1957 1750 2004 J.
1776 1960 1823 2003 C.
1841 1957 1927 2021 (3).

236 2034 291 2081 7ο
320 2032 416 2079 Nee
445 2029 607 2088 obest,
642 2026 893 2075 formulam
921 2026 971 2074 in
1002 2028 1155 2092 specie
1191 2030 1470 2078 catholicam
1500 2032 1761 2080 Honorium
1794 2048 1930 2079 usur·-

238 2125 391 2175 passe‚
408 2124 515 2154 cum
526 2104 819 2169 exploratum
833 2104 910 2164 sit,
928 2102 1093 2152 eadem
1108 2104 1308 2152 formula
1326 2106 1584 2172 iisdemque
1600 2107 1760 2155 Leonis
1776 2106 1929 2156 verbis

240 2202 378 2232 usum
399 2200 496 2231 esse
515 2181 725 2244 Sergium
744 2178 1130 2242 monothelitam‚
1151 2180 1266 2229 dum
1292 2182 1343 2230 in
1370 2182 1565 2249 epistola
1590 2182 1650 2230 ad
1669 2183 1930 2230 Honorium

241 2258 540 2327 significavit,
565 2274 614 2304 se
633 2256 693 2304 ad
710 2256 976 2305 Heraclium
1000 2257 1254 2322 scripsisse,
1277 2267 1332 2305 ut
1358 2266 1655 2325 permaneret
1681 2261 1738 2305 in
1761 2264 1929 2306 attrita

241 2339 456 2385 Patram
485 2334 732 2389 doctrina,
755 2350 904 2396 quam
931 2349 1088 2380 omnes
1109 2344 1420 2382 consonanter
1442 2336 1780 2397 confitentur...
1815 2335 1930 2383 Um·-

237 2415 456 2477 9enitum
487 2411 676 2458 Filium
708 2410 828 2467 Dei,
868 2412 959 2473 qui
989 2412 1219 2457 veraciter
1251 2411 1384 2457 Deus
1419 2412 1570 2457 simul
1597 2419 1641 2457 et
1671 2410 1806 2458 homo
1838 2419 1929 2467 est,

243 2489 463 2537 eumdem
498 2488 695 2549 operari
721 2485 894 2532 divina
927 2493 972 2532 et
1003 2485 1249 2541 humanm
1301 2494 1347 2532 et
1374 2503 1432 2534 ea'
1466 2503 1515 2533 eo
1550 2503 1649 2534 uno
1681 2487 1929 2550 eodemque

245 2570 501 2612 incarnato
534 2564 628 2609 Deo
669 2562 847 2619 Verbo,
877 2564 1130 2625 sioutjam
1155 2579 1326 2610 sumus
1354 2565 1513 2627 effati,
1540 2564 1932 2629 inseparabiliter

238 2650 387 2705 atque
420 2639 626 2686 indivise
666 2654 854 2686 omnem
884 2638 1105 2686 divinam
1140 2648 1279 2703 atque
1307 2644 1578 2688 humanam
1609 2642 1927 2705 operationem

240 2717 502 2782 procedere.
531 2716 637 2763 Hoc
662 2731 829 2778 nempe
854 2731 939 2762 nos
971 2714 1059 2762 leo
1081 2717 1180 2764 Dei
1195 2720 1407 2780 portitor
1427 2720 1660 2786 instruit,v
1680 2717 1929 2778 manifeste
2008 2758 2011 2759 γ

301 2915 351 2966 (1)
381 2914 499 2967 Epist.
521 2928 575 2964 u,
599 2914 699 2966 apud
720 2911 837 2952 Hard.
864 2920 957 2952 tom.
983 2913 1048 2953 ott.
1171 2914 1224 2966 (2)
1252 2914 1366 2967 Epist.
1391 2929 1421 2955 1.
1442 2913 1541 2953 Ibid.
1567 2914 1639 2953 col.
1670 2912 1789 2953 1323.

227 2981 312 3020 reol.
342 2979 458 3020 1351.
1170 2981 1222 3032 (3)
1254 2981 1352 3020 Ibid.
1377 2980 1448 3020 col.
1478 2979 1594 3031 ¹3¹9·
