2028 3354
417 208 543 239 PART.
583 209 615 238 1.
657 207 751 237 CAP.
787 207 840 236 11.
879 206 935 235 ΒΕ
969 204 1144 235 cnms'rl
1180 204 1302 234 ECCL.
1342 202 1538 233 consrrr.
1753 185 1812 233 47

128 335 336 374 mentem
369 325 417 371 S.
433 323 619 369 Paciani
636 358 648 382 .,
678 328 1005 389 argumentum
1029 320 1172 385 ipsius
1197 318 1399 384 epistolae
1421 318 1664 384 patefacit,
1690 321 1816 385 quod

128 413 199 450 est
212 401 475 459 ostendere,
491 399 711 446 adversus
722 398 1017 456 Novatianos,
1031 413 1166 463 posse
1177 396 1422 444 Ecclesiam
1435 395 1753 460 peccatoribus
1764 414 1815 445 ac

128 476 468 545 poenitentibus
484 476 589 523 filiis
612 476 706 522 suis
729 484 835 540 post
855 473 1143 539 baptismum
1163 479 1459 538 peccatorum
1479 473 1665 520 veniam
1688 473 1812 522 dare.

193 556 272 603 79.
312 553 383 600 Ad
407 554 497 612 6¹¹¹,
533 554 656 600 Dist.
689 550 844 614 Magni
874 559 1138 615 peccatores
1167 557 1248 594 aut
1282 548 1424 594 etiam
1445 558 1710 612 peccatores
1732 550 1816 597 ab-

128 631 275 678 solute
295 649 389 678 non
415 638 524 678 sunt
548 630 606 676 de
635 627 843 674 Ecclesiae
866 642 1057 690 corpore
1073 660 1085 681 ,
1103 632 1245 688 prout
1265 623 1426 671 vivum
1449 633 1544 683 est,
1570 642 1651 671 seu
1674 627 1816 674 vivifi·

128 718 282 755 catum
308 725 392 772 per
415 705 611 770 gratiam
633 703 999 750 sanctificantem
1023 716 1048 746 a
1074 699 1284 759 Christo,
1313 715 1465 746 conc.-
1432 734 1462 751 .,
1497 717 1594 746 non
1621 712 1731 749 sunt
1758 703 1821 750 de

129 800 294 848 corpm
298 801 321 830 e
338 782 527 839 Christi
544 788 770 845 quatenus
787 776 873 822 hoc
895 773 1124 821 conflatur
1138 791 1162 821 e
1177 775 1394 822 societate
1417 774 1709 824 credentium
1730 779 1821 826 sub

126 859 345 924 legitimis
374 855 661 922 pastoribus,
690 869 794 915 wey.
829 853 945 898 Cum
977 851 1104 897 enim
1135 867 1303 915 corpus
1333 850 1505 897 Christi
1533 853 1815 916 mysticum

129 937 256 1002 quod
280 945 349 982 est
365 932 587 990 Ecclesia
609 928 695 976 sub
716 928 888 995 duplici
907 937 1120 994 respectu
1140 927 1422 976 considerari
1445 930 1618 995 possit,
1644 939 1690 978 et
1710 950 1821 998 qua-

131 1022 265 1059 tenus
291 1012 449 1059 vivum
474 1015 570 1066 est7
604 1015 656 1052 ut
685 1005 825 1071 paulo
854 1015 960 1071 post
987 1005 1284 1053 ostendemus
1307 1042 1318 1065 7
1352 1014 1398 1052 et
1419 1014 1648 1071 quatenus
1667 1008 1819 1056 solum

134 1088 332 1135 exterius
358 1093 428 1130 est
446 1119 458 1138 ,
489 1092 535 1130 et
554 1100 578 1129 e
597 1082 902 1129 multitudine
921 1099 1001 1129 seu
1025 1083 1243 1129 societate
1258 1080 1468 1130 fidelium
1489 1085 1788 1133 constituitur
1804 1122 1817 1143 ‚

129 1159 482 1227 praescindendo
498 1158 556 1206 ab
575 1160 784 1206 interiori
802 1176 964 1206 eorum
977 1167 1101 1205 statu
1117 1194 1131 1218 a
1157 1160 1209 1204 fit
1223 1168 1273 1205 ut
1287 1158 1525 1206 interdum
1545 1163 1622 1208 SS.
1640 1162 1818 1214 Patres.

128 1241 251 1285 inter
270 1254 385 1302 quos
407 1236 548 1284 etiam
562 1237 606 1282 S.
625 1236 926 1299 Augustinus,
949 1236 999 1282 in
1021 1234 1210 1297 objectis
1233 1234 1343 1282 locis
1361 1253 1532 1299 negare
1552 1237 1817 1301 videantur,

129 1323 391 1379 peccatores
420 1312 478 1360 de
506 1328 697 1377 corpore
728 1311 898 1358 Christi
927 1328 1047 1371 esse,
1078 1312 1176 1358 sive
1202 1310 1259 1359 de
1291 1311 1503 1360 Ecclesia.
1537 1315 1618 1361 Ast
1646 1323 1821 1364 'nomen

128 1393 341 1455 corporis
361 1398 405 1435 et
425 1390 652 1437 Ecclesiae
676 1396 912 1435 coarctant
933 1387 991 1435 ad
1015 1387 1371 1451 significandum
1394 1406 1581 1455 corpus⁷
1600 1392 1728 1457 quod
1759 1395 1823 1441 vi-

129 1484 244 1514 vum
263 1476 332 1514 est
348 1502 361 1526 ,
384 1483 464 1513 seu
491 1469 619 1528 cujus
647 1464 857 1512 membra
882 1465 1052 1512 vivunt
1080 1481 1166 1529 per
1191 1466 1414 1528 gratiam3
1440 1485 1532 1532 quo
1551 1485 1689 1516 sensu
1710 1487 1824 1534 pro-

132 1542 252 1590 fecto
276 1551 540 1607 peccatores
560 1558 657 1587 non
677 1549 788 1586 sunt
810 1539 868 1587 de
893 1557 1083 1604 corpore
1108 1540 1315 1587 Ecclesiae
1331 1578 1344 1602 7
1366 1541 1474 1589 licet
1494 1544 1588 1591 sint
1610 1544 1821 1592 membra

130 1618 332 1682 corporis
357 1617 453 1665 vivi
471 1652 484 1676 ‚
508 1624 649 1682 prout
663 1616 722 1663 ad
745 1616 1012 1663 societatem
1036 1615 1327 1664 credentium
1342 1655 1354 1678 7
1376 1617 1463 1665 sub
1478 1619 1694 1683 legitimis
1712 1639 1823 1687 pas-

131 1692 340 1752 toribus,
374 1694 630 1758 pertinent.
670 1694 766 1739 Hac
799 1690 1204 1740 animadversione
1235 1694 1367 1741 facile
1408 1694 1703 1761 explicantur
1732 1715 1824 1763 ap·-

132 1777 349 1833 parentes
392 1768 625 1832 antilogiae
642 1804 654 1827 7
701 1785 806 1833 quae
842 1766 978 1814 nobis
1015 1779 1321 1833 opponuntur
1351 1771 1448 1820 sive
1479 1788 1535 1819 ex
1550 1765 1825 1837 *Augustino

131 1847 227 1891 sive
249 1862 305 1892 ex
328 1845 490 1891 ceteris
513 1844 752 1903 PatribuS,
773 1861 878 1891 cum
904 1844 1198 1909 exploratum
1217 1846 1301 1905 sit,
1325 1856 1427 1893 tum
1447 1848 1493 1895 S.
1519 1848 1825 1912 Augustinum

132 1930 234 1966 tum
251 1923 408 1967 Patres
420 1920 621 1986 reliquos
638 1937 934 1986 propugnare
956 1920 1176 1969 adversus
1193 1924 1473 1971 Novatianos
1494 1933 1541 1971 et
1557 1927 1825 1974 Donatistas

134 1996 513 2044 commixtionem
538 1997 770 2044 bonorum
797 2006 844 2044 et
874 1996 1104 2043 malorum
1128 1998 1177 2044 in
1209 1998 1419 2046 Ecclesia.

199 2072 280 2120 80.
320 2073 390 2121 Ad
408 2074 503 2135 7¹1²,
534 2075 658 2121 Dist.
680 2075 741 2120 Ut
763 2073 955 2121 denotet
975 2082 1235 2138 peccatores
1258 2092 1354 2123 esse
1376 2075 1588 2123 membra
1614 2088 1796 2126 mortua
1812 2115 1824 2138 ⁷

134 2167 286 2206 conc.;
312 2159 365 2197 ut
393 2149 585 2197 denotet
616 2167 711 2197 non
738 2167 838 2197 esse
860 2149 1073 2197 membra
1105 2150 1343 2212 Ecclesiae,
1376 2170 1477 2215 neq.
1508 2152 1576 2199 lbi
1606 2155 1733 2200 enim
1757 2155 1829 2201 af—

137 2228 291 2274 firmat
306 2263 318 2286 a
346 2226 472 2291 quod
492 2264 504 2288 ‚
529 2244 636 2274 cum
667 2227 717 2272 in
737 2226 812 2275 die
831 2226 994 2289 judicii
1018 2227 1216 2275 exierint
1246 2246 1303 2276 ex
1329 2246 1521 2294 corpore
1550 2229 1757 2277 Ecclesiae
1779 2230 1829 2278 hi

141 2303 251 2349 mali
277 2303 527 2363 humores,
565 2304 647 2368 qui
674 2302 793 2350 illud
826 2319 952 2349 nunc
986 2313 1213 2366 gravant,
1246 2303 1366 2351 bene
1402 2322 1451 2352 se
1485 2304 1693 2352 habebit.
1735 2308 1830 2354 Nec

142 2376 362 2426 debemus
385 2380 613 2439 oblivisci,
632 2380 716 2427 has
735 2398 831 2426 non
854 2396 952 2427 esse
972 2379 1061 2426 nisi
1080 2380 1412 2428 similitudines
1424 2398 1475 2428 ac
1490 2382 1685 2447 tropicas
1707 2382 1830 2430 locu-

143 2454 293 2501 tiones
322 2490 335 2510 ,
376 2472 476 2520 quae
501 2474 597 2503 non
633 2473 817 2521 semper
843 2465 955 2502 sunt
978 2455 1194 2520 urgendae
1233 2466 1406 2520 proeter
1440 2474 1632 2523 scopum
1655 2459 1830 2523 princi-

144 2528 300 2593 palem
314 2565 327 2587 ,
354 2531 414 2577 ad
436 2549 575 2596 quem
596 2542 914 2579 assumuntur.

145 2684 243 2709 reses
267 2684 348 2709 mm
380 2671 520 2710 habens
534 2701 548 2722 ‚
576 2686 654 2711 mm
692 2673 922 2713 Valentinos
940 2714 951 2732 ‚
1021 2674 1119 2712 tium
1131 2676 1334 2714 ornatibus
1347 2676 1579 2717 invidentes.
1593 2676 1734 2717 Verum
1746 2692 1832 2718 cum

143 2749 222 2774 uon
260 2735 525 2789 Cataphryqas
550 2768 562 2786 ,
605 2751 684 2776 non
716 2739 954 2780 Novatianos
1021 2739 1161 2779 subdat*
1187 2755 1197 2780 :
1228 2741 1418 2780 Caeterum
1447 2750 1625 2795 peccator
1646 2750 1682 2782 et
1705 2746 1835 2797 poeni-

153 2804 165 2850 (
185 2816 261 2840 non
293 2802 522 2855 Lutheranos
539 2834 549 2852 ‚
587 2805 674 2842 addi
704 2813 851 2856 posset,
877 2820 954 2845 non
1020 2812 1101 2843 tens
1115 2834 1127 2854 ‚
1140 2813 1214 2845 etc.
1229 2821 1292 2859 per
1310 2807 1409 2847 hanc
1425 2810 1643 2860 particulam
1657 2838 1668 2858 ‚
1681 2824 1762 2862 quae
1774 2811 1835 2848 hic

148 2866 364 2906 Calvinistas
384 2897 395 2915 ,
431 2882 509 2908 non
528 2868 773 2908 Protestantes
791 2900 802 2919 ‚
830 2878 900 2910 etc.
920 2871 951 2921 ).
1021 2869 1098 2908 vim
1127 2871 1239 2911 habet
1261 2873 1528 2912 adversativam
1546 2903 1558 2922 ‚
1581 2888 1660 2913 non
1687 2875 1835 2913 videtur

147 2932 201 2968 In
231 2930 291 2970 his
314 2940 403 2971 sunt
424 2935 528 2972 enim
551 2935 710 2987 quidam
739 2937 849 2974 sinus
870 2949 949 2974 ma-
1015 2935 1116 2988 loqui
1135 2937 1188 2977 de
1205 2937 1387 2977 haereticis.
1405 2968 1415 2988 ‚
1440 2952 1461 2977 a
1475 2939 1612 2993 quibus
1632 2946 1837 2992 peccatores

148 2995 266 3035 culosi
287 3004 397 3049 atque
432 3001 564 3050 ruqosi
587 3002 846 3052 pretiosarum
870 3015 949 3040 ves·
1016 3008 1052 3038 et
1077 3005 1290 3054 poenitentes
1308 3007 1464 3044 secernit
1493 3004 1534 3044 S.
1564 3004 1711 3044 Doctor-
