2028 3354
307 215 429 244 PART.
468 214 498 240 1.
539 212 636 240 GAP.
677 211 706 238 1.
745 209 798 237 DE
833 205 1006 235 CHRISTI
1044 204 1164 234 EGCL.
1202 203 1421 232 lus'rl'ru'r.
1462 202 1512 229 ET
1547 200 1668 229 OBIG.
1769 179 1827 226 15

209 329 288 375 28.
334 327 400 374 Ad
428 325 518 385 5¹1¹,
558 325 695 387 Resp.
721 320 931 386 quinimo
954 318 1130 383 optimo
1152 320 1256 378 jure
1277 332 1336 363 ex
1358 314 1491 362 dictis
1517 312 1677 359 inferri
1693 309 1830 356 iden*

148 407 330 452 titatem
360 399 601 468 praesentis
630 396 840 445 Ecclesiae
865 412 971 442 cum
1002 393 1198 441 Ecclesia
1224 409 1250 439 a
1280 390 1463 438 Christo
1490 389 1718 435 instituta.
1747 386 1835 432 Ec«-

148 482 282 529 clesia
314 479 439 526 enim
479 474 785 541 sequentibus
827 470 1037 519 aetatibus
1076 470 1217 532 magis
1251 485 1302 515 ac
1343 466 1485 529 magis
1519 463 1745 530 principia
1782 478 1833 508 ac

149 556 354 621 germina
371 571 396 601 a
410 553 593 600 Christo
612 552 663 597 in
684 553 779 612 ejus
798 546 1073 594 fundatione
1090 544 1278 591 inducta
1291 578 1304 603 ‚
1327 543 1395 588 uti
1407 545 1507 603 jam
1526 541 1836 606 praestiterant

150 631 355 697 Apostoli
370 667 382 689 7
414 628 608 678 evolvit.
636 628 693 673 Et
711 625 931 690 quoniam
956 623 1139 671 invecta
1166 619 1224 666 ab
1245 617 1474 683 Apostolis
1496 616 1739 682 explicatio
1765 613 1839 661 di-

152 724 333 757 versam
368 705 615 752 Ecclesiam
647 719 741 748 non
772 698 959 751 intulit,
994 695 1075 743 sed
1103 695 1161 742 ad
1197 711 1435 741 summum
1468 710 1639 741 novam
1677 691 1838 740 evolu-

151 774 587 847 tionis'periodum3
612 779 676 824 ita
701 775 882 823 eductio
909 772 1163 820 successiva
1191 769 1466 817 eorumdem
1497 770 1762 832 germinum
1789 784 1841 814 ac

152 861 515 926 principiorum,
547 869 647 918 quae
674 849 1001 915 progrediente
1030 857 1165 895 aetate
1189 847 1309 894 facta
1339 854 1437 905 est,
1470 862 1567 892 non
1589 842 1748 890 intulit
1769 842 1842 889 di-

153 937 419 984 versitatem
438 929 643 978 Ecclesiae
670 926 902 973 distinctae
915 924 974 972 ab
988 923 1187 972 Ecclesia
1208 922 1486 988 primigenia
1506 938 1586 967 seu
1606 916 1841 982 originali,

152 1011 232 1059 sed
253 1010 400 1058 solum
415 1044 427 1063 ,
452 1015 503 1052 ut
523 1005 727 1051 diximus
747 1039 760 1063 ,
789 1001 1110 1051 diversitatem
1132 998 1431 1065 periodorum
1461 995 1666 1060 ejusdem
1683 993 1844 1043 evolu-

154 1089 306 1134 tionis.
336 1084 505 1130 Efficax
532 1089 779 1148 propterea
811 1097 864 1127 ae
891 1079 1082 1125 firmum
1105 1077 1313 1124 consistit
1337 1082 1665 1138 argumentum
1684 1107 1696 1130 7
1723 1069 1846 1135 quod

154 1181 207 1210 ex
240 1159 405 1208 actuali
440 1158 637 1207 Ecclesia
676 1156 861 1204 ducitur
886 1192 898 1214 „
938 1172 1023 1220 pro
1055 1153 1303 1201 identitate
1331 1152 1466 1212 hujus
1501 1148 1711 1197 Ecclesiae
1740 1163 1848 1195 cum

153 1254 389 1304 prlmaeva.
410 1262 413 1267 «

778 1386 1104 1430 PROPOSITIO
1135 1387 1189 1429 ΙΙ.

222 1505 434 1550 Ecclesia
458 1521 489 1549 a
515 1503 699 1549 Christo
727 1506 950 1548 instituta
979 1507 1195 1548 anterior
1216 1509 1282 1547 est
1307 1503 1480 1562 quavis
1508 1500 1784 1561 Scriptura.

224 1654 304 1700 29.
345 1653 420 1699 Uti
450 1669 505 1699 ex
543 1650 775 1698 substrata
806 1650 998 1696 materia
1027 1650 1174 1714 liquet
1203 1659 1250 1697 et
1287 1667 1342 1697 ex
1380 1650 1483 1714 ipsa
1519 1650 1851 1716 propositionis

161 1729 514 1788 enunciatione‚
548 1727 622 1772 hic
653 1727 829 1790 agimus
857 1725 914 1773 de
936 1728 1264 1773 anterioritate
1296 1725 1502 1773 Ecclesiae
1524 1727 1573 1773 in
1605 1725 1767 1774 ordine
1790 1725 1850 1774 ad

160 1805 445 1870 Scripturam
466 1803 587 1851 Novi
605 1803 887 1850 Testamenti
904 1839 916 1861 7
949 1802 1009 1849 ad
1030 1818 1171 1867 quam
1192 1801 1338 1849 solam
1358 1811 1609 1850 tractatum
1632 1811 1846 1850 nostrum

161 1881 513 1928 coarctavimus.
1360 1874 1365 1879 ’

228 1957 306 2003 30.
351 1955 650 2003 Existentiam
692 1972 832 2021 porro
878 1954 1137 2002 christianae
1185 1955 1390 2002 Ecclesiae
1436 1954 1675 2020 quibusvis
1719 1954 1850 2002 libris

163 2034 444 2081 anteriorem
469 2050 595 2092 esse,
630 2050 700 2079 res
736 2033 909 2098 pariter
930 2035 1058 2095 facti
1097 2042 1196 2093 est,
1229 2049 1359 2097 quae⁷
1389 2034 1485 2081 sive
1519 2032 1722 2097 spectata
1757 2036 1854 2096 ejus

164 2109 338 2172 origine
367 2127 418 2156 ac
447 2117 640 2175 natura.
669 2110 766 2156 sive
796 2108 1086 2156 documentis
1113 2109 1251 2175 ipsis,
1277 2127 1302 2156 a
1323 2110 1512 2157 nemine
1542 2126 1663 2157 sanae
1682 2110 1856 2157 ‘mentis

165 2186 211 2232 in
246 2185 591 2233 dubitationem
620 2185 826 2232 revocari
851 2194 1006 2250 potest
1029 2186 1116 2249 (l).

169 2340 300 2375 musin
326 2339 399 2376 suis
429 2337 730 2377 Commentariis
754 2337 799 2375 in
823 2335 904 2389 Ep.
927 2337 979 2375 ad
1043 2337 1164 2376 solum
1199 2337 1295 2376 Jesu
1335 2338 1487 2376 Christi
1517 2338 1679 2377 historia
1707 2342 1860 2392 coquita

174 2400 332 2440 Galatas
337 2417 352 2451 ,-
363 2411 487 2442 auctor
499 2403 663 2441 chronici
678 2401 919 2441 Alexandrini
933 2403 979 2441 ad
1044 2410 1126 2441 erat
1142 2433 1152 2452 ,
1178 2405 1410 2456 priusquam
1424 2403 1644 2454 vulgaretur
1662 2406 1705 2443 in
1720 2404 1762 2443 E
1762 2419 1857 2445 van-

172 2481 232 2504 an.
258 2466 392 2505 Christi
415 2484 483 2506 xxx
498 2499 509 2514 ,
532 2483 611 2520 pag.
626 2467 677 2514 6,
702 2468 852 2520 aliique.
875 2468 981 2507 Hanc
1043 2468 1154 2520 qeliis
1168 2483 1184 2517 ,-
1198 2469 1263 2506 sed
1280 2470 1461 2508 universa
1483 2469 1697 2509 christiana
1722 2472 1858 2523 reliqio

172 2533 389 2570 sententiam
410 2535 594 2572 mordicus
618 2534 740 2572 tuetur
761 2533 869 2572 Joan.
890 2534 982 2573 Har·
1035 2536 1124 2588 jam
1161 2535 1358 2573 tenebatur·
1393 2542 1427 2572 et
1463 2535 1707 2575 exercebatur
1724 2567 1735 2583 ‚
1772 2549 1859 2575 cum

171 2597 310 2636 duinus
330 2599 369 2635 in
393 2599 570 2650 peculiari
597 2598 643 2636 de
667 2599 740 2637 hoe
763 2608 980 2650 argumento
1049 2599 1203 2638 nullum
1230 2601 1356 2639 adhuc
1383 2598 1644 2651 Evanqelium
1669 2603 1856 2655 scriptum

172 2662 447 2709 dissertatione,
467 2674 550 2713 quae
575 2663 668 2718 inter
690 2676 796 2715 opera
818 2664 983 2717 ejusdem
1044 2664 1186 2716 fuerat.
1217 2665 1462 2705 Recitabatur
1484 2666 1639 2717 Pater(
1664 2669 1777 2707 oratio
1792 2667 1861 2707 do-

146 2739 148 2741 ’
177 2728 308 2767 selecta
332 2758 342 2775 ‚
367 2726 571 2767 Amstelod.
600 2740 700 2781 ¹7⁰9
718 2757 731 2778 ‚
766 2729 880 2769 relata
910 2739 985 2777 est,
1052 2731 1224 2781 minimi),
1243 2732 1340 2783 quin
1359 2731 1435 2782 leyi
1451 2739 1577 2783 posset
1590 2732 1636 2770 in
1649 2730 1861 2785 Evanqelo‘o

180 2808 265 2846 pag.
286 2806 368 2848 920
390 2802 426 2832 et
441 2807 546 2847 seqq.
567 2793 736 2834 eamdem
749 2802 872 2834 tuetur
894 2795 986 2835 Zac·
1052 2793 1098 2834 S.
1133 2796 1325 2839 Matthaei.
1349 2796 1648 2837 Adhibebamur
1668 2800 1714 2837 in
1747 2798 1861 2837 colla—

180 2860 276 2897 caria
293 2888 304 2908 ,
331 2859 471 2912 aliique
490 2861 624 2911 passim
645 2873 731 2899 cum
753 2858 850 2912 ipso.
1053 2862 1154 2900 tione
1182 2862 1383 2915 Baptismi
1403 2863 1515 2902 verba
1539 2877 1565 2902 a
1591 2863 1742 2903 Christo
1767 2863 1862 2903 Jesu

237 2925 299 2974 (Ι),
321 2924 416 2964 Sane
441 2925 592 2978 Lessing
613 2927 652 2965 in
670 2939 755 2979 opp.
776 2924 986 2978 posthumis
1050 2929 1274 2980 proescm'pta
1287 2958 1297 2976 ‚
1317 2935 1522 2981 antequam
1543 2942 1587 2967 ea
1606 2929 1746 2967 litteris
1769 2940 1862 2980 apo-

182 2988 393 3044 theologicis
423 2989 578 3031 seribere
601 3005 676 3031 non
702 2990 876 3032 dubitat:
907 2991 992 3033 Non
1058 2991 1599 3045 stolicomiqnammJ’ossem
1609 2995 1763 3047 aliorum
1774 2993 1862 3032 Pro-
