2028 3354
195 182 289 230 192
659 200 817 229 macr.
856 199 910 228 mi
945 198 1064 228 zocls
1099 199 1402 229 Tnssorocmis,

191 331 363 379 nempe
396 310 932 375 constantinopolitano;
967 328 1267 375 graeco-mssa
1301 332 1413 362 vero
1444 316 1494 362 in
1518 324 1673 363 sancta
1699 319 1871 380 synodo

190 388 529 455 petropolitana
548 396 871 451 permanente.
899 387 951 433 40
970 389 1072 446 Quo
1090 390 1260 437 factum
1279 400 1348 438 est
1362 428 1374 449 a
1398 402 1452 438 ut
1473 392 1560 438 hoc
1589 394 1874 440 auctoritatis

190 464 421 531 principio
446 480 542 509 non
563 462 712 510 solum
740 463 895 509 unitas
926 463 1161 527 regiminis
1180 501 1192 523 ,
1222 483 1385 514 verum
1412 468 1552 515 etiam
1588 469 1741 515 unitas
1767 468 1877 516 fidei

190 549 312 587 sarta
351 547 565 604 tectaque
598 539 650 585 in
682 547 879 604 utraque
915 539 1112 587 Ecclesia
1150 552 1418 590 conservata
1455 545 1609 591 fuerit.
1654 544 1706 590 50
1743 544 1876 603 Quod

191 616 317 663 enim
346 615 515 662 attinet
535 614 595 661 ad
618 615 863 662 articulum
892 616 951 663 de
980 618 1273 681 processione
1299 618 1490 682 Spiritus
1514 621 1679 667 Sancti
1699 638 1723 667 a
1744 623 1878 667 Patre

191 701 238 740 et
259 692 370 739 Filio
386 728 399 753 ‚
419 699 727 756 praeterquam
742 692 867 757 quod
884 709 1011 740 mera
1024 702 1095 740 est
1108 694 1265 757 opinio
1279 730 1290 751 7
1318 711 1421 758 quae
1441 712 1523 758 per
1541 696 1632 743 duo
1653 696 1712 742 ad
1726 700 1878 743 minus

189 768 339 816 secula
363 775 471 815 ante
492 767 762 814 Michaelem
785 768 1072 815 Cerularium
1092 768 1286 816 tolerata
1308 779 1401 830 est,
1423 771 1595 836 quippe
1619 771 1880 819 differentia

191 847 373 893 Graecos
392 844 516 891 inter
532 852 578 890 et
593 844 780 891 Latinos
801 846 1006 892 verbalis
1022 845 1176 909 potius
1194 846 1331 892 fuerit
1349 863 1490 910 quam
1511 846 1665 905 realis7
1688 856 1741 893 ut
1761 863 1881 912 prae-

191 922 437 968 stantior-es
468 919 601 966 latini
622 919 829 983 theologi
852 921 957 967 fassi
985 929 1094 967 sunt
1120 921 1220 986 (l),
1250 923 1288 968 si
1317 939 1408 986 qua
1430 922 1611 968 novitas
1634 922 1684 968 in
1706 939 1759 968 eo
1781 931 1850 968 est
1868 958 1880 981 .,

190 997 289 1045 haec
306 1014 363 1044 ex
391 996 664 1044 Latinorum
685 996 837 1060 potius
854 1005 987 1061 parte
1008 1014 1056 1043 se
1075 1006 1206 1044 tenet
1227 1014 1367 1062 quam
1390 1014 1446 1043 ex
1465 1007 1596 1062 parte
1625 1000 1886 1044 Graecorum

192 1082 331 1138 atque
365 1072 535 1120 idcirco
574 1072 716 1119 etiam
752 1074 1018 1119 Russorum.
1058 1073 1110 1119 60
1135 1075 1311 1121 Neutra
1345 1082 1566 1138 praeterea
1609 1073 1803 1120 Ecclesia
1838 1089 1886 1120 se

193 1150 425 1215 separavit
454 1148 512 1195 ab
545 1148 743 1195 Ecclesia
772 1166 1001 1207 romana3
1033 1149 1114 1196 sed
1141 1149 1240 1197 haec
1268 1159 1515 1213 utramque
1549 1167 1572 1195 a
1601 1167 1681 1195 sua
1712 1149 1883 1212 repulit

193 1226 538 1274 communione.
574 1225 692 1271 Cum
722 1224 818 1272 haec
855 1235 1017 1272 tamen
1053 1226 1281 1290 separatio
1323 1224 1519 1290 probata
1558 1243 1655 1271 non
1691 1225 1829 1271 fuerit
1857 1242 1883 1270 a

196 1303 362 1365 majori
388 1300 596 1348 Ecclesiae
625 1300 862 1348 catholicae
894 1310 1055 1366 parte,
1086 1302 1139 1348 7ο
1170 1300 1261 1348 dici
1288 1310 1536 1368 propterea
1558 1309 1712 1365 potest
1741 1300 1884 1366 parti-

194 1379 371 1426 culares
400 1376 617 1423 Ecclesias
632 1412 646 1437 ,
676 1394 922 1423 romanam
950 1377 1121 1424 scilicet
1141 1386 1188 1425 et
1209 1376 1764 1441 constantinopolitanam
1781 1413 1793 1435 7
1825 1374 1883 1423 ab

194 1457 396 1503 invicem
426 1453 564 1500 fuisse
593 1453 793 1511 divisas,
824 1453 951 1500 salva
986 1454 1193 1502 Ecclesiae
1217 1454 1452 1501 catholicae
1483 1454 1678 1500 unitate.
1713 1453 1766 1499 80
1799 1455 1885 1499 Ac-

196 1531 346 1590 cedit,
377 1529 627 1577 Ecclesiam
654 1545 876 1592 graecam,
908 1546 960 1576 ac
984 1530 1181 1594 proinde
1208 1531 1456 1589 russicam,
1488 1528 1605 1575 nihil
1640 1529 1887 1576 innovasse

196 1609 312 1655 circa
328 1611 637 1671 prz’matum;
663 1622 769 1652 cum
787 1623 881 1652 non
900 1606 1159 1666 inficietur,
1180 1624 1314 1671 posse
1334 1607 1597 1651 Romanum
1616 1604 1886 1650 Pontificem

195 1683 344 1732 veluti
380 1682 589 1748 primum
614 1682 891 1747 Episcopum
919 1686 1052 1743 juxta
1084 1681 1444 1730 consuetudines
1480 1698 1532 1727 ac
1566 1679 1766 1744 synodos
1801 1680 1887 1726 Ec-

198 1760 344 1808 clesiae
366 1759 594 1825 spectari3
624 1757 708 1804 sed
732 1757 881 1804 solum
911 1776 1155 1823 nunquam
1178 1757 1365 1805 admisit
1393 1757 1519 1803 hunc
1545 1757 1802 1821 primatum
1831 1755 1887 1800 de

183 1841 308 1900 jure
335 1837 517 1883 divino.
553 1834 605 1879 90
626 1835 737 1892 Quae
766 1850 869 1880 cum
891 1834 954 1879 ita
979 1851 1027 1881 se
1048 1833 1283 1894 habeant,
1305 1833 1470 1887 merito
1493 1832 1703 1896 Episcopi
1726 1847 1891 1893 graeco·

200 1914 321 1960 uniti
345 1913 396 1959 in
424 1911 600 1958 ditione
627 1912 797 1957 russica
826 1910 912 1957 sub
947 1912 1090 1958 finem
1117 1912 1230 1957 anni
1267 1910 1412 1974 elapsi
1445 1907 1634 1972 (1839)
1678 1906 1890 1954 libellum

200 1988 457 2055 supplicem
485 1986 717 2035 dederunt
746 1986 993 2045 autocrati7
1028 2004 1118 2051 quo
1142 1981 1403 2032 humillime
1425 2001 1533 2031 eum
1552 1991 1775 2046 rogarunt
1793 2018 1805 2040 ,
1838 1991 1890 2027 ut

205 2065 477 2129 dignaretur
504 2062 607 2109 illos
631 2063 679 2108 in
707 2064 937 2109 unitatem
962 2062 1208 2110 admittere
1239 2069 1407 2109 sanctae
1441 2059 1701 2123 apostolicae
1726 2057 1891 2104 ortho-

203 2140 332 2188 doxae
355 2150 401 2189 et
428 2138 701 2187 universalis
723 2138 957 2197 Ecclesiae,
989 2156 1015 2185 a
1043 2156 1133 2204 qua
1153 2154 1237 2203 per
1262 2138 1360 2185 vim
1388 2139 1584 2197 majores
1613 2134 1682 2180 sui
1705 2133 1891 2180 fuerant

204 2217 392 2268 divulsi.
443 2216 700 2281 Imperator
733 2231 844 2262 vero
877 2214 1077 2280 benigne
1108 2215 1274 2262 annuit
1307 2214 1393 2275 (2).
1425 2210 1606 2259 Eaedem
1638 2228 1778 2276 porro
1816 2228 1892 2256 ra-

256 2395 312 2444 (1)
341 2396 397 2434 Ita
412 2394 568 2441 Palmer,
584 2407 646 2444 op.
665 2402 700 2431 et
714 2393 786 2431 loc.
800 2393 859 2430 cit.
875 2405 956 2442 cap.
970 2405 1011 2444 9,
1081 2390 1138 2428 En
1169 2393 1280 2442 igitur
1309 2388 1517 2442 cujusmodi
1547 2390 1593 2425 sit
1618 2395 1722 2426 actus
1749 2395 1891 2438 aposta-

205 2462 270 2512 qui
295 2474 360 2511 pro
392 2460 463 2497 hac
501 2452 861 2497 sententia'adducit
894 2456 934 2493 M
940 2459 1015 2507 agi·
1083 2459 1146 2494 siae
1174 2455 1439 2508 Episcoporum
1455 2455 1782 2506 graeco-unitorum
1808 2466 1819 2490 :
1840 2453 1892 2489 In

205 2533 325 2563 strum
339 2526 621 2570 sententiarum,
637 2523 677 2560 S.
693 2522 874 2559 Thomam
887 2552 897 2568 ‚
915 2522 1014 2559 Bau·
1083 2522 1236 2560 nomine
1260 2521 1399 2560 Patris
1439 2527 1475 2557 et
1510 2519 1615 2557 Filii
1654 2525 1688 2557 et
1724 2513 1892 2570 Spirilus

205 2591 338 2629 diuum
354 2620 364 2637 ‚
386 2587 425 2627 S.
440 2589 734 2627 Bonaventuram
754 2615 764 2633 ‚
787 2586 937 2625 Scotum
958 2589 1017 2625 in·
1083 2588 1127 2625 S.
1170 2585 1309 2625 Nostra
1336 2584 1514 2623 Ecclesia
1539 2599 1563 2622 a
1593 2597 1660 2623 suo
1689 2583 1803 2620 initio
1829 2579 1893 2619 εαὲ

205 2665 259 2695 ter
282 2655 539 2701 scholasticos;
559 2655 654 2691 inter
679 2654 901 2691 recentiores
925 2666 1011 2691 vero
1079 2653 1163 2691 dem
1187 2659 1291 2699 erae,
1316 2664 1401 2702 quoe
1421 2658 1455 2688 et
1475 2657 1607 2688 sancta
1623 2678 1637 2698 ‚
1665 2645 1869 2699 apostolica
1883 2676 1894 2694 ‚

206 2721 472 2761 Bellarminum
490 2749 500 2765 ‚
515 2718 703 2763 Toletum,
721 2717 896 2757 Azorium
911 2745 922 2766 ,
935 2727 1009 2757 etc.
1079 2717 1286 2756 orthodoxa
1311 2716 1497 2764 catholica
1516 2713 1690 2755 Ecclesia
1706 2741 1715 2758 ‚
1738 2724 1823 2762 quae
1841 2710 1890 2749 ab

262 2787 312 2838 (2)
344 2786 397 2825 Ne
414 2785 490 2823 haec
508 2792 657 2831 pereant
684 2784 904 2822 documenta
920 2814 930 2832 ‚
953 2785 1014 2836 ju·
1080 2786 1162 2835 ipso
1184 2784 1356 2822 Domino
1382 2788 1418 2820 et
1437 2779 1630 2821 salvatore
1648 2784 1775 2815 nostro
1794 2775 1891 2813 Jesu

207 2855 302 2892 verit
326 2852 387 2890 hic
411 2864 451 2889 ea
479 2849 679 2888 transferre
715 2863 756 2888 ex
786 2849 1016 2900 ephemeride
1086 2848 1240 2886 Christo
1265 2850 1310 2885 in
1337 2845 1500 2884 Oriente
1512 2843 1690 2881 instituta
1711 2848 1778 2888 est,
1804 2840 1894 2878 inde

208 2918 356 2957 officiali
390 2916 655 2969 petropolitana
676 2945 685 2962 ‚
723 2914 827 2966 Apis
867 2922 1017 2967 septen·
1086 2926 1133 2950 ea:
1164 2913 1322 2951 Oriente
1340 2916 1458 2948 totum
1482 2907 1671 2945 mundum
1688 2906 1891 2944 ‘illumina-

207 2982 381 3023 trionalis
396 2990 606 3032 nuncupata
625 3011 633 3026 ‚
651 2993 768 3019 mens.
783 2979 878 3017 Nov.
904 2978 1017 3031 1839.
1086 2978 1140 3014 vit
1150 3006 1162 3025 ,
1188 2985 1224 3015 et
1244 2978 1436 3025 hucusque
1450 2973 1607 3010 divinas
1632 2972 1893 3011 institutiones
