2028 3354
170 199 259 247 140
635 215 797 245 TRAc'r.
832 215 887 245 mi
922 213 1040 246 zocls

1075 216 1370 247 THEOLOGICIS.

165 331 220 377 20
244 347 300 377 ex
329 347 384 377 eo
406 326 532 392 quod
559 324 779 373 adversus
804 326 934 373 illam
961 328 1108 375 solam
1143 328 1340 377 haereses
1363 344 1526 375 omnes
1542 362 1555 386 ,
1578 326 1852 387 schismata,

165 407 408 465 factiones,
434 410 566 449 sectae
583 438 596 462 ,
624 401 851 450 increduli
873 419 1035 449 omnes
1055 404 1217 467 quovis
1243 413 1454 469 tempore
1482 403 1855 467 conspiraverint

174 492 222 530 et
249 481 399 528 adhuc
423 478 693 542 conspirent
709 514 722 536 ,
756 487 804 525 et
823 494 928 524 cum
950 477 1038 524 illis
1068 478 1189 526 vires
1215 488 1374 526 contra
1401 497 1504 527 eam
1532 479 1856 541 conjunxerint

158 557 341 620 judaica
373 554 567 621 perfidia
597 562 644 601 et
671 571 851 619 pagana
884 553 1151 619 superstitio
1177 574 1190 611 ς
1226 553 1278 600 30
1304 571 1361 601 ex
1395 555 1493 618 ipsa
1533 554 1660 601 haud
1685 571 1858 619 paucoa

164 651 271 679 rum
304 631 679 692 adversariorum
714 630 885 694 agendi
915 630 1096 676 ratione
1117 665 1130 688 ἦ
1164 630 1244 693 qui
1274 630 1483 693 quamvis
1513 639 1671 695 aperte
1712 629 1769 675 ab
1804 646 1856 677 ea

170 709 308 756 divisi
340 716 475 766 sunt,
502 706 653 753 adhuc
681 723 729 753 se
758 716 919 752 tamen
947 705 1007 752 ad
1036 704 1167 752 illam
1194 706 1431 769 pertinere
1451 705 1767 764 contendunt,
1797 721 1857 751 ne

168 784 449 832 schismatici
476 791 556 829 aut
580 782 784 830 haeretici
808 781 1001 828 audiant
1029 781 1116 844 (1).

230 861 343 909 238.
389 862 511 908 Nota
557 858 760 924 denique
803 858 1151 923 apostolicitatis
1171 859 1432 904 Romanam
1470 856 1559 903 frui
1582 856 1825 903 Ecclesiam
1844 893 1861 915 ⁷

167 946 460 1003 compertum
490 937 544 983 fit
576 952 632 982 ex
657 951 902 999 nunquam
934 934 1196 998 interrupta
1228 935 1547 980 Romanorum
1583 932 1862 979 Pontificum

167 1015 451 1062 successione
474 1029 500 1058 a
527 1012 572 1060 S.
589 1013 728 1058 Petro
746 1011 806 1056 ad
827 1027 910 1056 nos
931 1026 1076 1074 usque
1093 1045 1105 1069 a
1128 1017 1175 1056 et
1191 1010 1522 1074 Episcoporum
1548 1009 1760 1054 omnium
1779 1023 1863 1072 per

167 1088 330 1137 orbem
351 1087 658 1136 Ecclesiarum
675 1122 688 1146 ,
721 1103 825 1151 quae
852 1102 958 1132 cum
982 1086 1082 1149 ipso
1106 1083 1510 1131 communicarunt
1528 1092 1575 1129 et
1601 1082 1865 1129 communi-

168 1175 276 1213 cant
293 1166 343 1212 in
363 1165 544 1211 unitate
559 1162 670 1209 fidei
691 1171 738 1209 et
762 1161 1103 1208 communionis
1129 1159 1188 1208 ad
1205 1160 1303 1207 haec
1322 1176 1465 1223 usque
1485 1168 1714 1222 tempora.
1737 1157 1863 1205 Adeo

166 1242 267 1290 haec
289 1240 512 1288 successio
542 1238 781 1303 explorata
814 1246 911 1297 est7
944 1246 997 1283 ut
1025 1253 1180 1302 neque
1203 1236 1261 1283 ab
1283 1235 1558 1284 adversariis
1587 1235 1636 1280 in
1668 1232 1865 1279 dubium

167 1325 440 1374 revocetur,
460 1316 558 1364 sive
583 1314 738 1380 quoad
769 1322 951 1379 partem
976 1317 1072 1376 ejus
1103 1312 1393 1360 materialem
1414 1347 1426 1370 ,
1461 1311 1557 1358 sive
1585 1309 1738 1375 quoad
1768 1309 1863 1356 for-

167 1394 357 1442 malem.
400 1394 656 1456 Extorquet
693 1391 903 1455 ipsorum
941 1390 1300 1437 admirationem
1336 1386 1564 1449 ejusmodi
1602 1385 1863 1443 successio7

171 1487 261 1535 qua
283 1471 337 1516 fit
353 1506 365 1529 7
401 1477 454 1514 ut
485 1466 737 1533 apostolica
764 1464 904 1513 Sedes
937 1465 1097 1513 decem
1119 1473 1166 1512 et
1191 1473 1294 1510 octo
1325 1461 1588 1509 seculorum
1612 1469 1764 1507 tractu
1788 1459 1868 1507 ad·

168 1623 303 1662 tudine
311 1624 403 1676 jam
433 1621 548 1659 sciret
562 1649 574 1668 ,
588 1626 623 1658 te
635 1632 762 1657 secum
778 1648 789 1669 ‚
811 1618 879 1656 hoc
904 1626 979 1665 est,

169 1699 258 1728 cum
281 1686 467 1727 catholica
483 1684 658 1724 Ecclesia
681 1685 980 1723 communicare.

170 1752 211 1792 S.
237 1753 490 1805 Augustinu8‚
525 1759 654 1789 contra
692 1748 825 1801 Epist.
863 1747 905 1785 F
907 1761 981 1785 rm-

170 1820 367 1864 damenti,
393 1831 476 1869 cap.
509 1816 559 1867 43
595 1814 651 1852 In
675 1813 860 1852 catholica
879 1814 982 1851 enim

169 1883 347 1924 Ecclesia
359 1913 371 1932 ,
393 1883 515 1934 inquit
529 1909 593 1929 ‚...
609 1887 710 1918 tenet
729 1880 777 1917 ab
792 1882 879 1931 ipsa
897 1878 982 1916 sede

171 1947 281 1988 Petri
301 1948 503 2002 Apostoli,
532 1948 602 1985 cui
623 1945 861 1998 pascendam
898 1957 982 1983 oves

171 2029 263 2055 suas
292 2021 382 2068 post
426 2013 739 2052 resurrectionem
785 2010 982 2048 Dominus

171 2080 480 2128 commendavit,
521 2091 639 2129 usque
675 2076 727 2114 ad
754 2081 982 2128 praesentem

172 2147 450 2200 Episcopatum
485 2144 671 2182 successio
701 2141 939 2180 sacerdotum
970 2153 980 2187 ;

173 2221 273 2252 tenet
277 2220 467 2266 postremo
480 2212 609 2263 ipsum
620 2207 815 2248 catholica:
828 2219 980 2244 οιοηιεη.

175 2278 235 2317 Sic
250 2278 374 2317 Patres
392 2308 403 2326 ‚
427 2278 536 2315 ceteri
562 2275 698 2327 quibus
718 2272 871 2324 perinde
901 2277 980 2310 erat

174 2358 365 2383 romanam
393 2356 437 2381 ac
461 2341 680 2380 catholicam
703 2338 900 2377 Ecclesiam
915 2350 981 2374 no-

175 2412 330 2450 minare.
356 2408 463 2458 Quod
485 2407 636 2445 uberius
661 2418 708 2444 ex
732 2403 895 2442 dicendis
919 2416 983 2453 op-

175 2482 337 2526 portuno
361 2473 443 2511 loco
458 2471 656 2510 constabit.

230 2538 282 2590 (Ι)
312 2537 392 2576 Hoc
412 2550 551 2575 novum
575 2548 652 2573 non
676 2541 727 2571 est
749 2546 760 2582 ;
797 2531 982 2583 siquidem

176 2605 355 2644 habemus
388 2617 432 2641 ex
461 2601 704 2640 remotissima
732 2599 952 2650 antiquitate
969 2627 979 2643 ‚

176 2671 280 2724 quod
310 2671 420 2708 etiam
450 2676 588 2706 veteres
619 2666 783 2704 haeretici
807 2672 841 2702 et
868 2664 983 2703 schis-

178 2737 305 2775 matici
323 2764 334 2783 ‚
363 2732 519 2787 perinde
542 2745 586 2770 ac
620 2731 779 2769 haeretici
809 2737 844 2768 et
872 2729 985 2768 schis-

179 2802 302 2840 matici
333 2799 446 2837 nostri
488 2798 662 2848 temporis
691 2823 704 2844 ,
737 2793 985 2833 affectaverint

178 2880 244 2919 pro
271 2867 345 2904 suis
377 2862 531 2903 coetibus
560 2860 750 2899 Ecclesioe
785 2858 985 2897 catholica.»

178 2931 534 2970 denominationem.
572 2924 625 2966 At
655 2926 788 2964 frustra
814 2932 893 2963 tum
925 2926 984 2963 isti

179 3006 257 3036 tum
278 2997 345 3036 illi.
373 2995 434 3035 Sic
461 2993 563 3033 enim
588 2991 626 3031 S.
654 2993 878 3044 Augustinus
903 2990 984 3029 illos

1059 1617 1248 1657 refellebat
1273 1631 1284 1655 ε
1325 1615 1419 1655 Una
1451 1622 1506 1653 est
1537 1613 1727 1653 catholica
1751 1643 1761 1661 ‚
1802 1613 1871 1650 cui.

1059 1681 1218 1720 hoereses
1255 1680 1342 1719 aliae
1376 1680 1528 1718 diversa
1550 1680 1710 1717 nomina
1742 1678 1867 1728 impo-

1058 1753 1160 1784 nunt
1177 1776 1188 1794 ,
1211 1759 1302 1784 cum
1322 1746 1417 1797 ipsae
1434 1744 1598 1796 sinqulae
1621 1744 1792 1795 propriis
1803 1754 1870 1780 no·-

1058 1812 1232 1849 mz'm'bus
1249 1842 1259 1859 ‚
1284 1824 1369 1862 quoe
1394 1823 1532 1861 ‘neqare
1564 1823 1643 1847 non
1665 1808 1834 1846 audeant
1856 1836 1867 1854 ,

1058 1876 1311 1929 appellentur.
1341 1875 1408 1913 Em
1424 1888 1495 1926 quo
1524 1873 1690 1925 intelliqi
1723 1873 1867 1919 datur,

1046 1941 1322 1994 judicantibus
1343 1940 1502 1978 arbitris
1515 1969 1525 1987 ‚
1552 1952 1645 1991 quos
1665 1937 1772 1976 nulla
1795 1938 1870 1975 im-

1053 2006 1164 2060 pedit
1186 2008 1315 2057 qratia
1331 2035 1341 2051 ,
1372 2008 1439 2042 cui
1459 2007 1511 2043 sit
1546 2003 1772 2043 catholicum
1803 2015 1870 2040 no-

1058 2085 1146 2110 men
1163 2102 1173 2119 ‚
1194 2072 1245 2109 ad
1256 2069 1357 2122 quod
1372 2082 1499 2107 omues
1510 2069 1649 2107 abiam
1664 2099 1674 2116 ‚
1696 2067 1870 2106 tribuen-

1058 2137 1150 2174 dum
1166 2137 1257 2187 (lib.
1274 2134 1332 2175 De
1342 2134 1457 2173 utilit.
1472 2133 1654 2172 credendi
1666 2162 1677 2182 ‚
1701 2146 1781 2183 cap.
1800 2144 1820 2183 7
1836 2129 1868 2182 ).

1059 2202 1107 2240 Et
1136 2202 1224 2240 alibi
1268 2215 1279 2240 ε
1314 2199 1498 2238 Tenenda
1531 2205 1585 2236 est
1616 2197 1727 2237 nobis
1764 2195 1869 2233 chri-

1059 2269 1189 2306 stiam
1212 2266 1359 2318 Reliqio
1372 2294 1382 2313 ‚
1409 2273 1444 2302 et
1467 2266 1549 2316 ejus
1564 2261 1750 2303 Ecclesiae
1768 2275 1870 2299 com-

1059 2333 1272 2371 municatio
1287 2362 1297 2379 ,
1326 2344 1411 2382 quoe
1432 2327 1619 2368 catholica
1640 2334 1695 2365 est
1714 2357 1724 2375 ‚
1753 2333 1790 2365 et
1810 2340 1869 2365 ea·

1060 2399 1198 2438 thelica
1219 2399 1466 2444 nominatur,
1490 2408 1569 2433 non
1593 2393 1714 2433 solum
1729 2407 1754 2432 a
1767 2393 1868 2439 suis,

1059 2478 1188 2504 verum
1224 2465 1341 2501 etiam
1372 2462 1420 2500 ab
1455 2460 1635 2500 omnihus
1676 2460 1867 2497 inimicis.

1065 2529 1202 2568 Velim
1227 2528 1353 2566 nolint
1378 2528 1502 2575 enim,
1529 2527 1608 2579 ipsi
1628 2512 1868 2577 quoque-hw-

1061 2596 1170 2634 retici
1195 2601 1230 2632 et
1242 2594 1492 2632 schismatum
1524 2591 1701 2638 alumni,
1716 2586 1868 2640 quando

1060 2675 1139 2699 non
1159 2674 1247 2699 cum
1265 2661 1347 2698 suis
1362 2686 1375 2707 ,
1402 2658 1468 2697 sed
1491 2671 1579 2696 cum
1600 2653 1791 2694 extraneis
1813 2651 1867 2690 lo·

1061 2733 1236 2779 quantur
1247 2755 1257 2774 ‚
1271 2723 1496 2764 catholicam
1514 2719 1617 2760 nihil
1627 2717 1737 2756 aliud
1751 2729 1869 2768 quam

1063 2791 1286 2831 catholicam
1309 2795 1471 2836 vocant‚·
1490 2799 1566 2824 non
1580 2785 1685 2822 enim
1704 2789 1869 2835 possum

1062 2857 1233 2909 intelliqi
1248 2886 1258 2905 ‚
1273 2856 1355 2894 nisi
1363 2854 1430 2893 hoo.
1444 2864 1528 2890 eam
1549 2850 1704 2887 nonaine
1726 2848 1867 2886 discer-

1063 2930 1160 2962 nam
1176 2953 1187 2972 ‚
1214 2935 1287 2974 quo
1315 2919 1363 2958 ab
1387 2919 1565 2956 universo
1602 2915 1690 2953 orbe
1716 2926 1867 2952 nuncu-

1059 2995 1178 3042 patur
1198 2987 1288 3038 (De
1307 2996 1394 3024 vera
1406 2981 1516 3033 reliq.
1546 2995 1626 3032 cap.
1659 2993 1680 3032 7
1700 2980 1728 3028 ).

2010 1603 2028 1615 ’Ἀ

2018 1685 2022 1694 ι

2021 1755 2025 1763 ,

2022 1809 2028 1828 ,ν’

2016 2059 2028 2124 i

2013 2559 2028 2604 ἀὖ
2014 2405 2028 2542 *edm-2³³
2020 2387 2028 2396 ι

2015 3031 2020 3043 *
1999 2808 2028 3022 affiifflassaesZ'J-vfsz
2022 2791 2026 2798 -
2019 2762 2023 2770 κ
2010 2727 2028 2752 „⁵
2014 2675 2028 2713 ³2⁴1
2012 2633 2024 2666 ³·-
2012 2613 2022 2618 ἕ
