2028 3354
433 216 560 245 PART.
599 214 630 243 l·
670 213 767 245 GAP.
809 212 877 242 111.
914 213 969 242 DE
1005 211 1220 242 ECCLESIAE
1254 211 1395 240 NO'HS.

1664 192 1752 238 111

75 350 155 380 seu
180 339 424 378 externam
450 344 547 375 esse
576 326 747 374 debere
765 361 778 386 ‚
809 340 913 391 quae
942 323 1196 373 coalescere
1227 322 1414 389 quidem
1440 331 1593 388 potest
1618 338 1673 370 ex
1699 321 1756 368 iis

77 406 323 465 omnibus⁷
353 404 431 470 qui
463 403 515 450 in
545 402 784 450 Christum
823 401 1049 461 credunt,
1082 391 1303 466 ‘quamvis
1337 399 1546 465 proprias
1585 393 1756 445 formas

76 482 272 548 quilibet
300 489 445 529 coetus
481 477 683 536 habeat3
725 496 818 543 quo
852 494 994 524 sensu
1024 476 1240 524 omnibus
1273 492 1459 541 prorsus
1493 474 1627 522 sectis
1660 492 1759 521 non

76 558 213 607 modo
243 574 450 605 seorsum
468 592 488 615 ‚y
508 555 591 603 sed
611 554 748 602 simul
781 554 924 601 etiam
950 553 1149 617 sumptis
1182 552 1337 598 unitas
1369 550 1639 600 conveniret
1668 550 1756 614 (l).

74 636 204 697 Ergo,

143 710 251 756 190.
290 710 427 773 Resp.
449 708 518 754 Ad
540 709 602 753 1¹1²
618 741 631 768 ⁷
650 705 769 769 Ney.
795 705 912 750 Cum
932 703 1060 749 enim
1084 719 1140 749 ex
1161 701 1294 748 dictis
1317 701 1471 748 unitas
1492 719 1589 749 non
1611 701 1765 749 solum

75 787 401 841 materialem,
425 792 478 829 ut
501 784 564 830 ita
592 782 742 829 dicam
757 814 771 839 ‚
802 778 1181 825 communionem
1199 795 1281 824 seu
1304 778 1636 843 professionem
1656 778 1764 826 fidei

74 862 124 908 in
143 879 223 908 sua
247 860 440 907 notione
460 857 692 913 includat,
717 871 882 901 verum
905 855 1046 901 etiam
1063 855 1339 916 formalem,
1356 871 1461 919 quae
1485 855 1691 916 exsurgit
1708 871 1763 902 ex

75 936 305 1002 principio
336 932 621 981 auctoritatis
652 928 802 978 veluti
827 929 980 977 medio
1003 931 1139 977 unice
1168 929 1337 978 idoneo
1368 930 1428 977 ad
1451 947 1554 978 eam
1578 930 1767 994 gignen-

77 1012 186 1059 dam
210 1021 258 1058 et
277 1006 640 1057 conservandam
660 1042 672 1066 ,
701 1005 869 1071 liquet,
890 1007 938 1053 in
964 1005 1061 1054 sola
1076 1006 1155 1054 illa
1171 1007 1387 1055 societate
1407 1007 1528 1055 hanc
1547 1006 1766 1072 reperiri,

78 1104 178 1152 quae
200 1086 412 1150 legitimae
443 1083 706 1130 auctoritati
732 1100 758 1129 a
785 1082 969 1130 Christo
991 1083 1215 1131 institutae
1242 1084 1293 1130 in
1321 1083 1447 1132 hunc
1476 1084 1620 1131 finem
1652 1083 1768 1131 sub-

74 1164 245 1225 Jicitur.
274 1161 370 1207 Hac
392 1168 548 1207 autem
574 1158 806 1207 destitutae
834 1168 946 1206 sunt
969 1176 1133 1209 omnes
1156 1169 1307 1208 sectae.

78 1354 247 1387 servaret.
271 1346 444 1386 Eminent
467 1349 506 1384 in
533 1346 601 1384 hac
623 1346 747 1385 schola
776 1344 886 1385 Joan.

78 1413 261 1452 Henricus
276 1411 455 1451 Newman
472 1442 482 1458 ‚
497 1412 539 1449 E.
554 1412 599 1451 B.
623 1411 738 1464 Pusey
755 1442 764 1459 ‚
781 1410 891 1451 Guil‘-

79 1479 209 1518 lelmus
231 1478 401 1526 Palmer,
428 1478 566 1525 Kame,
601 1486 671 1517 etc.
699 1477 805 1516 Inter
829 1492 890 1517 eos

81 1544 224 1583 Palmer
250 1544 415 1583 doctrina
441 1558 483 1582 ae
504 1543 757 1583 moderamime
779 1551 890 1582 c-aete-

82 1611 129 1649 ris
148 1618 319 1662 praestare
338 1609 446 1647 nobis
477 1610 575 1647 visus
598 1617 650 1648 est
671 1621 683 1659 ς
706 1609 892 1661 siquidem

82 1688 126 1714 ex
146 1674 299 1727 reliquis
328 1674 475 1726 plurem,
497 1677 573 1713 sive
594 1675 694 1727 quod
723 1675 891 1712 nondum

79 1745 193 1793 reipsa
208 1742 331 1780 odium
348 1743 528 1790 exuerint,
549 1755 623 1792 quo
641 1739 812 1779 adversus
823 1740 893 1779 Ec-

78 1807 227 1846 clesiam
248 1806 466 1845 catholicam
482 1835 492 1852 ,
509 1820 643 1857 nempe
656 1805 861 1845 Romanam
879 1834 891 1857 ‚

80 1872 319 1919 ferebantur,
345 1873 419 1911 sive
453 1872 553 1924 quod
583 1871 756 1911 affectent
779 1886 817 1910 se
849 1872 893 1910 li-

81 1937 209 1978 berare
244 1937 291 1976 ab
332 1938 417 1986 illo,
446 1937 545 1990 quod
584 1936 674 1989 ipsis
705 1935 892 1989 objectum

83 2012 161 2052 est,
186 2003 314 2055 adagio
344 2017 355 2042 :
389 2003 604 2042 Tendimus
636 2005 682 2041 in
706 2003 891 2052 Latium,

83 2070 230 2109 nullum
248 2082 408 2122 persaepe
424 2070 575 2108 modum
595 2078 741 2109 servant
760 2071 799 2108 in
821 2070 892 2109 Ec-

85 2134 192 2174 clesia
229 2149 382 2174 romana
419 2136 616 2174 calumniis
650 2143 685 2174 et
719 2137 893 2173 conviciis

86 2201 366 2251 proscindenda.
406 2200 518 2239 Prout
552 2215 638 2240 vero
683 2203 893 2253 contingere

90 2266 180 2306 solet
196 2269 255 2316 iis,
270 2271 333 2321 qui
352 2270 448 2306 viam
470 2267 628 2307 mediam
640 2268 806 2305 insistere
825 2279 891 2306 vo-

88 2332 170 2370 lunt
188 2342 224 2371 et
244 2342 339 2373 certa
359 2333 485 2385 regula
509 2340 635 2372 carent
654 2359 669 2381 ,
694 2346 788 2371 nova
812 2333 894 2372 haee

88 2395 216 2437 schola
229 2399 346 2449 plures
361 2402 401 2438 in
419 2402 495 2452 ipsa
518 2398 720 2451 Anglicana
742 2398 893 2437 ecclesia

89 2471 195 2502 nacta
224 2471 278 2501 est
312 2464 535 2504 adversarios
551 2494 560 2512 ‚
586 2472 699 2517 atque
725 2472 893 2517 praeterea

92 2543 217 2568 secum
235 2530 311 2581 ipsa
335 2528 452 2567 divisa
467 2538 542 2577 est,
565 2538 606 2568 ut
624 2531 698 2568 suis
720 2530 807 2568 locis
827 2543 893 2568 ex-

92 2595 312 2647 pendemus.
351 2594 579 2647 Quapropter
614 2596 678 2634 diu
717 2597 757 2633 in
801 2609 894 2648 prae-

91 2661 185 2699 senti
203 2667 298 2699 statu
320 2662 515 2699 consistere
536 2673 611 2699 non
638 2662 766 2712 poterit
786 2673 798 2711 3
830 2668 896 2700 aut

94 2726 217 2774 enim,
239 2725 341 2779 quod
374 2738 605 2777 summopere
633 2734 825 2777 optamus,
849 2725 896 2765 ad

91 2804 219 2830 verum
252 2790 544 2829 catholicismum
583 2790 802 2842 perveniet,
832 2798 897 2830 aut

91 2863 191 2894 certo
215 2857 254 2894 in
280 2858 479 2909 pristinum
499 2857 836 2908 protestantismum
854 2869 897 2896 ac

91 2920 186 2960 ultra
200 2923 536 2973 protestantismum
573 2922 772 2962 relabetur.
799 2921 895 2961 Cum

90 2986 236 3025 interim
255 2985 354 3026 haud
377 2989 485 3039 pauci
498 2986 546 3027 ab
566 2987 639 3026 hoe,
660 3015 673 3038 ‚
697 3001 808 3041 quem
825 2987 895 3028 sibi

954 1347 1124 1385 tribuunt
1147 1375 1159 1394 ‚
1204 1346 1344 1386 larvato
1390 1346 1642 1387 catholicismo
1681 1348 1770 1388 deti-

955 1420 1112 1451 neantur
1142 1414 1182 1451 in
1215 1415 1359 1464 propria
1387 1422 1480 1452 secta
1499 1442 1509 1461 ‚
1541 1427 1610 1453 nec
1639 1428 1765 1453 veram

956 1478 1174 1516 catholicam
1208 1479 1323 1518 fidem
1368 1479 1604 1530 profiteantur
1632 1508 1644 1527 ‚
1681 1480 1765 1518 ideo

957 1544 1122 1594 cogimur
1154 1545 1309 1582 istorum
1338 1545 1527 1586 doctorum
1552 1545 1682 1597 placita
1709 1558 1767 1585 re·-

958 1608 1098 1648 fellere.

1010 1674 1065 1726 (1)
1095 1674 1152 1713 Ita
1184 1671 1469 1726 Wegscheider‚
1510 1676 1573 1728 qui
1603 1674 1624 1728 §
1653 1673 1728 1714 186
1752 1707 1763 1725 ,

958 1739 1035 1777 haec
1072 1740 1197 1778 scribit
1235 1754 1246 1778 ε
1283 1739 1414 1792 Neque
1439 1748 1568 1779 tamen
1604 1741 1763 1794 impedit

958 1808 1032 1845 ista
1054 1807 1300 1846 ecelesiarum
1327 1807 1535 1860 pluralitas
1567 1815 1679 1861 atque
1701 1809 1764 1846 di-

957 1875 1116 1912 versitas
1140 1904 1150 1922 ‚
1181 1887 1254 1925 quo
1279 1875 1410 1912 minus
1437 1875 1536 1912 iuter
1563 1888 1602 1912 se
1633 1888 1766 1914 conve-

958 1941 1094 1989 niant,
1129 1946 1172 1977 ut
1203 1952 1331 1978 omnes
1363 1952 1487 1978 unum
1520 1940 1767 1992 eumdemque

955 2006 1206 2057 profiteantur
1246 2011 1356 2056 atque
1404 2005 1532 2044 colant
1567 2006 1766 2058 reliqionis

958 2076 1149 2108 auctorem
1188 2071 1322 2108 Jeeum
1368 2070 1616 2111 Christum-n
1654 2073 1766 2123 Qua-

953 2142 1110 2187 propter
1131 2149 1364 2188 summopere
1388 2137 1597 2189 optandum
1619 2144 1672 2175 est
1686 2165 1697 2184 ,
1719 2145 1762 2176 ut

958 2213 1038 2238 uon
1062 2207 1138 2238 tam
1161 2201 1206 2238 de
1220 2201 1446 2239 adunandis
1459 2200 1518 2240 vel
1527 2201 1766 2253 confunden-

957 2265 1019 2303 dis
1039 2265 1209 2304 eeclesiis
1225 2269 1347 2319 ‚quoe
1369 2267 1555 2306 doctrinm
1578 2265 1769 2319 formulas

958 2330 1164 2382 defendunt
1181 2332 1299 2384 plane
1320 2332 1400 2370 sibi
1423 2333 1636 2384 oppositas,
1653 2345 1768 2385 quam

958 2396 1003 2434 de
1029 2397 1171 2436 morali
1197 2397 1365 2450 quadam
1400 2400 1648 2437 consensione
1669 2400 1770 2437 inter

959 2463 1128 2515 sinqulos
1165 2464 1305 2502 harum
1333 2463 1580 2504 ecclesiarum
1621 2463 1769 2502 sodales

959 2528 1156 2579 efficienda
1183 2537 1219 2568 et
1242 2529 1505 2583 confirmanda
1535 2529 1664 2568 sedulo
1679 2532 1769 2582 jam

960 2595 1165 2645 coquetur,
1191 2603 1233 2634 ut
1250 2626 1260 2643 ‚
1284 2597 1510 2648 quicumque
1529 2594 1678 2634 Christo
1700 2609 1769 2634 no-

961 2673 1048 2698 men
1060 2660 1233 2700 dederint
1248 2692 1259 2709 ‚
1272 2663 1529 2714 quamtumvis
1554 2663 1769 2714 ceteroquin

962 2725 1107 2764 diversi
1121 2757 1131 2775 ‚
1146 2728 1358 2767 coneordioe
1381 2731 1510 2767 t'ameu
1528 2735 1670 2767 mutuoe
1687 2735 1768 2766 stu-

998 2792 1004 2799 ·
1055 2792 1063 2800 a
1110 2793 1118 2801 ο
1166 2794 1172 2801 ι

961 2856 1128 2896 doctrina
1167 2857 1295 2911 allegat
1330 2856 1510 2906 Steudel,
1542 2858 1698 2911 Koppen
1734 2864 1770 2897 et

962 2921 1074 2962 Bohr.
