2028 3354
172 183 228 229 10
643 202 795 232 macr.
834 202 887 231 nn
914 203 1040 234 vLocis
1076 206 1378 239 rnaorocicts.

169 312 255 360 sibi
285 314 534 377 persuadet
558 314 768 375 colligere
789 330 922 377 posse
943 318 1169 381 originem
1192 329 1238 367 et
1261 329 1434 369 statum
1458 324 1668 371 Ecclesiae
1686 328 1853 390 primi—

169 390 325 452 geniae.
367 390 550 437 Etenim
583 388 635 432 20
665 393 945 446 reactzbnes,
977 402 1029 438 ut
1066 395 1262 452 'vocant'
1294 414 1395 462 quae
1423 398 1558 462 longa
1594 401 1851 448 seculorum

169 466 283 512 serie
315 465 448 511 factae
484 471 592 509 sunt
631 464 854 513 adversus
895 467 1144 515 Ecclesiam
1180 470 1502 521 dominantem
1538 492 1620 523 seu
1661 476 1856 523 catholi—

167 540 360 586 cismum
379 575 391 597 ‚
419 556 604 599 omnim,
639 539 765 587 nulla
797 559 984 606 prorsus
1015 544 1207 608 dempta
1224 581 1236 603 7
1263 549 1360 595 sive
1379 550 1532 613 quoad
1562 551 1821 599 doctrinam
1841 589 1852 611 Ἰ

168 619 265 665 sive
290 616 443 681 quoad
467 616 703 665 internam
727 619 1104 666 constitutionem
1124 657 1136 680 .,
1168 620 1374 671 Ecclesiae
1395 626 1643 689 primitivae
1665 629 1855 674 nomine
1897 670 1904 677 .

165 691 467 757 prodierunt,
504 710 583 740 seu
612 702 665 740 ut
694 704 967 741 revocarent
994 695 1239 743 Ecclesiam
1268 699 1327 743 ad
1359 701 1603 764 pristinam
1631 703 1851 766 originem

163 777 210 814 et
239 776 412 815 statum
440 785 576 814 suum
609 768 780 833 (1).30
817 771 928 827 Quis
956 788 1097 835 porro
1128 772 1275 837 probe
1307 774 1661 837 dijudicaverit,
1695 788 1854 825 utrum

164 844 358 891 Ecclesia
384 844 606 892 catholica
647 845 893 893 desciverit
926 864 950 893 a
985 848 1207 911 primaeva
1242 850 1418 913 origine
1448 869 1532 915 per
1577 855 1855 901 successivas

162 919 357 983 phasesq
399 937 511 985 quas
546 923 761 984 adjuncta
783 922 1036 969 materialia
1063 941 1220 971 rerum
1257 925 1572 986 induxerunt,
1603 946 1662 974 an
1698 940 1856 976 contra

163 996 372 1044 Ecclesiae
397 997 700 1062 particulares
716 1036 728 1058 ᾖ
750 1015 851 1063 quae
874 1008 1212 1063 protestantur,
1233 1019 1280 1048 se
1301 1003 1435 1049 unice
1460 1002 1687 1065 legitimas
1707 1006 1857 1053 liaere—

166 1071 246 1120 des
273 1090 371 1121 esse
394 1076 624 1121 societatis
643 1093 667 1121 a
688 1075 874 1121 Christo
901 1076 1161 1124 institutae?
1184 1077 1238 1124 4⁰
1259 1078 1377 1125 Sane
1396 1079 1589 1127 Ecclesia
1620 1098 1714 1126 non
1734 1081 1858 1128 illico

164 1150 372 1214 perfecta
402 1160 537 1199 enata
565 1160 665 1210 est3
700 1152 782 1199 sed
809 1160 903 1198 tres
926 1152 1156 1200 distinctae
1184 1158 1281 1215 ejus
1304 1154 1469 1219 phases
1493 1166 1856 1215 enumerantur„

166 1242 365 1291 quarum
380 1227 531 1292 prima
546 1245 593 1274 se
608 1246 632 1274 a
651 1227 833 1275 Christo
852 1229 879 1273 J
883 1245 962 1275 esu
985 1229 1224 1293 protendit
1242 1234 1433 1296 ejusque
1456 1231 1681 1297 discipulo
1703 1235 1855 1292 Petro,

169 1302 217 1349 in
243 1321 332 1368 qua
358 1304 550 1351 societas
583 1304 871 1366 Christiana,
901 1322 981 1352 seu
1010 1306 1161 1370 potius
1190 1306 1346 1352 schola
1369 1307 1553 1368 judaica
1581 1307 1654 1355 vix
1676 1325 1699 1353 a
1720 1326 1858 1371 syna—

166 1397 277 1443 goga
303 1380 711 1427 discriminabatur
727 1418 740 1439 ‚
763 1399 1018 1446 omnesque
1032 1383 1147 1428 ritus
1165 1381 1333 1444 legales
1353 1382 1502 1429 adhuc
1520 1383 1827 1431 servabantur
1845 1405 1856 1437 ς

165 1455 309 1503 altera
330 1474 356 1502 a
379 1456 521 1504 Paulo
549 1457 692 1522 coepit
707 1493 720 1517 ‚
746 1474 830 1521 per
852 1474 991 1521 quem
1018 1456 1186 1504 abolita
1214 1457 1289 1505 lex
1311 1458 1489 1505 ritualis
1514 1469 1584 1506 est
1604 1496 1616 1519 7
1641 1476 1693 1506 ac
1715 1459 1858 1507 veluti

167 1531 404 1580 divisionis
438 1550 598 1579 murus
628 1542 806 1579 erectus
827 1534 950 1579 inter
974 1542 1226 1597 utrumque
1257 1533 1483 1598 populum
1504 1570 1516 1592 ,
1548 1534 1784 1597 judaicum
1814 1544 1862 1582 et

171 1610 492 1670 christianum‚
511 1620 617 1675 post
641 1627 765 1657 acres
784 1627 961 1675 pugnas
975 1645 987 1667 ‚
1010 1608 1179 1673 quibus
1198 1608 1452 1657 decertavit
1465 1626 1570 1657 cum
1589 1609 1861 1657 Christianis

169 1688 330 1753 primae
350 1686 547 1753 phaseos
576 1696 623 1733 et
656 1703 759 1733 cum
781 1688 917 1732 Petro
934 1686 1062 1750 ipso3
1086 1685 1220 1732 tertia
1239 1703 1262 1731 a
1286 1687 1315 1732 J
1318 1703 1469 1732 oanne
1490 1696 1561 1733 est
1584 1687 1831 1732 constituta
1848 1721 1860 1744 7

171 1764 266 1830 qui,
286 1772 447 1828 utpote
464 1762 749 1827 theosophus
763 1798 775 1822 ‚
789 1762 1068 1827 principium
1083 1760 1259 1809 evolvit
1270 1761 1543 1824 mysticismi
1561 1797 1573 1820 7
1592 1762 1861 1825 invexitque

170 1841 478 1888 mutationem
508 1840 778 1904 systematis
824 1856 1012 1886 suorum
1052 1837 1439 1903 praedecessorum
1461 1875 1473 1897 ,
1511 1846 1559 1885 et
1597 1839 1860 1886 insinuavit

173 1917 382 1965 Ecclesiae
400 1952 412 1975 z
442 1926 496 1963 ut
527 1933 614 1981 ope
652 1932 785 1963 novae
811 1914 1207 1979 interpretationis
1230 1923 1411 1960 erueret
1429 1931 1485 1961 ex
1504 1914 1688 1979 scriptis
1715 1915 1862 1962 Evan-

173 1993 440 2059 gelistarum
468 2002 515 2040 et
540 1992 862 2056 Apostolorum
880 1991 1078 2038 formam
1106 1991 1314 2055 positivae
1332 1990 1693 2049 dominationis,
1728 1990 1863 2055 spiri-

175 2079 277 2118 tum
303 2069 459 2133 rigidae
487 2068 695 2134 politices
729 2076 775 2115 et
806 2067 1022 2115 ardorem
1048 2066 1324 2114 insatiabilis
1358 2066 1640 2113 ambitionis.
1676 2066 1795 2113 Hinc
1816 2067 1864 2112 in

178 2147 326 2211 prima
349 2146 541 2212 periodo
573 2145 680 2196 idea
708 2143 960 2208 symbolica
982 2143 1151 2191 Christi
1177 2144 1288 2190 Jesu
1308 2141 1538 2190 referebat
1550 2143 1863 2205 personz'fi'ca-

176 2228 349 2269 tionem
373 2221 569 2285 judaicae
593 2221 773 2285 gentis,
797 2221 847 2266 in
875 2220 1020 2267 altera
1051 2218 1212 2267 retulit
1231 2219 1704 2282 personificationem
1722 2218 1863 2264 totius

176 2297 369 2345 humani
401 2298 580 2362 generis
599 2334 611 2357 7
643 2297 693 2343 in
723 2305 955 2362 postrema
979 2296 1440 2359 persomflcationem
1463 2295 1603 2342 totius
1629 2295 1832 2342 un·1v·ersi
1851 2331 1863 2351 7

178 2375 405 2438 quatenus
425 2374 583 2421 omnia
603 2390 687 2438 per
708 2372 947 2420 Christum
965 2380 1209 2436 coeperunt
1228 2406 1241 2429 a
1266 2380 1313 2418 et
1336 2371 1385 2417 in
1410 2374 1508 2434 ejus
1534 2371 1762 2418 unitatem
1783 2387 1867 2435 per

179 2449 441 2512 generalem
464 2439 806 2497 restitutionem
847 2465 926 2495 seu
974 2454 1281 2496 ἀποκατάστασιν
1321 2446 1532 2495 desinere
1574 2445 1749 2494 debent
1759 2445 1866 2511 <2ss

236 2601 291 2652 (l)
319 2600 372 2639 Ita
392 2600 431 2640 J.
451 2600 649 2648 Salvad0r‚
677 2602 718 2637 in
745 2613 806 2651 op.
838 2602 898 2638 cui
929 2603 986 2638 tit.
1053 2612 1168 2637 sance
1192 2598 1238 2635 de
1262 2611 1331 2636 son
1352 2599 1618 2649 orqam'sation
1647 2596 1819 2636 semblait
1841 2597 1866 2633 ὰ

181 2665 452 2704 Jews-Christ
462 2673 497 2704 et
506 2679 548 2704 sa
560 2665 742 2714 doctrine,
754 2664 853 2704 Paris
867 2664 986 2714 1838,
1044 2665 1195 2717 jamais
1218 2662 1499 2711 inebranlablffi
1533 2677 1573 2702 se
1593 2669 1678 2700 sont
1697 2668 1780 2699 tous
1802 2674 1846 2698 ac

182 2732 264 2776 ubi,
293 2740 381 2770 tom.
409 2745 421 2769 ι
444 2760 456 2783 ‚
478 2744 564 2784 pag.
599 2744 612 2770 1
631 2761 642 2778 ‚
666 2732 820 2785 loquens
837 2733 883 2771 de
913 2734 986 2771 ori·
1064 2729 1223 2782 comptis
1241 2741 1294 2766 au
1313 2742 1401 2785 nom
1413 2728 1458 2766 de
1477 2715 1638 2780 l’E'qlise
1653 2727 1868 2780 primitive.

156 2828 160 2831 .
182 2798 267 2848 gine
296 2797 553 2836 christianismi
573 2826 584 2844 ‚
611 2797 736 2836 scribit
770 2812 781 2836 :
800 2797 874 2836 Les
887 2811 989 2837 com·
1110 2794 1160 2845 (2)
1191 2793 1252 2832 Sic
1275 2792 1376 2832 idem
1406 2802 1532 2832 auctor
1547 2822 1557 2839 ‚
1580 2794 1644 2845 qui
1671 2792 1748 2830 haec
1773 2792 1889 2830 evol—⁶

183 2863 343 2901 motione
377 2861 427 2900 les
454 2862 546 2914 plus
570 2862 748 2901 elendues
783 2862 876 2901 dont
906 2862 940 2901 il
971 2877 995 2901 a
1063 2862 1112 2899 vit
1136 2859 1209 2898 lib.
1233 2874 1260 2898 ιι
1284 2869 1320 2899 et
1342 2871 1417 2907 ιιι,
1456 2872 1514 2909 op.
1544 2859 1606 2896 cit.
1634 2858 1700 2897 cfr.
1725 2870 1870 2908 praeser—

187 2929 348 2966 reesemi
383 2926 435 2965 les
471 2929 572 2981 effets
588 2958 598 2976 ‚
639 2927 690 2966 les
709 2928 901 2966 achi-emes
929 2928 998 2979 qui
1063 2927 1129 2965 tim
1159 2934 1250 2981 tom.
1273 2939 1312 2973 ι,
1339 2938 1420 2976 pag.
1454 2920 1528 2973 154
1546 2931 1582 2962 et
1606 2937 1709 2975 seqq.

183 2989 278 3028 I’onc
306 2991 427 3030 divise
452 3005 533 3031 aux,
557 2985 716 3045 &poqueis
752 2993 805 3030 οιὶ
828 2992 865 3029 la.
884 2993 996 3044 puis-
