2028 3354
220 180 317 230 496

700 202 854 233 TRACT.
891 205 945 234 DE
980 201 1103 237 'Lotus
1136 208 1436 243 THEOLOGICIS·

218 317 474 376 DominUS,
509 315 720 366 Ecclesiae
758 318 975 368 videlicet
1004 320 1198 371 bonum.
1237 327 1386 384 Quare
1421 329 1458 376 si
1489 329 1697 379 Ecclesiae
1729 329 1906 381 bonum

219 392 269 440 id
289 401 535 457 exposcat
566 394 704 441 modo
724 397 995 459 angustioii,
1019 398 1159 446 modo
1185 402 1397 466 ampliori
1420 406 1691 454 auctoritate
1719 408 1788 454 uti
1819 426 1906 473 po—

221 468 332 515 terit
347 485 466 515 rom.
500 470 738 531 Pontifex
770 472 853 537 qui
880 472 1001 520 solus
1025 484 1248 539 praeterea
1270 477 1414 539 judex
1439 498 1534 530 esse
1555 491 1708 546 potest
1722 500 1903 544 eorum,

218 560 319 608 quae
352 562 436 609 pro
465 553 761 610 temporum
791 548 999 596 locorum
1021 567 1073 598 ac
1099 568 1404 617 personarum
1427 556 1681 618 adjunctis
1711 559 1761 605 in
1783 560 1906 606 casi-

215 618 304 667 bus
326 621 422 669 sive
449 623 740 685 generalibus
775 624 869 674 sive
896 625 1251 690 particularibus
1268 665 1280 688 7
1312 631 1571 695 praestanda
1594 633 1687 680 sint
1708 634 1769 681 ad
1789 638 1904 696 ejus-

218 696 327 745 dem
361 698 569 748 Ecclesiae
599 700 964 749 aedificationem.
992 703 1220 765 Quaelibet
1249 705 1337 755 alia
1368 708 1523 772 regula
1553 709 1791 759 arbitraria
1820 712 1906 760 erit

217 781 359 840 atque
391 791 446 822 ex
474 776 809 842 perduellionis
839 779 1007 843 spiritu
1035 781 1344 843 proficiscens.

922 920 1112 967 CAPUT
1146 921 1221 968 IV.

546 1054 603 1082 DE
635 1053 810 1085 ROMANI
843 1054 1087 1085 PONTIFICIS
1120 1055 1344 1087 PRIMATUS
1378 1059 1577 1091 DOTIBUS.

277 1163 390 1212 723.
431 1164 549 1212 Cum
575 1182 631 1211 ex
659 1165 738 1225 iis,
764 1182 869 1230 quae
893 1165 1119 1214 hactenus
1151 1167 1490 1233 disputavimus
1506 1208 1519 1232 ‚
1542 1183 1720 1221 constet
1737 1212 1749 1235 ‚
1781 1194 1899 1227 rom.

212 1241 487 1289 Pontificem
514 1241 696 1289 ratione
718 1242 946 1307 primatus
962 1278 975 1303 ‚
998 1260 1139 1308 quem
1165 1243 1390 1291 divinitus
1417 1244 1624 1307 obtinet,
1652 1260 1789 1315 caput
1807 1271 1907 1302 esse

211 1319 443 1368 universae
486 1316 724 1379 Ecclesiae
758 1319 1076 1384 consequitur,
1102 1319 1232 1368 dotes
1267 1338 1430 1369 omnes
1474 1339 1527 1370 ac
1556 1327 1903 1398 praerogativas,

213 1411 327 1459 quas
353 1393 561 1442 Ecclesiae
589 1354 961 1455 vindicavimus,
993 1396 1292 1445 eminentiori
1319 1398 1524 1462 quodam
1548 1400 1686 1447 modo
1714 1405 1908 1468 reperiri

212 1469 383 1519 debere
422 1471 472 1517 in
519 1489 639 1518 rom.
679 1470 926 1532 Pontifice‚
968 1482 1107 1536 prout
1140 1473 1189 1519 in
1227 1472 1434 1521 humano
1483 1475 1625 1522 etiam
1664 1475 1905 1527 individuo

211 1557 352 1613 caput
383 1547 681 1595 eminentiori
706 1548 884 1595 ratione
909 1548 959 1594 in
981 1565 1029 1595 se
1059 1550 1270 1597 continet
1290 1587 1301 1606 ,
1339 1551 1568 1616 quidquid
1599 1553 1648 1598 in
1685 1553 1906 1602 membris

210 1623 496 1671 excellentiae
533 1626 791 1672 invenitur.
828 1623 1038 1670 Vidimus
1062 1643 1232 1690 porro,
1265 1626 1379 1673 duas
1417 1627 1651 1692 praecipue
1688 1629 1818 1677 dotes
1854 1631 1907 1680 in

209 1700 409 1748 Ecclesia
445 1702 653 1748 eminere
680 1738 692 1761 .,
735 1703 1138 1764 infallibilitatem
1172 1703 1220 1749 in
1253 1703 1462 1751 docendo
1498 1712 1905 1754 etauctoritatem

210 1775 262 1823 in
289 1776 520 1841 regendo3
576 1787 862 1843 quapropter
902 1788 949 1827 et
988 1778 1070 1825 has
1105 1780 1156 1826 in
1195 1797 1313 1827 rom.
1351 1781 1572 1828 Pontifice
1605 1798 1902 1844 agnoscamus

209 1869 400 1901 necesse
425 1862 495 1900 est
518 1852 607 1918 (1).
639 1855 756 1900 Cum
782 1871 889 1902 vero
914 1855 971 1902 de
994 1855 1239 1927 posteriori
1266 1856 1353 1903 hac
1382 1855 1489 1903 dote
1513 1857 1620 1903 satis
1644 1865 1824 1904 constet
1846 1875 1905 1905 ex

210 1928 264 1975 iis
282 1964 295 1988 ,
322 1946 426 1994 quae
443 1929 671 1994 superiori
696 1930 847 1995 capite
868 1932 1110 1996 potissime
1140 1930 1500 1996 disceptavimus
1521 1930 1575 1994 (2
1578 1929 1617 1995 ),
1642 1949 1702 1980 ne
1721 1931 1902 1997 longius

266 2082 319 2133 (1)
350 2081 458 2134 Quod
491 2084 589 2121 enim
634 2091 753 2135 specta
789 2083 834 2121 ad
874 2083 1021 2133 indese-

207 2148 448 2187 nubilitatem
464 2179 474 2197 ‚
492 2163 575 2203 quae
600 2149 710 2189 altera
737 2158 790 2190 est
811 2164 853 2189 ex
877 2151 993 2189 tribus
1010 2181 1020 2199 ‚

209 2229 300 2267 quas
315 2218 632 2261 enumeravimus,
645 2215 813 2256 Ecclesiae
839 2217 989 2255 dotibus
1008 2247 1019 2265 ‚

206 2280 332 2319 locum
357 2280 418 2319 hie
440 2295 517 2320 non
541 2281 676 2329 habet,
706 2283 776 2320 nisi
805 2282 929 2321 forsan
964 2296 1022 2321 se-

207 2347 301 2385 riem
328 2348 444 2398 ipsam
467 2361 562 2386 rom.
588 2346 808 2386 Pontificum
839 2349 1016 2400 excipias3

208 2419 266 2449 ast
284 2412 352 2450 sub
377 2412 448 2450 hoc
464 2421 628 2464 respectu
641 2442 651 2461 ,
668 2427 754 2451 cum
772 2413 1020 2454 identificetur

209 2489 296 2514 cum
309 2477 468 2515 Ecclesia
482 2480 574 2530 ipsa,
594 2480 702 2530 cujus
721 2492 804 2530 pars
819 2478 1019 2517 essentialis

208 2549 245 2580 et
264 2544 499 2581 constitutiva
521 2551 594 2591 est,
616 2544 788 2597 ideojam
804 2546 844 2581 in
864 2552 942 2582 tuto
964 2552 1019 2582 est

209 2609 341 2659 posita.

264 2672 317 2723 (2)
327 2673 399 2712 Ubi
408 2674 547 2723 egimus
557 2673 602 2711 de
612 2682 740 2712 natura
749 2681 784 2712 et
794 2674 940 2726 juribus
948 2676 1020 2726 pri-

208 2746 345 2786 matus‚·
363 2752 405 2777 ex
422 2753 494 2791 quo
511 2742 762 2792 consequitur,
774 2739 911 2791 pollere
922 2753 1018 2779 rom.

207 2802 425 2842 Pontificem
465 2812 640 2855 potestate
676 2818 844 2857 suprema
878 2805 1020 2844 ferendi

208 2867 309 2922 leges
333 2869 582 2920 disciplinares
595 2898 608 2918 ‚
633 2869 775 2924 aliaque
794 2871 991 2922 praestandi
1006 2900 1017 2919 ,

209 2946 295 2987 quae
317 2934 363 2972 ad
386 2932 527 2972 bonum
540 2934 709 2974 Ecclesiae
722 2935 919 2975 conferunt
932 2938 1019 2975 uni-

210 3007 398 3056 tatemque
425 3001 507 3053 ejus
526 3001 759 3043 servandam.
773 3000 945 3042 Ceterum
958 3002 1027 3042 cfr·

1095 2098 1175 2137 quae
1195 2083 1265 2122 hac
1290 2084 1336 2122 de
1356 2098 1394 2122 re
1414 2084 1530 2123 habet
1550 2084 1737 2131 Zaccaria‚
1763 2086 1803 2121 in
1814 2084 1900 2123 Λη-

1096 2149 1320 2202 tisebrom‘o,
1337 2158 1430 2189 tom.
1451 2164 1501 2199 ιι,
1522 2150 1665 2190 dissert.
1686 2151 1736 2200 11',
1754 2163 1835 2201 cap.
1850 2148 1900 2200 8,

1093 2224 1128 2254 et
1159 2223 1249 2254 tom.
1282 2230 1322 2254 1¹1
1340 2245 1350 2264 ,
1388 2215 1455 2255 lib.
1486 2230 1539 2263 11,
1571 2229 1653 2267 cap.
1691 2229 1705 2253 1
1736 2222 1772 2254 et
1796 2230 1902 2270 seqq.

1091 2294 1161 2320 nec
1196 2295 1272 2319 non
1294 2274 1353 2320 Ci.
1386 2281 1422 2320 J.
1454 2281 1617 2332 [gnatius
1638 2280 1814 2330 Moreno,
1843 2297 1901 2321 ar-

1089 2346 1330 2385 chidiaconus
1351 2346 1521 2385 Ecclesiae
1546 2348 1740 2398 metropol.
1757 2347 1900 2386 Limnae

1088 2414 1128 2450 in
1149 2411 1304 2450 Peruvia
1319 2442 1329 2459 ,
1354 2412 1393 2449 in
1408 2414 1550 2464 egregio
1572 2426 1633 2463 op.
1657 2415 1716 2451 cui
1732 2414 1791 2451 tit.
1814 2412 1903 2451 En-

1087 2491 1178 2531 sayo
1202 2478 1307 2517 sobre
1332 2477 1370 2516 la
1400 2480 1644 2531 supremaoia
1671 2478 1733 2517 del
1759 2479 1872 2533 Papa
1889 2509 1900 2528 ,

1089 2544 1175 2583 trib.
1199 2545 1276 2583 vol.
1301 2547 1341 2582 in
1362 2542 1387 2582 8
1401 2574 1413 2592 ‚
1438 2545 1538 2597 quod
1553 2547 1719 2596 primum
1734 2546 1774 2583 in
1787 2543 1903 2584 Ame-

1087 2612 1177 2657 rica,
1189 2609 1461 2649 deindeMatriti
1472 2624 1643 2649 recusum
1654 2619 1706 2649 est
1714 2625 1773 2651 an.
1781 2607 1900 2648 1838-

1094 2672 1221 2725 1840,
1264 2678 1461 2728 praesertim
1486 2675 1561 2714 vol.
1591 2690 1630 2724 ι,
1666 2677 1730 2714 ubi
1757 2675 1802 2713 de
1831 2674 1900 2713 hac

1088 2741 1289 2793 legislativa
1329 2756 1425 2781 rom.
1464 2741 1652 2781 Pontificis
1691 2741 1900 2779 auctoritate

1090 2805 1171 2843 fuse
1194 2808 1294 2857 agit;
1321 2816 1431 2859 atque
1459 2809 1498 2845 in
1536 2806 1615 2845 aliis
1651 2805 1901 2844 voluminibus

1088 2871 1194 2922 plura
1213 2874 1325 2918 exiis,
1341 2887 1422 2925 quae
1438 2874 1556 2924 capite
1568 2872 1744 2922 superiori
1760 2872 1900 2922 egimus

1088 2937 1260 2976 adversus
1272 2940 1491 2984 neotericos,
1504 2935 1619 2975 solide
1634 2944 1669 2975 et
1677 2950 1759 2975 vere
1770 2937 1897 2975 catho-

1093 3002 1165 3043 lico
1183 3017 1292 3045 sensu
1310 3004 1463 3045 adstruit
1484 3004 1703 3057 copioseque
1718 3003 1895 3044 defendit.
