2028 3354
221 168 283 216 98
514 227 516 229 v
701 182 857 212 macr.
893 183 946 211 nn
980 182 1099 212 Locls
1134 183 1431 214 mnoromms.

222 304 397 344 ceteros
414 331 428 355 ,
456 303 702 359 postquam
721 292 944 351 ostendit,
969 292 1212 341 Ecclesiam
1227 293 1398 360 ubique
1412 312 1509 343 esse
1529 294 1770 356 diffusam,
1792 296 1902 342 sub-

221 372 290 420 dit
310 389 321 418 :
344 371 610 418 Marcionis
626 375 786 413 autem
805 384 957 430 quum,
974 377 1123 415 totum
1137 371 1403 431 impleverit
1417 371 1656 418 mundum
1672 407 1687 426 ,
1710 388 1768 417 ne
1790 379 1906 418 tunc

221 447 416 510 quidem
440 461 485 490 se
504 442 748 505 defendere
765 444 942 505 poterit
963 442 1015 488 de
1044 447 1313 505 apostoliea.
1347 448 1477 494 Eam
1498 448 1628 492 enim
1648 454 1691 492 et
1713 449 1782 493 sie
1800 463 1907 493 eon·

221 523 367 569 stabit
384 537 499 575 esse,
520 536 627 581 quoe
641 521 787 581 prior
804 518 1044 565 mundum
1062 519 1282 580 replevit,
1300 522 1433 569 illius
1450 524 1624 569 scilieet
1637 523 1730 569 Dei
1742 523 1789 570 E
1792 539 1907 569 van·

216 598 363 661 9eli0‚
391 598 482 658 qui
510 603 556 641 et
580 594 677 641 Izoee
711 596 883 640 cecinit
906 594 963 640 de
984 594 1411 657 praediealionihus
1441 601 1541 658 ejus
1578 615 1593 644 .-
1628 600 1683 643 in
1723 614 1906 644 omnem

221 680 402 717 terram
419 672 537 716 exiit
554 686 696 716 sonus
715 686 878 715 eorum
892 704 905 729 ,
929 677 974 714 et
989 673 1044 715 in
1063 670 1289 734 terminos
1313 672 1440 717 orbis
1464 673 1607 719 verba
1628 690 1795 720 eorum
1818 673 1903 737 (l).

223 748 369 810 Negat
398 745 596 804 scilicet,
624 744 894 791 catholicam
926 761 1024 791 esse
1050 761 1184 809 posse
1219 746 1462 794 Marcionis
1489 756 1685 809 sectam,
1725 748 1907 796 etiamsi

224 838 310 886 per
340 821 611 867 universum
641 819 803 878 orbem
830 819 995 866 diffusa
1030 819 1195 879 fuerit,
1225 820 1331 884 quia
1355 839 1537 886 semper
1561 823 1649 869 erit
1680 823 1908 872 destituta

224 896 531 944 catholicitate
562 894 745 943 formali
771 912 827 944 ex
849 895 1032 943 defectu
1054 894 1307 943 identitatis
1333 897 1551 946 doctrinae
1569 934 1582 958 ‚
1619 899 1779 964 quovis
1805 899 1907 947 loco

226 981 274 1021 et
304 973 471 1037 quovis
501 982 729 1036 tempore.

294 1048 406 1094 166.«
455 1049 749 1112 Quapropter
787 1045 865 1092 illa
903 1045 998 1092 sola
1039 1045 1231 1093 Ecclesia
1269 1046 1389 1093 hanc
1426 1056 1585 1093 notam
1626 1047 1910 1112 possidebit,

226 1122 434 1187 adeoque
475 1122 563 1169 erit
598 1138 707 1169 vere
735 1120 957 1167 catholica
985 1129 1032 1168 et
1061 1132 1171 1169 vera
1203 1121 1398 1169 Ecclesia
1440 1122 1642 1182 Christi,
1678 1140 1779 1187 quae
1815 1141 1912 1171 non

226 1197 367 1245 modo
398 1195 625 1244 materiali
655 1213 821 1245 verum
842 1196 983 1243 etiam
1007 1195 1192 1243 formali
1220 1195 1528 1246 catholicitate
1553 1197 1721 1261 gaudet
1741 1214 1799 1245 ex
1831 1216 1911 1245 sua

227 1273 522 1320 institutione
544 1281 591 1319 et
611 1281 806 1331 natura;
837 1273 1010 1336 quaevis
1040 1281 1197 1319 autem
1226 1273 1415 1320 societas
1443 1282 1693 1338 utcumque
1715 1272 1880 1321 diffusa
1898 1310 1910 1334 ,
1942 1293 1945 1297 ’

230 1349 268 1397 si
299 1348 387 1395 hac
422 1347 641 1396 destituta
681 1348 768 1408 sit,
802 1364 955 1413 neque
989 1346 1158 1394 Christi
1202 1347 1396 1396 Ecclesia
1433 1349 1549 1409 erit,
1592 1349 1672 1397 sed
1710 1358 1831 1398 secta
1866 1357 1913 1397 et

229 1441 454 1488 synagoga
481 1425 663 1472 Satanae
692 1423 783 1486 (2).

696 1581 769 1624 DE
798 1581 944 1624 NOTA
972 1582 1459 1627 APOSTOLICITATIS.

300 1712 409 1759 167.
449 1713 583 1760 Circa
614 1712 938 1759 necessitatem
962 1712 1099 1774 hujus
1122 1722 1245 1760 notae
1273 1712 1332 1759 ad
1363 1716 1731 1777 cognoscendam
1762 1733 1917 1765 veram
1950 1742 1952 1745 v

226 1788 401 1835 Christi
428 1787 672 1834 Ecclesiam
703 1786 829 1833 nulla
859 1796 928 1835 est
955 1788 1290 1847 controversia;
1323 1807 1484 1837 omnes
1505 1791 1727 1851 fatentur,
1760 1810 1915 1840 veram

232 1863 475 1910 Ecclesiam
497 1862 669 1910 debere
687 1879 784 1909 esse
812 1862 1126 1928 apostolicam.
1159 1864 1366 1912 Christus
1386 1867 1513 1913 enim
1534 1868 1803 1916 missionem
1828 1869 1915 1918 de-

232 1938 301 1985 dit
328 1937 559 2002 Apostolis
594 1937 874 1985 instituendi
906 1955 984 1985 seu
1017 1938 1246 1985 fundandi
1278 1941 1495 1989 Ecclesias
1530 1961 1614 2008 per
1645 1945 1919 1993 universum

237 2012 469 2059 mundum
487 2049 499 2072 ‚
519 2012 607 2059 illis
623 2012 773 2061 verbis
800 2032 809 2059 :
838 2016 973 2060 Sicut
992 2017 1125 2061 misit
1140 2032 1213 2061 me
1232 2016 1397 2073 Pater,
1421 2027 1463 2063 ec
1482 2035 1559 2081 eqo
1579 2023 1711 2067 mitto
1730 2038 1805 2067 vos
1828 2020 1915 2084 (3).

234 2088 419 2135 Emztes
452 2089 601 2135 docete
626 2089 919 2152 baptizantes
948 2089 1046 2153 (4);
1073 2099 1120 2138 et
1151 2090 1391 2155 Apostolus
1415 2092 1696 2141 admonebat
1715 2130 1727 2154 ‚
1761 2094 1920 2142 fideles

235 2163 621 2227 superaedificatos
646 2180 742 2210 esse
774 2181 920 2226 super·
945 2166 1326 2227 fundamentum
1356 2168 1682 2231 Apostolorum
1717 2178 1761 2216 et
1791 2171 1920 2217 Pro-

231 2240 494 2303 phetarum
526 2239 615 2304 (5).
648 2239 848 2286 Joannes
879 2257 988 2286 vero
1013 2240 1155 2288 refert
1179 2258 1226 2288 se
1250 2241 1419 2291 vidisse
1446 2243 1678 2292 civitatem
1705 2246 1922 2294 Hierusa-

294 2414 347 2466 (1)
377 2416 466 2456 Loc.
490 2419 557 2456 cit.
1115 2417 1267 2456 Hosium
1294 2419 1333 2457 in
1363 2419 1610 2472 Confessione
1643 2423 1779 2463 cathol.
1801 2425 1921 2476 fidei,

293 2481 348 2531 (2)
378 2480 535 2522 Pulchre
566 2481 794 2534 Augustinus
816 2483 856 2520 in
889 2482 955 2521 lib.
979 2481 1043 2521 De
1113 2496 1194 2535 cap.
1209 2496 1252 2520 21
1273 2497 1283 2522 :
1303 2483 1492 2524 Catholici
1502 2487 1669 2526 dicimur
1684 2518 1694 2536 ‚
1710 2490 1891 2529 scribebat
1905 2520 1916 2539 ,

243 2546 439 2586 Pastor-ib.
457 2561 538 2600 cap.
559 2547 956 2597 8‚.docet‚,Ecclesiarn
969 2562 1045 2588 esse
1113 2548 1206 2599 quia
1235 2551 1422 2588 sentimus
1443 2551 1543 2590 idem
1556 2581 1567 2597 ‚
1591 2553 1692 2605 quod
1720 2558 1920 2592 universus

242 2612 382 2665 ubique
398 2640 409 2659 ,
426 2620 463 2651 et
482 2613 650 2652 haeresim
662 2611 813 2665 ubique.
835 2612 908 2652 Sed
919 2614 1045 2654 Eccle-
1114 2613 1297 2653 mundae.
1341 2617 1503 2668 Idipsum
1539 2619 1643 2659 docet
1691 2619 1733 2664 S,
1762 2618 1918 2672 Cyrillus

242 2680 340 2718 siam.
359 2690 435 2717 esse
461 2692 595 2720 mmmv
619 2684 655 2716 et
677 2678 846 2719 eamdem
875 2679 1014 2733 ubique
1031 2693 1044 2730 3
1116 2679 1362 2734 Hierosolym.
1378 2682 1663 2731 Catechixvm,
1679 2697 1718 2723 n.
1734 2684 1800 2732 23,
1827 2685 1916 2725 edit.

241 2744 394 2782 haereses
416 2750 539 2782 autem
560 2757 636 2782 non
650 2744 794 2783 easdem
811 2771 823 2794 ‚
848 2744 910 2783 sed
926 2745 1043 2785 diver·
1115 2745 1275 2785 Touttei.

243 2810 423 2856 sissimas,
457 2821 541 2861 quae
573 2823 612 2848 se
638 2810 795 2848 invicem
821 2823 898 2848 non
928 2824 1044 2850 nove·
1169 2812 1219 2864 (3)
1249 2814 1358 2854 Joan.
1380 2829 1449 2862 xx,
1473 2828 1538 2855 2⁷1.

243 2877 331 2912 runt
348 2902 359 2921 ,
389 2880 426 2911 et
461 2873 614 2924 proinde
645 2874 786 2913 nullam
821 2888 946 2913 earum
969 2889 1046 2915 esse
1169 2878 1226 2929 (4)
1256 2878 1388 2918 Matth.
1416 2879 1484 2926 ult,

242 2936 477 2977 catholicam.
489 2935 665 2988 Origenes
685 2952 771 2978 vero
788 2967 799 2986 ‚
818 2939 915 2991 apud
929 2938 1042 2980 card.
1170 2942 1236 2993 (ὅ)
1253 2942 1385 2995 Ephes.
1412 2957 1440 2982 n
1456 2972 1467 2992 ‚
1500 2955 1561 2982 20,
