2028 3354
473 211 596 242 mar.
636 212 669 241 1.
704 210 803 242 cn.
842 211 913 241 ιιι,
954 212 1008 240 1)ss
1042 209 1258 240 nccmsmz
1294 210 1438 240 norm.
1733 195 1828 245 197

127 327 199 374 nis
217 363 230 386 7
261 326 466 391 adeoque
492 324 712 390 temporis
747 332 899 372 tractu
925 323 1171 373 descivisse
1200 322 1259 371 ab
1290 327 1387 386 ejus
1417 324 1747 372 communione
1775 336 1822 373 et

127 402 464 450 schismaticam
507 402 731 460 evasisse3
781 400 986 448 inaudita
1028 401 1228 466 proinde
1272 401 1535 464 arrogantia
1581 410 1649 447 est
1684 402 1822 465 hujus

127 478 580 535 scliismaticicoetus
614 477 862 525 nationalis
911 477 1031 525 velle
1065 477 1153 523 sibi
1180 478 1383 524 ecclesiae
1414 477 1657 524 catholicae
1684 487 1822 544 atque

126 557 390 604 orthodooeoe
417 573 592 602 nomen
624 555 890 602 adsciscere.

189 632 299 679 306.
337 632 407 679 Ad
446 632 543 690 3¹1¹7
579 633 702 678 Dist.
737 632 942 694 Utraque
975 628 1171 676 Ecclesia
1205 637 1420 675 centrum
1455 628 1601 676 habet
1630 632 1823 679 unitatis

116 709 376 771 fictitium,
408 725 569 760 conca
600 706 819 764 formale,
852 704 987 769 quale
1024 704 1235 750 Christus
1266 704 1499 763 instituit,
1543 723 1649 769 neq.
1699 709 1819 755 Nam

123 784 300 831 etiamsi
347 784 542 831 Ecclesia
588 798 728 846 graeca
769 779 918 827 subsit
952 779 1230 845 patriarchae
1275 781 1785 846 constantinopolitano
1805 821 1818 843 7

121 876 227 906 cum
253 858 326 906 hic
346 877 394 906 se
418 858 701 924 separaverit
727 874 777 903 ac
798 854 1076 904 subduxerit
1095 855 1155 903 ab
1185 857 1460 905 auctoritate
1479 858 1677 905 Romani
1704 860 1823 906 Pon-

123 936 255 982 tificis
272 972 284 996 ‚
307 945 361 982 ut
383 953 431 983 se
459 943 671 981 centrum
694 942 741 981 et
764 933 1078 999 patriarcham
1112 935 1458 982 oecumenicum
1481 935 1785 983 constitueret
1807 973 1819 996 7

121 1028 264 1076 quare
293 1011 454 1059 eodem
481 1014 586 1072 jure
627 1027 724 1056 non
758 1019 983 1075 poterunt
1013 1027 1062 1057 se
1090 1009 1149 1056 ab
1179 1027 1233 1056 eo
1263 1027 1479 1076 separare
1508 1010 1569 1058 ad
1615 1028 1664 1058 se
1705 1028 1820 1059 con·

120 1088 378 1136 stituendos
405 1087 730 1152 autocephalos
752 1089 965 1154 Episcopi
984 1087 1190 1152 singuli?
1211 1089 1300 1135 Par
1330 1089 1457 1135 enim
1482 1089 1676 1136 omnino
1703 1090 1821 1137 ratio

121 1174 207 1213 est.
241 1166 304 1212 Ac
337 1165 486 1229 reipsa
514 1164 579 1211 ita
609 1164 780 1211 factum
811 1182 908 1213 esse
936 1165 1098 1231 paucis
1133 1163 1192 1211 ab
1229 1164 1337 1211 hinc
1361 1165 1498 1212 annis
1519 1202 1532 1225 ,
1563 1164 1732 1212 saltem
1764 1182 1822 1213 ex

120 1249 252 1306 parte
276 1240 490 1288 videmus
510 1239 596 1305 (1).
624 1240 759 1299 Quod
785 1259 895 1289 vero
919 1242 1088 1289 attinet
1108 1241 1167 1287 ad
1192 1242 1426 1305 synodum
1454 1251 1818 1306 permanentem

118 1318 534 1384 petropolitanam,
555 1318 735 1365 tamdiu
752 1317 889 1381 hujus
900 1317 1089 1367 durabit
1107 1318 1375 1378 auctoritas7
1396 1318 1623 1383 quamdiu
1637 1320 1821 1366 steterit

119 1395 345 1442 russicum
372 1395 507 1442 civile
539 1394 803 1459 imperium.
835 1395 970 1454 Quod
993 1395 1032 1442 si
1057 1394 1203 1441 semel
1228 1393 1316 1441 hoc
1346 1394 1712 1455 dissolveretur,
1742 1412 1820 1443 ac-

119 1479 222 1516 tum
252 1470 392 1535 plane
420 1470 510 1518 erit
537 1469 596 1517 de
624 1470 785 1517 fictitio
811 1469 1077 1533 hujusmodi
1113 1463 1289 1517 centro.
1327 1471 1488 1535 Itaque
1518 1470 1637 1517 illud
1666 1470 1819 1518 solum

119 1563 230 1594 vere
242 1555 456 1592 centrum
470 1554 557 1605 est7
578 1546 705 1610 quod
716 1554 786 1594 est
801 1546 1024 1595 divinitus
1040 1546 1326 1604 institutumg
1344 1554 1515 1605 cetera,
1536 1563 1639 1611 quae
1658 1556 1819 1594 centra

119 1639 216 1668 non
239 1632 351 1669 sunt
380 1623 469 1669 nisi
491 1623 541 1669 in
563 1622 749 1669 illorum
775 1623 1024 1688 opinione,
1053 1623 1133 1687 qui
1160 1622 1259 1670 haec
1289 1621 1377 1668 sibi
1401 1623 1675 1686 confingunt
1695 1659 1708 1682 .
1740 1632 1820 1669 ut-

118 1708 229 1764 pote
256 1700 544 1746 schismatica
572 1709 619 1746 et
646 1699 860 1747 haeretica
879 1736 891 1755 ,
919 1701 967 1746 in
991 1708 1217 1766 perpetua
1242 1698 1527 1747 oscillatione
1553 1709 1816 1748 versantur.

184 1774 296 1822 307.
331 1775 403 1824 Ad
431 1775 497 1822 lim
516 1811 529 1832 .,
553 1779 675 1822 Dz‘st.
706 1775 873 1822 Tribus
901 1776 1067 1823 saltem
1092 1775 1347 1823 haeresibus
1379 1774 1584 1841 demptis
1601 1813 1613 1835 ,
1649 1784 1819 1828 trans„-

79 1889 85 1896 .
118 1867 277 1911 secus,
322 1868 423 1916 περ.
467 1850 597 1898 Tales
640 1850 836 1898 haereses
880 1861 991 1899 sunt
1028 1851 1213 1915 negatio
1261 1852 1567 1917 processionis
1617 1852 1816 1918 Spiritus

121 1927 276 1974 Sancti
296 1928 436 1974 etiarn
464 1945 489 1974 a
518 1927 655 1986 Filio,
683 1928 945 1976 existentiae
972 1928 1258 1994 purgatorii,
1288 1936 1336 1975 et
1356 1928 1585 1993 primatus
1611 1931 1717 1990 jure
1745 1927 1823 1974 di-

119 2005 232 2052 vino
258 2004 441 2051 romani
465 2004 729 2063 pontificis,
771 2005 850 2070 qui
885 2003 1068 2052 articuli
1101 2004 1374 2053 solemniter
1406 2005 1587 2053 definiti
1627 2013 1739 2051 sunt
1771 2005 1820 2052 in

119 2081 417 2128 oecumenicis
454 2081 672 2129 Conciliis
706 2081 1004 2144 Lugdunensi
1033 2099 1068 2127 11
1099 2090 1147 2128 et
1180 2081 1478 2141 Florentino.
1516 2090 1570 2128 ut
1598 2098 1681 2127 suo
1719 2080 1822 2128 loco

121 2156 448 2216 ostendemus,
482 2156 883 2205 subscribentibus
911 2158 1068 2221 graecis
1096 2157 1206 2222 ipsis
1223 2193 1236 2217 ‚
1265 2158 1363 2205 imo
1388 2167 1435 2206 et
1468 2157 1652 2204 russicis
1682 2157 1822 2222 Epis-

121 2233 246 2297 copis
264 2234 353 2298 (2).
377 2235 481 2281 Dixi
493 2236 659 2281 saltem
671 2250 687 2288 ;
706 2232 999 2297 exploratum
1024 2233 1150 2280 enim
1170 2243 1258 2294 est,
1280 2234 1418 2298 longe
1435 2234 1622 2299 lateque
1643 2250 1825 2296 errores

122 2309 327 2372 Gregorii
340 2310 536 2358 Palamae
551 2327 602 2357 ac
617 2308 974 2357 Thaboritarum
985 2310 1035 2356 in
1052 2310 1247 2358 Ecclesia
1260 2327 1404 2374 graeca
1417 2310 1610 2357 diffusos
1622 2327 1720 2358 esse
1733 2309 1821 2374 (3).

126 2472 263 2510 russica
292 2483 331 2509 se
351 2473 484 2526 parite-r
505 2474 687 2525 separavit
704 2486 746 2510 ac
763 2472 939 2511 subduxit

122 2537 169 2575 ab
200 2537 329 2575 eodem
361 2538 761 2589 constantinopolitano
784 2540 938 2590 patriar-

122 2601 216 2653 cha3
245 2610 355 2654 atque
372 2602 461 2641 hinc
488 2602 628 2641 factum
646 2609 718 2649 est,
735 2610 775 2641 ut
788 2603 941 2643 diversae

122 2668 200 2706 istae
215 2667 384 2706 Ecclesiae
401 2668 524 2706 divisae
546 2668 683 2707 fuerint
703 2668 749 2707 ab
762 2670 938 2717 invicem,

129 2740 164 2771 et
186 2733 325 2773 effectae
346 2734 576 2783 nationales,
603 2742 716 2786 atque
742 2735 942 2773 constanti-

130 2798 332 2849 nopolitani
355 2800 572 2852 patriarchae
600 2801 794 2839 auctoritas
820 2799 867 2838 ad
885 2801 942 2838 ni-

131 2862 251 2901 hilum
277 2865 424 2904 redacta
442 2866 567 2905 fuerit.
588 2864 645 2904 Ita
673 2864 774 2904 Deus
796 2866 942 2918 punivit

133 2930 420 2979 patriarcharum
456 2932 939 2986 constantinopolitanorum

133 2994 341 3046 superbiam
356 3027 367 3047 ‚
396 3001 461 3051 qui
480 2999 529 3038 ab
559 2999 723 3039 Ecclesia
750 3012 906 3039 romana
930 3029 939 3047 ‚

1006 2480 1049 2511 ut
1073 2487 1282 2526 supremam
1309 2477 1563 2515 auctoritatem
1580 2474 1817 2523 obtinerent,

1007 2541 1161 2591 turpiter
1189 2538 1424 2582 defecerunt.

1063 2604 1120 2657 (l)
1151 2605 1249 2645 lbid.

1062 2668 1114 2720 (2)
1143 2671 1249 2710 Acta
1296 2669 1558 2710 Conciliorum
1595 2669 1781 2709 Harduini
1808 2699 1820 2718 ,

1009 2743 1102 2775 tom.
1121 2748 1157 2774 ιι
1171 2765 1183 2785 ,
1205 2736 1279 2776 col.
1305 2749 1398 2790 990.

1063 2799 1117 2851 (3)
1155 2800 1249 2840 Satis
1281 2810 1336 2840 est
1369 2803 1465 2841 inter
1508 2809 1645 2842 ceteros
1679 2802 1820 2853 legere,

1008 2878 1092 2919 quae
1120 2866 1166 2906 de
1187 2866 1360 2920 Gregorio
1390 2866 1541 2907 Palama
1575 2869 1720 2920 scripsit
1750 2865 1823 2904 Ne-

1008 2932 1140 2970 otarius
1157 2962 1169 2981 ‚
1190 2935 1229 2973 in
1252 2947 1316 2986 op.
1339 2935 1405 2973 cit.
1423 2932 1649 2985 Confittatio
1666 2931 1824 2984 imperii

1009 2997 1145 3049 Papoe.
