2028 3354
540 230 665 259 mur.
702 228 733 258 1.
772 229 868 259 car.
906 228 975 257 111.
1012 221 1064 257 hu
1100 228 1219 259 ecci.
1253 228 1396 260 iio-ris.
1747 210 1806 257 91

139 344 187 390 id
215 352 281 391 est
296 380 309 404 ,
336 352 389 390 ut
418 343 466 390 in
482 360 625 390 unam
650 341 893 390 Ecclesiam
919 341 1203 389 coadunaret
1223 340 1353 403 illos,
1374 340 1452 406 qui
1469 339 1640 406 partim
1655 357 1712 388 ex
1731 342 1813 388 Ju-

139 419 248 467 daeis
279 420 448 486 partim
474 436 532 467 ex
562 418 778 482 gentibus
809 419 859 464 in
899 417 1053 483 ipsum
1094 425 1249 466 essent
1274 416 1522 477 credituri,
1550 433 1652 464 eam
1686 417 1815 464 Patri

138 513 220 542 suo
251 496 449 544 maxime
482 495 857 555 commendavit,
881 493 1038 541 dicens
1055 530 1068 554 5
1093 496 1229 541 Joan.
1256 493 1382 540 XVII
1411 511 1422 538 ε
1452 494 1603 541 Pater
1623 501 1781 540 sancte
1798 529 1811 553 ,

136 588 269 618 serva
303 589 375 619 eos
404 576 459 619 in
499 575 691 618 nomine
722 579 833 627 tuo,
876 587 990 632 quos
1020 570 1192 616 dedisti
1222 569 1348 615 mihi
1363 605 1376 622 ‚
1415 577 1471 615 ut
1502 573 1604 616 sint
1628 586 1814 628 unum.,

135 651 260 693 sicat
294 657 338 694 et
360 665 453 695 nos.
479 649 534 695 Et
561 646 697 712 paulo
725 654 831 711 post
856 654 1012 707 rogat,
1034 653 1086 690 ut
1113 644 1213 691 haec
1233 643 1442 691 Ecclesiae
1470 661 1562 691 suae
1589 647 1742 692 unitas
1765 646 1813 692 iu

135 722 225 770 fide
245 732 291 770 et
313 724 534 771 charitate
558 731 783 788 perpetuo
810 720 1030 766 duratura
1050 720 1109 765 sit
1124 737 1134 765 :
1151 719 1265 767 Non
1277 736 1372 786 pro
1389 720 1456 765 eis
1472 737 1581 783 royo
1602 730 1788 769 tantum
1802 756 1816 780 ,

134 800 217 845 sed
235 808 279 845 et
292 817 386 863 pro
405 804 470 846 eis
482 834 501 856 ,
523 801 612 862 qui
628 797 865 845 credituri
881 802 998 841 sunt
1025 812 1114 862 per
1140 796 1339 843 verbum
1365 812 1530 842 eorum
1552 798 1605 842 in
1634 814 1730 857 me,
1762 807 1820 845 ut

135 891 292 921 omnes
314 893 471 921 unum
493 877 612 928 sint,
635 875 760 919 sicut
783 879 835 917 tu
862 873 1014 919 Pater
1038 876 1091 919 in
1120 889 1194 918 me
1217 881 1261 918 et
1281 889 1358 936 eqo
1383 876 1439 919 in
1469 881 1510 919 te
1521 907 1537 930 ,
1569 881 1626 919 ut
1650 882 1694 919 et
1721 878 1820 937 ipsi

135 955 189 997 in
216 952 350 997 nohis
374 968 520 997 unum
545 953 657 995 sint.
689 948 953 1013 Utrumque
978 948 1246 1013 complexus
1269 949 1443 1014 pariter
1470 957 1540 997 est
1571 949 1817 1015 Apostolus

135 1025 335 1073 scribens
354 1025 412 1071 ad
431 1024 647 1088 Ephesios
675 1043 685 1070 :
716 1026 920 1072 Solliciti
935 1042 1122 1072 servare
1146 1028 1382 1073 unitatem
1403 1029 1608 1089 spiritus
1625 1030 1680 1073 in
1704 1029 1815 1073 vin-

134 1103 240 1148 culo
246 1103 399 1164 pacis,
427 1100 589 1147 Unum
614 1117 787 1165 corpus
814 1111 858 1148 et
883 1119 1012 1149 unus
1038 1105 1300 1166 spiritus...
1332 1103 1475 1150 donec
1503 1120 1818 1151 occurramus

133 1192 289 1223 omnes
316 1180 371 1223 in
403 1179 637 1223 unitatem
657 1179 825 1240 fidei...
853 1182 1100 1225 veritatem
1127 1187 1287 1226 autem
1312 1181 1542 1242 facientes
1564 1183 1621 1227 in
1651 1181 1816 1228 chari-

132 1259 245 1307 tate,
271 1269 536 1300 crescamus
562 1255 618 1299 in
648 1255 729 1300 illo
745 1272 840 1318 per
858 1258 1050 1312 omnia,
1080 1258 1171 1318 qui
1187 1263 1254 1302 est
1279 1264 1427 1319 caput
1462 1256 1697 1305 Christus.
1731 1257 1814 1304 Ex

130 1344 221 1390 quo
239 1336 385 1374 totum
407 1322 581 1392 corpus
591 1364 609 1387 ,
635 1339 933 1393 compactum
952 1340 995 1377 et
1010 1348 1275 1378 connexam
1289 1350 1381 1396 per
1389 1336 1690 1396 juncturam
1707 1334 1817 1380 sub-

129 1406 503 1452 ministrationis
522 1408 784 1453 secundum
808 1410 1126 1471 operationem
1156 1411 1211 1455 in
1242 1427 1473 1457 mensura
1495 1413 1816 1474 urciuscvy'us-

130 1497 218 1542 que
243 1483 471 1537 membri,
500 1492 809 1546 auymentum
830 1487 1041 1547 corporis
1058 1487 1187 1547 facit
1207 1487 1263 1531 in
1280 1486 1634 1549 testificationem
1660 1490 1744 1533 sui
1759 1490 1816 1533 in

130 1556 360 1603 charitate
382 1557 481 1622 (l);
512 1567 559 1604 et
586 1557 694 1604 alibi
720 1560 904 1623 passim.

200 1632 308 1679 158.
334 1634 427 1680 Nec
448 1632 586 1679 aliam
608 1643 767 1680 notam
787 1635 977 1681 unitatis
997 1635 1233 1696 Ecclesiae,
1259 1646 1399 1701 prout
1421 1639 1622 1685 exterior
1640 1656 1693 1685 ac
1715 1639 1816 1687 visi-

129 1705 233 1753 bilis
269 1717 367 1768 est,
405 1719 694 1772 agnoverunt
718 1711 863 1757 sancti
890 1713 1046 1758 Patres
1071 1720 1241 1776 praeter
1267 1730 1367 1760 eam
1388 1750 1400 1774 7
1425 1730 1525 1779 quae
1553 1715 1733 1779 exurgit
1756 1732 1813 1763 ex

134 1782 305 1848 duplici
326 1785 498 1849 capite,
524 1802 693 1850 nempe
713 1803 769 1833 ex
789 1785 895 1847 fide,
918 1804 1020 1851 quae
1033 1806 1124 1834 una
1147 1789 1196 1834 in
1212 1790 1428 1837 omnibus
1450 1800 1546 1850 est,
1569 1801 1615 1839 et
1636 1809 1693 1839 ex
1710 1792 1815 1840 cha—

132 1859 269 1907 ritate
284 1878 364 1908 seu
382 1862 725 1915 communione,
743 1866 869 1924 cujus
883 1863 1068 1910 vinculo
1080 1881 1240 1912 omnes
1253 1865 1544 1930 colligantur.
1559 1869 1605 1914 S.
1622 1867 1814 1916 Ambro·

133 1936 225 1982 sius
252 1937 500 1985 Ecclesiam
519 1937 682 1985 definit
716 1940 1148 2003 Conyreqatz‘onem,
1167 1960 1273 2005 quae
1297 1945 1352 1989 in
1372 1961 1526 1991 unum
1546 1962 1813 1992 connexum

131 2029 302 2077 corpus
329 2023 468 2077 atque
487 2024 785 2079 compactum
808 2019 987 2063 unitate
1000 2018 1120 2079 fidei
1136 2028 1180 2065 et
1206 2020 1459 2068 charitatis
1486 2025 1699 2087 assarqit
1724 2021 1811 2087 (2).

135 2229 210 2258 tam
251 2223 401 2260 unitatis
438 2236 611 2274 exurgere
663 2237 727 2261 seu
780 2225 931 2263 conflari

137 2287 243 2324 etiam
270 2300 317 2325 ex
343 2289 484 2326 unitate
502 2288 704 2326 charitatis
723 2318 734 2337 ‚
768 2289 840 2328 hoc
864 2304 932 2329 no-

136 2351 235 2389 mine
254 2351 316 2389 hic
334 2356 487 2392 minime
506 2355 702 2405 significari
723 2355 934 2394 charitatem

135 2416 235 2453 illam
253 2445 263 2464 ‚
286 2431 357 2469 qua
374 2433 440 2458 nos
456 2428 586 2458 mutuo
598 2419 745 2472 diligere
759 2421 935 2460 debemus

134 2481 249 2520 veluti
266 2484 434 2522 virtutem
452 2487 678 2536 personalem
692 2494 727 2525 et
741 2489 935 2538 privatam,

136 2561 210 2600 qua
229 2547 285 2586 vel
307 2562 393 2586 cum
415 2551 630 2589 infidelibus
652 2553 738 2603 ipsis
762 2554 936 2605 conjungi

134 2612 311 2651 debemus
329 2644 340 2662 ‚
369 2616 433 2666 qui
464 2622 561 2653 extra
596 2616 796 2660 Ecclesiam
823 2625 935 2667 suut3

135 2679 198 2717 sed
218 2681 469 2731 significamus
496 2681 710 2721 charitatem
740 2684 937 2734 specialem

134 2747 246 2784 totius
269 2747 457 2785 christiani
480 2748 606 2799 populi
632 2751 841 2801 propriam,
866 2765 938 2803 qua

136 2824 263 2851 omnes
309 2814 448 2867 absque
487 2814 665 2855 divisione
709 2817 939 2858 adhaeremus

135 2878 337 2927 pastoribus
357 2888 393 2918 et
415 2880 592 2933 episcopis
619 2881 665 2920 ad
684 2882 784 2921 idem
807 2898 937 2936 corpus

134 2944 428 2983 constituendum
449 2976 459 2994 ‚
485 2947 696 2998 profitentes
713 2949 879 2989 eamdem
891 2951 937 2989 fi·

135 3008 217 3047 dem
248 3017 284 3048 et
309 3017 471 3051 tenentes
507 3014 674 3053 eamdem
712 3018 936 3056 commuuio⁴

1003 2240 1102 2266 nem.
1130 2226 1210 2266 Hoc
1239 2242 1348 2268 sensu
1374 2229 1496 2269 Patres
1527 2237 1570 2268 ut
1592 2238 1719 2269 notam
1757 2245 1812 2270 es-

1004 2293 1192 2332 sentialem
1206 2294 1374 2332 Ecclesiae
1389 2299 1619 2334 constituunt
1628 2296 1814 2337 charitatis

1005 2360 1210 2409 unitatem3
1233 2360 1303 2398 hac
1330 2360 1376 2399 de
1410 2375 1516 2401 causa
1542 2362 1744 2416 adjecimus
1769 2364 1815 2403 il-

1005 2423 1080 2462 lam
1116 2425 1398 2476 explicationem
1419 2441 1487 2465 aeu
1513 2430 1809 2469 communionis.

1006 2488 1181 2543 Alioquin
1216 2492 1377 2542 privatus
1408 2492 1522 2531 homo
1547 2508 1589 2533 cx
1607 2508 1649 2534 eo
1665 2525 1676 2544 ‚
1712 2496 1813 2548 quod

1007 2555 1120 2594 alium
1155 2556 1238 2595 odio
1279 2567 1558 2611 prosequeretur
1582 2591 1593 2608 ,
1634 2562 1814 2600 scinderet

1008 2622 1187 2661 unitatem
1209 2622 1376 2661 Ecclesiae
1397 2654 1407 2672 ‚
1429 2633 1464 2664 et
1490 2634 1591 2665 extra
1612 2626 1814 2666 Ecclesiam

1010 2693 1131 2737 esset,
1158 2688 1261 2740 quod
1290 2697 1343 2727 est
1366 2690 1569 2730 absurdum
1586 2722 1596 2740 ‚
1630 2706 1673 2731 ac
1703 2706 1814 2731 nemo

1009 2765 1175 2805 unquam
1217 2768 1265 2792 ne
1302 2758 1499 2797 somniavit
1540 2759 1705 2812 quidem.
1734 2757 1812 2798 Cfr.

1009 2816 1211 2861 maldonat.
1236 2824 1276 2861 in
1297 2821 1400 2861 hunc
1423 2823 1496 2879 loc.

1060 2886 1116 2937 (l)
1145 2887 1235 2928 Loc.
1258 2890 1321 2928 cit.
1347 2904 1383 2928 v.
1418 2886 1511 2928 316.

1062 2952 1111 3002 (2)
1141 2952 1206 2993 De
1239 2953 1416 3007 Officiis,
1450 2954 1517 2993 lib.
1544 2968 1609 3002 111,
1640 2967 1721 3006 cap.
1765 2954 1812 3004 3,

1008 3031 1049 3055 n.
1081 3029 1148 3069 19,
1169 3017 1262 3058 edit.
1291 3017 1408 3058 Maur.
