2028 3354
216 184 311 234 203

713 201 872 231 TRAGT.
909 203 964 232 ΒΕ
997 204 1119 235 LOCIS
1152 205 1452 237 THEOLOGICIS.

215 316 455 381 anglicana
473 349 485 372 ,
520 311 613 358 dici
654 312 830 376 pariter
863 311 1004 361 debet
1042 314 1101 363 de
1134 317 1330 366 Ecclesia
1357 335 1503 383 graeca
1532 318 1582 365 in
1613 335 1737 369 novo
1766 336 1908 384 regno

214 392 495 448 constituta,
525 386 585 435 de
604 386 805 435 Ecclesia
835 389 1006 436 russica
1022 425 1035 449 7
1068 392 1327 455 evangelica
1350 412 1430 443 seu
1457 395 1691 443 borussica
1718 394 1911 461 aliisque

216 464 467 531 ejusmodi3
490 479 592 529 quae
610 463 786 511 scilicet
804 481 967 512 omnes
985 465 1192 514 Ecclesiae
1210 471 1465 519 nationales
1486 488 1538 518 ac
1555 471 1751 536 politicae
1770 480 1882 518 sunt
1895 508 1909 532 ‚

217 559 318 608 quae
344 540 469 588 ultra
494 539 686 587 ditionis
717 540 989 607 temporalis
1021 542 1138 590 fines
1155 543 1510 613 uniuscnjusque
1538 557 1686 595 status
1714 548 1911 596 minime

214 616 568 684 protenduntur
598 616 686 679 (l).

282 694 395 742 318.
423 693 496 741 Sic
513 693 655 740 etiam
670 692 840 740 falsum
859 702 948 754 est,
964 693 1089 760 quod
1105 694 1364 744 universim
1373 699 1591 747 asseritur
1611 700 1670 749 de
1690 700 1907 748 Ecclesia-

214 789 323 819 rum
353 769 701 834 anglicanarum
724 768 834 829 fide,
862 787 966 818 eam
995 770 1166 818 scilicet
1190 789 1287 819 non
1320 773 1515 838 privatae
1533 762 1910 839 interpretationi

212 848 582 911 scripturarum,
604 844 687 893 sed
711 846 867 892 sensui
884 845 1169 893 traditionali
1185 857 1231 894 et
1249 849 1455 897 Ecclesiae
1474 852 1735 899 auctoritati
1750 852 1905 900 inniti.

213 924 398 973 Etenim
421 939 518 969 non
544 938 689 987 pauca
714 920 926 984 ejusdem
949 922 1156 971 Ecclesiae
1188 924 1441 987 anglicanae
1463 927 1675 975 membra
1696 929 1913 989 rejiciunt

212 999 543 1048 auctoritatem
563 997 854 1058 traditionis,
892 997 968 1048 vel
990 999 1026 1046 si
1048 1017 1188 1064 quam
1218 1000 1506 1063 admittunt,
1540 1020 1597 1051 ex
1634 1020 1688 1051 ea
1724 1012 1912 1051 tantum

211 1086 348 1143 parte
380 1086 430 1125 et
451 1080 587 1140 juxta
615 1092 725 1124 eum
764 1092 957 1124 sensum
977 1076 1262 1139 admittunt,
1300 1079 1379 1144 qui
1415 1097 1523 1127 cum
1546 1089 1682 1129 sectae
1711 1082 1913 1147 propriae

209 1276 454 1328 :anglicanum
471 1305 482 1323 ‚
499 1276 552 1314 sic
567 1281 608 1313 ut
624 1273 735 1312 ambo
755 1274 924 1313 eamdem
937 1287 1031 1326 pene

213 1344 392 1398 originem
407 1371 419 1390 ,
444 1342 590 1381 easdem
610 1341 878 1381 vicissitudines
890 1355 933 1380 ac
947 1356 1031 1393 pro-

214 1423 352 1462 gressus
378 1408 548 1446 habuisse
575 1420 748 1459 agnoscas
783 1415 926 1459 oportet
944 1436 955 1455 ,
989 1420 1032 1447 ac

214 1476 370 1528 proinde
403 1475 504 1527 quod
535 1474 679 1526 jamdiu
708 1473 878 1511 Ecclesiae
909 1472 1031 1513 Patres

216 1541 400 1593 judicium
420 1539 460 1578 in
481 1540 638 1578 schisma
651 1538 930 1577 Donatistarum
943 1553 1029 1591 pro-

212 1606 404 1653 tulerunt,
432 1605 532 1644 idem
559 1618 662 1643 nunc
685 1603 885 1642 Ecclesiam
910 1605 1031 1657 angli-

210 1685 347 1710 -canam
358 1701 369 1721 ‚
380 1671 512 1710 frustra
526 1670 573 1709 ab
587 1670 845 1708 oxoniensibus
859 1668 972 1708 lotam
986 1684 1030 1709 ac

220 1738 436 1789 perpolitam
451 1765 462 1783 ‚
486 1735 681 1792 percellere
707 1742 743 1773 et
763 1734 1025 1774 condemnare.

213 1800 314 1840 illud
348 1800 472 1852 optati
499 1800 705 1838 Milevitani
742 1798 788 1837 de
820 1798 1027 1836 schismatis

219 1866 500 1906 Donatistarum
512 1866 654 1918 origine
671 1895 681 1912 ‚
702 1863 802 1916 quod
813 1863 883 1901 hoc
893 1876 1028 1915 nempe

211 1934 384 1984 ‚confusae
403 1932 604 1981 mulieris(
623 1931 795 1980 Luciltae)
817 1930 1027 1969 iracundia

211 2000 392 2051 peperit,
423 1997 593 2035 ambitus
623 1997 791 2034 nutrivit
815 2025 827 2044 ‚
858 1996 1027 2034 avaritia

217 2064 408 2103 roboravit
430 2062 519 2116 (De
544 2062 699 2102 schism.
729 2062 861 2099 donat.
894 2060 959 2099 lib.
988 2074 1025 2111 ι,

217 2143 301 2182 cap.
340 2127 388 2180 ιζι
406 2159 416 2177 ,
454 2142 540 2182 pag.
587 2127 634 2167 18
650 2156 660 2176 ‚
698 2127 785 2166 edit.
820 2126 995 2178 Dupinii)
1011 2154 1023 2177 ‚

218 2210 345 2235 nonne
364 2195 553 2234 historiam
573 2192 692 2234 Annae
715 2192 859 2231 Bolenae
870 2220 883 2240 ,
903 2191 1025 2230 ambi-

218 2263 359 2300 tionem
385 2260 539 2299 Henriei
563 2272 626 2298 vui
641 2289 651 2307 ‚
673 2272 750 2297 sese
766 2259 806 2295 in
831 2266 937 2309 caput
957 2257 1027 2296 Ec-

216 2327 332 2366 elesiae
347 2328 514 2379 erigentis
530 2354 541 2373 ‚
564 2326 678 2377 ipsius
697 2324 849 2363 demum
871 2321 1026 2375 ejusque

216 2392 439 2431 asseclarum
464 2393 503 2430 in
521 2392 629 2429 bonis
656 2389 825 2428 Ecclesiae
850 2388 1025 2438 diripien-

216 2456 273 2495 dis
299 2460 533 2509 rapacitatem
563 2455 675 2494 nobis
714 2455 937 2493 adamussim
966 2468 1023 2492 re-

216 2530 409 2574 praesentat
422 2525 436 2559 ?
449 2522 580 2561 Nonne
596 2521 688 2559 illud
704 2519 897 2571 Augustini
912 2533 922 2557 z
939 2517 1023 2558 Ea-

214 2587 298 2627 dem
312 2601 407 2640 pars
418 2586 562 2627 Donati
571 2589 614 2624 in
625 2585 746 2624 multa
757 2587 1022 2624 minutissima

210 2654 340 2706 frusta
370 2654 559 2691 conscissa
591 2658 644 2689 est
675 2649 755 2702 (De
774 2650 891 2703 Bapt.
918 2657 1021 2690 cont.

214 2720 363 2758 Donat.
394 2717 464 2756 lib.
498 2730 534 2764 ι,
571 2731 653 2769 cap.
692 2716 762 2767 ια)
778 2744 792 2765 ,
830 2718 1022 2756 intestinas

214 2782 415 2836 anglicanae
442 2782 613 2822 Ecclesiae
632 2783 827 2825 divisiones
846 2785 1022 2823 innume-

214 2861 348 2901 rasque
372 2856 485 2887 sectas
500 2878 511 2896 ‚
529 2861 612 2901 quae
631 2877 641 2895 ‚
657 2848 772 2887 velint
796 2849 913 2888 nolint
933 2862 1023 2888 oxo-

212 2916 383 2964 nienses,
419 2927 466 2953 ex
490 2916 569 2967 ejus
592 2917 676 2953 sinu
712 2914 815 2954 velut
848 2929 895 2955 ex
927 2927 1022 2968 equo

1097 1277 1220 1327 ponit?
1240 1275 1366 1328 Ipsum
1382 1277 1643 1315 oxoniensium
1667 1279 1912 1331 principium,

1098 1340 1328 1392 anglicanam
1344 1341 1548 1381 Ecclesiam
1568 1350 1707 1393 partem
1719 1357 1798 1382 esse
1816 1357 1912 1383 verae

1095 1416 1133 1444 et
1158 1407 1345 1445 catholicae
1372 1407 1539 1445 Ecclesiae
1555 1407 1713 1456 Christi,
1740 1411 1911 1462 quamvis

1096 1485 1138 1510 ea
1163 1472 1268 1510 nullo
1293 1474 1443 1510 unitatis
1465 1487 1506 1511 ac
1525 1475 1712 1512 exterioris
1739 1487 1911 1513 commu-

1096 1538 1217 1574 nionis
1254 1537 1403 1575 vinculo
1433 1551 1519 1575 cum
1550 1540 1691 1577 caeteris
1717 1540 1910 1579 catholicae

1095 1601 1265 1641 Ecclesiae
1300 1603 1461 1654 partibus
1498 1605 1691 1655 copuletur
1719 1633 1730 1652 ,
1766 1607 1846 1659 jam
1887 1620 1907 1644 a

1095 1666 1290 1706 Cresconio
1318 1668 1499 1707 donatista
1524 1669 1762 1717 adhibitum,
1793 1678 1907 1724 atque

1094 1734 1140 1771 ab
1176 1732 1386 1786 Augustino
1423 1736 1616 1787 explosum
1660 1737 1730 1775 fuit
1766 1736 1909 1788 (Com.

1098 1798 1277 1838 crescon.
1305 1799 1376 1839 lib.
1400 1802 1469 1848 111⁴,
1491 1814 1574 1852 cap.
1591 1799 1644 1839 62
1661 1831 1671 1849 ,
1699 1800 1752 1840 66
1770 1804 1799 1852 ).
1838 1801 1911 1842 Sed

1092 1865 1173 1903 haec
1191 1867 1338 1904 nonnisi
1363 1880 1478 1917 pauca
1503 1875 1612 1916 sunt,
1637 1869 1734 1906 exiis
1753 1881 1837 1920 quae
1860 1868 1908 1907 cl.

1092 1938 1218 1969 auctor
1251 1932 1358 1970 docte
1380 1940 1490 1985 atque
1514 1934 1701 1985 ingeniose
1728 1935 1908 1985 congessit

1092 1997 1139 2034 ad
1153 2009 1264 2034 suum
1280 2001 1506 2049 propositum
1520 2000 1624 2037 omni
1635 2013 1677 2038 ex
1692 2008 1793 2051 parte
1804 1999 1910 2038 eviu-

1097 2062 1276 2100 cendum.

1146 2126 1197 2179 (l)
1226 2125 1345 2180 Atque
1367 2127 1429 2166 hic
1453 2127 1579 2166 sedulo
1607 2127 1906 2166 animadverten-

1092 2192 1182 2231 dum
1203 2201 1256 2232 est
1271 2221 1284 2242 ,
1311 2206 1438 2231 omnes
1459 2192 1573 2230 ferme
1592 2194 1780 2231 societates
1798 2223 1809 2241 ,
1825 2206 1908 2245 quae

1092 2272 1129 2297 se
1151 2258 1196 2296 ab
1214 2258 1374 2297 Ecclesia
1387 2258 1565 2296 catholica
1586 2265 1802 2310 separarunt
1814 2286 1828 2307 ‚
1847 2258 1903 2296 ef-

1092 2323 1205 2362 fectas
1248 2337 1325 2363 esse
1351 2324 1550 2363 nationales
1584 2353 1594 2370 ,
1635 2325 1689 2362 uti
1738 2323 1901 2362 Ecclesia

1090 2401 1202 2441 graeca
1218 2392 1259 2428 in
1282 2404 1378 2429 novo
1400 2403 1513 2441 regno
1530 2420 1539 2437 ‚
1567 2389 1729 2429 Ecclesia
1750 2390 1905 2437 russina,

1090 2454 1253 2494 Ecclesia
1264 2455 1553 2502 britannica‚seu
1561 2458 1681 2507 potius
1693 2455 1901 2505 anglicana,

1090 2520 1478 2572 Ecclesiaevangelica
1493 2550 1505 2573 ,
1529 2529 1600 2561 etc.
1622 2520 1703 2573 Quo
1725 2520 1768 2558 fit
1786 2526 1826 2557 ut
1836 2532 1900 2557 >so-

1089 2586 1237 2625 cietates
1261 2589 1335 2626 istae
1355 2587 1459 2625 sactae
1476 2587 1612 2625 fuerint
1626 2587 1737 2625 veluti
1749 2584 1901 2622 totidem

1089 2653 1214 2691 formae
1234 2653 1408 2704 religiosae
1436 2654 1622 2704 regiminis
1654 2650 1800 2699 civilis3
1830 2650 1902 2687 sic-

1089 2732 1163 2771 que
1185 2719 1225 2756 in
1245 2719 1317 2757 illis
1338 2718 1514 2757 omnibus
1540 2718 1686 2769 politica
1711 2722 1748 2753 et
1772 2713 1901 2766 religio

1089 2798 1207 2823 unum
1239 2785 1331 2835 quid
1357 2784 1470 2822 simul
1497 2782 1672 2822 efficiunt.
1699 2779 1752 2818 Ea
1774 2788 1901 2819 tamen

1087 2864 1233 2902 semper
1253 2858 1306 2890 est
1322 2849 1483 2889 conditio
1507 2855 1619 2886 status
1646 2846 1838 2898 religiosi,
1856 2854 1900 2885 ut

1087 2929 1108 2954 e
1134 2917 1233 2955 civili
1257 2915 1434 2967 regimine
1460 2914 1612 2952 omnino
1638 2913 1811 2964 pendeat.
1843 2910 1896 2949 Ex

210 2978 354 3036 trojano
381 2980 621 3033 prodierunt,
660 2980 768 3020 uobis
810 2980 858 3020 ob
893 2982 1016 3021 oculos
1080 2980 1152 3019 hac
1179 2981 1256 3020 sola
1283 2978 1600 3019 animadversione
1632 2985 1757 3031 patet,
1784 2984 1894 3016 totam
