<?xml version="1.0" encoding="UTF-8"?>
<!DOCTYPE html PUBLIC "-//W3C//DTD XHTML 1.0 Transitional//EN"
    "http://www.w3.org/TR/xhtml1/DTD/xhtml1-transitional.dtd">
<html xmlns="http://www.w3.org/1999/xhtml" xml:lang="en" lang="en">
 <head>
  <title>
</title>
<meta http-equiv="Content-Type" content="text/html;charset=utf-8" />
  <meta name='ocr-system' content='tesseract 3.04.00' />
  <meta name='ocr-capabilities' content='ocr_page ocr_carea ocr_par ocr_line ocrx_word'/>
</head>
<body>
  <div class='ocr_page' id='page_1' title='image "./praelectionestheo08perruoft/praelectionestheo08perruoft_0095.png"; bbox 0 0 2028 3354; ppageno 0'>
   <div class='ocr_carea' id='block_1_1' title="bbox 1720 236 1782 284">
    <p class='ocr_par' dir='ltr' id='par_1_1' title="bbox 1720 236 1782 284">
     <span class='ocr_line' id='line_1_1' title="bbox 1720 236 1782 284; baseline 0.016 -1"><span class='ocrx_word' id='word_1_1' title='bbox 1720 236 1782 284; x_wconf 85' lang='lat'>83</span> 
     </span>
    </p>
   </div>
   <div class='ocr_carea' id='block_1_2' title="bbox 395 252 1499 286">
    <p class='ocr_par' dir='ltr' id='par_1_2' title="bbox 395 252 1499 286">
     <span class='ocr_line' id='line_1_2' title="bbox 395 252 1499 286; baseline -0.003 -1"><span class='ocrx_word' id='word_1_2' title='bbox 395 257 518 286; x_wconf 78' lang='lat' dir='ltr'>PART.</span> <span class='ocrx_word' id='word_1_3' title='bbox 556 257 587 284; x_wconf 89' lang='lat'>1.</span> <span class='ocrx_word' id='word_1_4' title='bbox 626 256 723 285; x_wconf 81' lang='lat' dir='ltr'>GAP.</span> <span class='ocrx_word' id='word_1_5' title='bbox 761 256 811 286; x_wconf 90' lang='lat'>11.</span> <span class='ocrx_word' id='word_1_6' title='bbox 847 255 902 285; x_wconf 75' lang='grc' dir='ltr'>ΒΕ</span> <span class='ocrx_word' id='word_1_7' title='bbox 937 254 1110 285; x_wconf 81' lang='lat' dir='ltr'>CHRISTI</span> <span class='ocrx_word' id='word_1_8' title='bbox 1146 254 1267 285; x_wconf 79' lang='lat' dir='ltr'>ECCL.</span> <span class='ocrx_word' id='word_1_9' title='bbox 1304 252 1499 284; x_wconf 68' lang='lat' dir='ltr'>consur.</span> 
     </span>
    </p>
   </div>
   <div class='ocr_carea' id='block_1_3' title="bbox 111 364 1806 1648">
    <p class='ocr_par' dir='ltr' id='par_1_3' title="bbox 111 364 1806 1648">
     <span class='ocr_line' id='line_1_3' title="bbox 181 364 1787 432; baseline -0.001 -17"><span class='ocrx_word' id='word_1_10' title='bbox 181 368 288 416; x_wconf 77' lang='lat'>140.</span> <span class='ocrx_word' id='word_1_11' title='bbox 326 367 395 416; x_wconf 88' lang='lat' dir='ltr'>Ad</span> <span class='ocrx_word' id='word_1_12' title='bbox 420 368 484 413; x_wconf 73' lang='lat'>5¹1¹</span> <span class='ocrx_word' id='word_1_13' title='bbox 504 403 517 428; x_wconf 87' lang='lat'>,</span> <span class='ocrx_word' id='word_1_14' title='bbox 538 369 664 415; x_wconf 70' lang='lat' dir='ltr'>Dist.</span> <span class='ocrx_word' id='word_1_15' title='bbox 691 366 744 414; x_wconf 86' lang='lat' dir='ltr'>Id</span> <span class='ocrx_word' id='word_1_16' title='bbox 756 376 827 415; x_wconf 88' lang='lat' dir='ltr'>est</span> <span class='ocrx_word' id='word_1_17' title='bbox 846 402 860 426; x_wconf 75' lang='lat'>,</span> <span class='ocrx_word' id='word_1_18' title='bbox 889 374 1234 432; x_wconf 88' lang='lat' dir='ltr'>supposuerunt</span> <span class='ocrx_word' id='word_1_19' title='bbox 1259 364 1498 413; x_wconf 85' lang='lat' dir='ltr'>interdum</span> <span class='ocrx_word' id='word_1_20' title='bbox 1519 364 1660 413; x_wconf 80' lang='lat' dir='ltr'>etiam</span> <span class='ocrx_word' id='word_1_21' title='bbox 1688 364 1787 413; x_wconf 84' lang='lat' dir='ltr'>hae—</span> 
     </span>
     <span class='ocr_line' id='line_1_4' title="bbox 113 440 1789 505; baseline -0.001 -14"><span class='ocrx_word' id='word_1_22' title='bbox 113 445 240 493; x_wconf 83' lang='lat' dir='ltr'>retici</span> <span class='ocrx_word' id='word_1_23' title='bbox 267 443 484 491; x_wconf 80' lang='lat' dir='ltr'>miracula</span> <span class='ocrx_word' id='word_1_24' title='bbox 501 480 514 503; x_wconf 85' lang='lat'>,</span> <span class='ocrx_word' id='word_1_25' title='bbox 538 460 691 497; x_wconf 81' lang='lat' dir='ltr'>conc.;</span> <span class='ocrx_word' id='word_1_26' title='bbox 714 460 822 491; x_wconf 86' lang='lat' dir='ltr'>vere</span> <span class='ocrx_word' id='word_1_27' title='bbox 840 441 1105 489; x_wconf 85' lang='lat' dir='ltr'>habuerunt</span> <span class='ocrx_word' id='word_1_28' title='bbox 1121 479 1133 501; x_wconf 77' lang='lat'>,</span> <span class='ocrx_word' id='word_1_29' title='bbox 1164 459 1265 505; x_wconf 75' lang='lat' dir='ltr'>my.</span> <span class='ocrx_word' id='word_1_30' title='bbox 1298 440 1567 490; x_wconf 87' lang='lat' dir='ltr'>Invidentes</span> <span class='ocrx_word' id='word_1_31' title='bbox 1587 440 1789 490; x_wconf 81' lang='lat' dir='ltr'>haeretici</span> 
     </span>
     <span class='ocr_line' id='line_1_5' title="bbox 113 518 1787 583; baseline 0 -17"><span class='ocrx_word' id='word_1_32' title='bbox 113 521 219 568; x_wconf 86' lang='lat' dir='ltr'>huic</span> <span class='ocrx_word' id='word_1_33' title='bbox 254 519 454 568; x_wconf 75' lang='lat' dir='ltr'>Ecclesiae</span> <span class='ocrx_word' id='word_1_34' title='bbox 475 519 655 579; x_wconf 79' lang='lat' dir='ltr'>decori7</span> <span class='ocrx_word' id='word_1_35' title='bbox 687 518 812 583; x_wconf 89' lang='lat' dir='ltr'>quod</span> <span class='ocrx_word' id='word_1_36' title='bbox 831 535 998 580; x_wconf 85' lang='lat' dir='ltr'>negare</span> <span class='ocrx_word' id='word_1_37' title='bbox 1028 518 1116 582; x_wconf 83' lang='lat' dir='ltr'>ipsi</span> <span class='ocrx_word' id='word_1_38' title='bbox 1138 535 1233 564; x_wconf 89' lang='lat' dir='ltr'>non</span> <span class='ocrx_word' id='word_1_39' title='bbox 1261 524 1541 582; x_wconf 86' lang='lat' dir='ltr'>potuerunt,</span> <span class='ocrx_word' id='word_1_40' title='bbox 1568 518 1655 565; x_wconf 87' lang='lat' dir='ltr'>nisi</span> <span class='ocrx_word' id='word_1_41' title='bbox 1676 527 1787 566; x_wconf 86' lang='lat' dir='ltr'>sunt</span> 
     </span>
     <span class='ocr_line' id='line_1_6' title="bbox 115 592 1792 655; baseline -0.001 -12"><span class='ocrx_word' id='word_1_42' title='bbox 115 595 333 643; x_wconf 86' lang='lat' dir='ltr'>miracula</span> <span class='ocrx_word' id='word_1_43' title='bbox 354 595 632 654; x_wconf 76' lang='lat' dir='ltr'>obtrudere3</span> <span class='ocrx_word' id='word_1_44' title='bbox 656 604 703 641; x_wconf 82' lang='lat' dir='ltr'>at</span> <span class='ocrx_word' id='word_1_45' title='bbox 726 612 831 640; x_wconf 88' lang='lat' dir='ltr'>cum</span> <span class='ocrx_word' id='word_1_46' title='bbox 852 593 1093 640; x_wconf 90' lang='lat' dir='ltr'>consilium</span> <span class='ocrx_word' id='word_1_47' title='bbox 1111 593 1161 639; x_wconf 87' lang='lat' dir='ltr'>in</span> <span class='ocrx_word' id='word_1_48' title='bbox 1185 593 1369 638; x_wconf 85' lang='lat' dir='ltr'>irritum</span> <span class='ocrx_word' id='word_1_49' title='bbox 1391 592 1632 655; x_wconf 80' lang='lat' dir='ltr'>ceciderit,</span> <span class='ocrx_word' id='word_1_50' title='bbox 1653 594 1792 643; x_wconf 86' lang='lat' dir='ltr'>aliam</span> 
     </span>
     <span class='ocr_line' id='line_1_7' title="bbox 117 667 1795 733; baseline 0 -14"><span class='ocrx_word' id='word_1_51' title='bbox 117 673 235 720; x_wconf 88' lang='lat' dir='ltr'>viam</span> <span class='ocrx_word' id='word_1_52' title='bbox 264 672 527 733; x_wconf 81' lang='lat' dir='ltr'>iniverunt,</span> <span class='ocrx_word' id='word_1_53' title='bbox 548 667 888 718; x_wconf 84' lang='lat' dir='ltr'>contemnendo</span> <span class='ocrx_word' id='word_1_54' title='bbox 903 667 1125 726; x_wconf 76' lang='lat' dir='ltr'>Ecclesiae,</span> <span class='ocrx_word' id='word_1_55' title='bbox 1144 671 1270 731; x_wconf 78' lang='lat' dir='ltr'>aqua</span> <span class='ocrx_word' id='word_1_56' title='bbox 1299 667 1607 715; x_wconf 86' lang='lat' dir='ltr'>discesserunt</span> <span class='ocrx_word' id='word_1_57' title='bbox 1624 706 1637 730; x_wconf 77' lang='lat'>,</span> <span class='ocrx_word' id='word_1_58' title='bbox 1658 672 1795 720; x_wconf 84' lang='lat' dir='ltr'>mira-</span> 
     </span>
     <span class='ocr_line' id='line_1_8' title="bbox 115 742 1792 812; baseline 0.001 -19"><span class='ocrx_word' id='word_1_59' title='bbox 115 746 214 794; x_wconf 85' lang='lat' dir='ltr'>cula</span> <span class='ocrx_word' id='word_1_60' title='bbox 230 783 244 808; x_wconf 86' lang='lat'>,</span> <span class='ocrx_word' id='word_1_61' title='bbox 264 747 444 812; x_wconf 85' lang='lat' dir='ltr'>aliaque</span> <span class='ocrx_word' id='word_1_62' title='bbox 465 747 739 793; x_wconf 75' lang='lat' dir='ltr'>charismata</span> <span class='ocrx_word' id='word_1_63' title='bbox 766 742 932 807; x_wconf 86' lang='lat' dir='ltr'>quibus</span> <span class='ocrx_word' id='word_1_64' title='bbox 959 742 1009 788; x_wconf 91' lang='lat' dir='ltr'>in</span> <span class='ocrx_word' id='word_1_65' title='bbox 1039 742 1215 789; x_wconf 84' lang='lat' dir='ltr'>Sanctis</span> <span class='ocrx_word' id='word_1_66' title='bbox 1248 743 1340 789; x_wconf 91' lang='lat' dir='ltr'>suis</span> <span class='ocrx_word' id='word_1_67' title='bbox 1365 744 1531 807; x_wconf 88' lang='lat' dir='ltr'>quovis</span> <span class='ocrx_word' id='word_1_68' title='bbox 1551 753 1762 811; x_wconf 87' lang='lat' dir='ltr'>tempore</span> <span class='ocrx_word' id='word_1_69' title='bbox 1779 784 1792 808; x_wconf 88' lang='lat'>,</span> 
     </span>
     <span class='ocr_line' id='line_1_9' title="bbox 117 818 1795 889; baseline 0.001 -19"><span class='ocrx_word' id='word_1_70' title='bbox 117 833 170 871; x_wconf 87' lang='lat' dir='ltr'>ut</span> <span class='ocrx_word' id='word_1_71' title='bbox 198 833 358 889; x_wconf 87' lang='lat' dir='ltr'>postea</span> <span class='ocrx_word' id='word_1_72' title='bbox 388 823 709 881; x_wconf 85' lang='lat' dir='ltr'>ostendemuS,</span> <span class='ocrx_word' id='word_1_73' title='bbox 740 836 843 869; x_wconf 87' lang='lat' dir='ltr'>vera</span> <span class='ocrx_word' id='word_1_74' title='bbox 863 818 1033 866; x_wconf 84' lang='lat' dir='ltr'>Christi</span> <span class='ocrx_word' id='word_1_75' title='bbox 1062 818 1256 867; x_wconf 87' lang='lat' dir='ltr'>Ecclesia</span> <span class='ocrx_word' id='word_1_76' title='bbox 1282 819 1556 869; x_wconf 83' lang='lat' dir='ltr'>abundavit.</span> <span class='ocrx_word' id='word_1_77' title='bbox 1586 822 1657 869; x_wconf 86' lang='lat' dir='ltr'>Ad</span> <span class='ocrx_word' id='word_1_78' title='bbox 1681 825 1795 872; x_wconf 88' lang='lat' dir='ltr'>Pro-</span> 
     </span>
     <span class='ocr_line' id='line_1_10' title="bbox 118 893 1799 963; baseline -0.001 -16"><span class='ocrx_word' id='word_1_79' title='bbox 118 908 341 947; x_wconf 85' lang='lat' dir='ltr'>testantes</span> <span class='ocrx_word' id='word_1_80' title='bbox 371 899 596 963; x_wconf 81' lang='lat' dir='ltr'>praecipue</span> <span class='ocrx_word' id='word_1_81' title='bbox 625 893 749 960; x_wconf 90' lang='lat' dir='ltr'>quod</span> <span class='ocrx_word' id='word_1_82' title='bbox 771 903 975 959; x_wconf 86' lang='lat' dir='ltr'>spectat,</span> <span class='ocrx_word' id='word_1_83' title='bbox 1002 895 1038 942; x_wconf 92' lang='lat' dir='ltr'>si</span> <span class='ocrx_word' id='word_1_84' title='bbox 1068 895 1192 960; x_wconf 92' lang='lat' dir='ltr'>apud</span> <span class='ocrx_word' id='word_1_85' title='bbox 1221 896 1343 961; x_wconf 89' lang='lat' dir='ltr'>ipsos</span> <span class='ocrx_word' id='word_1_86' title='bbox 1365 896 1586 943; x_wconf 86' lang='lat' dir='ltr'>miracula</span> <span class='ocrx_word' id='word_1_87' title='bbox 1608 897 1799 946; x_wconf 89' lang='lat' dir='ltr'>ederen-</span> 
     </span>
     <span class='ocr_line' id='line_1_11' title="bbox 124 970 1795 1038; baseline -0.001 -16"><span class='ocrx_word' id='word_1_88' title='bbox 124 985 199 1022; x_wconf 86' lang='lat' dir='ltr'>tur</span> <span class='ocrx_word' id='word_1_89' title='bbox 213 1011 226 1032; x_wconf 75' lang='lat'>,</span> <span class='ocrx_word' id='word_1_90' title='bbox 253 991 493 1038; x_wconf 87' lang='lat' dir='ltr'>nunquam</span> <span class='ocrx_word' id='word_1_91' title='bbox 513 970 807 1020; x_wconf 78' lang='lat' dir='ltr'>devenissent</span> <span class='ocrx_word' id='word_1_92' title='bbox 829 970 887 1017; x_wconf 86' lang='lat' dir='ltr'>ad</span> <span class='ocrx_word' id='word_1_93' title='bbox 905 979 1104 1035; x_wconf 81' lang='lat' dir='ltr'>systema</span> <span class='ocrx_word' id='word_1_94' title='bbox 1135 971 1394 1035; x_wconf 80' lang='lat' dir='ltr'>mythicum</span> <span class='ocrx_word' id='word_1_95' title='bbox 1411 973 1795 1035; x_wconf 72' lang='lat' dir='ltr'>excogitandum3</span> 
     </span>
     <span class='ocr_line' id='line_1_12' title="bbox 119 1046 1801 1112; baseline 0.001 -15"><span class='ocrx_word' id='word_1_96' title='bbox 119 1068 225 1097; x_wconf 88' lang='lat' dir='ltr'>cum</span> <span class='ocrx_word' id='word_1_97' title='bbox 243 1066 351 1097; x_wconf 89' lang='lat' dir='ltr'>vero</span> <span class='ocrx_word' id='word_1_98' title='bbox 368 1046 485 1095; x_wconf 90' lang='lat' dir='ltr'>nihil</span> <span class='ocrx_word' id='word_1_99' title='bbox 508 1064 716 1112; x_wconf 85' lang='lat' dir='ltr'>unquam</span> <span class='ocrx_word' id='word_1_100' title='bbox 733 1046 1086 1112; x_wconf 75' lang='lat' dir='ltr'>supernaturale</span> <span class='ocrx_word' id='word_1_101' title='bbox 1115 1047 1242 1111; x_wconf 87' lang='lat' dir='ltr'>apud</span> <span class='ocrx_word' id='word_1_102' title='bbox 1259 1047 1364 1095; x_wconf 84' lang='lat' dir='ltr'>illos</span> <span class='ocrx_word' id='word_1_103' title='bbox 1388 1047 1599 1110; x_wconf 86' lang='lat' dir='ltr'>eveniat,</span> <span class='ocrx_word' id='word_1_104' title='bbox 1624 1049 1675 1097; x_wconf 92' lang='lat' dir='ltr'>in</span> <span class='ocrx_word' id='word_1_105' title='bbox 1696 1066 1801 1098; x_wconf 87' lang='lat' dir='ltr'>eam</span> 
     </span>
     <span class='ocr_line' id='line_1_13' title="bbox 116 1122 1796 1190; baseline 0.001 -18"><span class='ocrx_word' id='word_1_106' title='bbox 116 1126 269 1190; x_wconf 90' lang='lat' dir='ltr'>plures</span> <span class='ocrx_word' id='word_1_107' title='bbox 293 1142 347 1171; x_wconf 84' lang='lat' dir='ltr'>ex</span> <span class='ocrx_word' id='word_1_108' title='bbox 371 1123 458 1170; x_wconf 91' lang='lat' dir='ltr'>illis</span> <span class='ocrx_word' id='word_1_109' title='bbox 489 1140 712 1188; x_wconf 83' lang='lat' dir='ltr'>proruere</span> <span class='ocrx_word' id='word_1_110' title='bbox 739 1123 1036 1187; x_wconf 80' lang='lat' dir='ltr'>opinionem,</span> <span class='ocrx_word' id='word_1_111' title='bbox 1067 1140 1157 1187; x_wconf 86' lang='lat' dir='ltr'>qua</span> <span class='ocrx_word' id='word_1_112' title='bbox 1188 1124 1343 1170; x_wconf 87' lang='lat' dir='ltr'>omnia</span> <span class='ocrx_word' id='word_1_113' title='bbox 1375 1122 1673 1173; x_wconf 82' lang='lat' dir='ltr'>eliminarent</span> <span class='ocrx_word' id='word_1_114' title='bbox 1704 1127 1796 1174; x_wconf 89' lang='lat' dir='ltr'>mi-</span> 
     </span>
     <span class='ocr_line' id='line_1_14' title="bbox 117 1199 1805 1268; baseline 0.002 -21"><span class='ocrx_word' id='word_1_115' title='bbox 117 1200 267 1247; x_wconf 86' lang='lat' dir='ltr'>racula</span> <span class='ocrx_word' id='word_1_116' title='bbox 302 1217 357 1247; x_wconf 82' lang='lat' dir='ltr'>ex</span> <span class='ocrx_word' id='word_1_117' title='bbox 393 1200 566 1265; x_wconf 89' lang='lat' dir='ltr'>populo</span> <span class='ocrx_word' id='word_1_118' title='bbox 594 1199 811 1247; x_wconf 86' lang='lat' dir='ltr'>hebraico</span> <span class='ocrx_word' id='word_1_119' title='bbox 852 1208 991 1264; x_wconf 90' lang='lat' dir='ltr'>atque</span> <span class='ocrx_word' id='word_1_120' title='bbox 1034 1216 1090 1247; x_wconf 79' lang='lat' dir='ltr'>ex</span> <span class='ocrx_word' id='word_1_121' title='bbox 1123 1199 1386 1263; x_wconf 81' lang='lat' dir='ltr'>Evangelio.</span> <span class='ocrx_word' id='word_1_122' title='bbox 1421 1199 1492 1247; x_wconf 90' lang='lat' dir='ltr'>Illi</span> <span class='ocrx_word' id='word_1_123' title='bbox 1517 1218 1654 1261; x_wconf 88' lang='lat' dir='ltr'>vero,</span> <span class='ocrx_word' id='word_1_124' title='bbox 1677 1203 1805 1268; x_wconf 87' lang='lat' dir='ltr'>apud</span> 
     </span>
     <span class='ocr_line' id='line_1_15' title="bbox 111 1274 1802 1340; baseline 0.003 -18"><span class='ocrx_word' id='word_1_125' title='bbox 111 1281 232 1340; x_wconf 79' lang='lat' dir='ltr'>&#39;quos</span> <span class='ocrx_word' id='word_1_126' title='bbox 260 1274 369 1322; x_wconf 88' lang='lat' dir='ltr'>talia</span> <span class='ocrx_word' id='word_1_127' title='bbox 404 1276 522 1322; x_wconf 87' lang='lat' dir='ltr'>facta</span> <span class='ocrx_word' id='word_1_128' title='bbox 548 1293 645 1322; x_wconf 88' lang='lat' dir='ltr'>non</span> <span class='ocrx_word' id='word_1_129' title='bbox 667 1274 811 1323; x_wconf 88' lang='lat' dir='ltr'>semel</span> <span class='ocrx_word' id='word_1_130' title='bbox 836 1276 1135 1339; x_wconf 79' lang='lat' dir='ltr'>contingunt,</span> <span class='ocrx_word' id='word_1_131' title='bbox 1165 1274 1302 1340; x_wconf 82' lang='lat' dir='ltr'>longe</span> <span class='ocrx_word' id='word_1_132' title='bbox 1327 1275 1499 1323; x_wconf 83' lang='lat' dir='ltr'>absunt</span> <span class='ocrx_word' id='word_1_133' title='bbox 1519 1277 1579 1325; x_wconf 89' lang='lat' dir='ltr'>ab</span> <span class='ocrx_word' id='word_1_134' title='bbox 1601 1276 1802 1328; x_wconf 85' lang='lat' dir='ltr'>absurda</span> 
     </span>
     <span class='ocr_line' id='line_1_16' title="bbox 116 1351 1805 1417; baseline 0.004 -20"><span class='ocrx_word' id='word_1_135' title='bbox 116 1367 169 1398; x_wconf 87' lang='lat' dir='ltr'>ac</span> <span class='ocrx_word' id='word_1_136' title='bbox 198 1351 338 1417; x_wconf 89' lang='lat' dir='ltr'>impia</span> <span class='ocrx_word' id='word_1_137' title='bbox 369 1352 595 1414; x_wconf 80' lang='lat' dir='ltr'>ejusmodi</span> <span class='ocrx_word' id='word_1_138' title='bbox 622 1353 870 1400; x_wconf 83' lang='lat' dir='ltr'>sententia.</span> <span class='ocrx_word' id='word_1_139' title='bbox 899 1351 1035 1409; x_wconf 86' lang='lat' dir='ltr'>Quod</span> <span class='ocrx_word' id='word_1_140' title='bbox 1063 1351 1100 1398; x_wconf 88' lang='lat' dir='ltr'>si</span> <span class='ocrx_word' id='word_1_141' title='bbox 1124 1351 1323 1400; x_wconf 86' lang='lat' dir='ltr'>visiones</span> <span class='ocrx_word' id='word_1_142' title='bbox 1353 1351 1589 1402; x_wconf 85' lang='lat' dir='ltr'>lutherani</span> <span class='ocrx_word' id='word_1_143' title='bbox 1615 1354 1805 1404; x_wconf 86' lang='lat' dir='ltr'>Schwe-</span> 
     </span>
     <span class='ocr_line' id='line_1_17' title="bbox 118 1426 1805 1495; baseline 0.003 -22"><span class='ocrx_word' id='word_1_144' title='bbox 118 1426 359 1491; x_wconf 83' lang='lat' dir='ltr'>denborgii</span> <span class='ocrx_word' id='word_1_145' title='bbox 390 1426 593 1493; x_wconf 86' lang='lat' dir='ltr'>aliquam</span> <span class='ocrx_word' id='word_1_146' title='bbox 620 1427 933 1476; x_wconf 85' lang='lat' dir='ltr'>celebritatem</span> <span class='ocrx_word' id='word_1_147' title='bbox 964 1436 1111 1474; x_wconf 80' lang='lat' dir='ltr'>nactae</span> <span class='ocrx_word' id='word_1_148' title='bbox 1141 1437 1278 1486; x_wconf 86' lang='lat' dir='ltr'>sunt,</span> <span class='ocrx_word' id='word_1_149' title='bbox 1316 1428 1555 1493; x_wconf 74' lang='lat' dir='ltr'>potissime</span> <span class='ocrx_word' id='word_1_150' title='bbox 1577 1431 1727 1495; x_wconf 88' lang='lat' dir='ltr'>repeti</span> <span class='ocrx_word' id='word_1_151' title='bbox 1754 1430 1805 1477; x_wconf 87' lang='lat' dir='ltr'>id</span> 
     </span>
     <span class='ocr_line' id='line_1_18' title="bbox 121 1501 1804 1568; baseline 0.004 -20"><span class='ocrx_word' id='word_1_152' title='bbox 121 1501 259 1551; x_wconf 85' lang='lat' dir='ltr'>debet</span> <span class='ocrx_word' id='word_1_153' title='bbox 286 1503 344 1549; x_wconf 88' lang='lat' dir='ltr'>ab</span> <span class='ocrx_word' id='word_1_154' title='bbox 368 1502 445 1549; x_wconf 85' lang='lat' dir='ltr'>illa</span> <span class='ocrx_word' id='word_1_155' title='bbox 465 1504 661 1562; x_wconf 84' lang='lat' dir='ltr'>visione,</span> <span class='ocrx_word' id='word_1_156' title='bbox 684 1504 734 1550; x_wconf 89' lang='lat' dir='ltr'>in</span> <span class='ocrx_word' id='word_1_157' title='bbox 751 1521 841 1568; x_wconf 82' lang='lat' dir='ltr'>qua</span> <span class='ocrx_word' id='word_1_158' title='bbox 866 1505 963 1568; x_wconf 89' lang='lat' dir='ltr'>ipse</span> <span class='ocrx_word' id='word_1_159' title='bbox 993 1502 1184 1549; x_wconf 81' lang='lat' dir='ltr'>exhibet</span> <span class='ocrx_word' id='word_1_160' title='bbox 1201 1513 1446 1566; x_wconf 88' lang='lat' dir='ltr'>parentem</span> <span class='ocrx_word' id='word_1_161' title='bbox 1465 1522 1601 1553; x_wconf 86' lang='lat' dir='ltr'>suum</span> <span class='ocrx_word' id='word_1_162' title='bbox 1626 1505 1804 1556; x_wconf 88' lang='lat' dir='ltr'>Luthe—</span> 
     </span>
     <span class='ocr_line' id='line_1_19' title="bbox 122 1579 1806 1648; baseline 0.002 -23"><span class='ocrx_word' id='word_1_163' title='bbox 122 1595 226 1625; x_wconf 89' lang='lat' dir='ltr'>rum</span> <span class='ocrx_word' id='word_1_164' title='bbox 255 1579 501 1625; x_wconf 86' lang='lat' dir='ltr'>detrusum</span> <span class='ocrx_word' id='word_1_165' title='bbox 531 1579 591 1626; x_wconf 87' lang='lat' dir='ltr'>ad</span> <span class='ocrx_word' id='word_1_166' title='bbox 628 1579 798 1626; x_wconf 89' lang='lat' dir='ltr'>inferos</span> <span class='ocrx_word' id='word_1_167' title='bbox 829 1579 915 1642; x_wconf 88' lang='lat'>(1).</span> <span class='ocrx_word' id='word_1_168' title='bbox 960 1579 1177 1625; x_wconf 86' lang='lat' dir='ltr'>Ceterum</span> <span class='ocrx_word' id='word_1_169' title='bbox 1211 1579 1435 1626; x_wconf 85' lang='lat' dir='ltr'>fanaticus</span> <span class='ocrx_word' id='word_1_170' title='bbox 1471 1580 1547 1628; x_wconf 87' lang='lat' dir='ltr'>hic</span> <span class='ocrx_word' id='word_1_171' title='bbox 1583 1582 1680 1641; x_wconf 84' lang='lat' dir='ltr'>vir,</span> <span class='ocrx_word' id='word_1_172' title='bbox 1724 1583 1806 1648; x_wconf 88' lang='lat' dir='ltr'>qui</span> 
     </span>
    </p>
   </div>
   <div class='ocr_carea' id='block_1_4' title="bbox 121 1728 1808 1786">
    <p class='ocr_par' dir='ltr' id='par_1_4' title="bbox 121 1728 1808 1786">
     <span class='ocr_line' id='line_1_20' title="bbox 121 1728 1808 1786; baseline 0.005 -18"><span class='ocrx_word' id='word_1_173' title='bbox 121 1731 287 1769; x_wconf 78' lang='lat' dir='ltr'>minaire</span> <span class='ocrx_word' id='word_1_174' title='bbox 319 1743 389 1768; x_wconf 76' lang='lat' dir='ltr'>sur</span> <span class='ocrx_word' id='word_1_175' title='bbox 421 1729 598 1781; x_wconf 78' lang='lat' dir='ltr'>l’oriqine</span> <span class='ocrx_word' id='word_1_176' title='bbox 625 1729 670 1767; x_wconf 79' lang='lat' dir='ltr'>de</span> <span class='ocrx_word' id='word_1_177' title='bbox 698 1728 897 1768; x_wconf 71' lang='lat' dir='ltr'>l&#39;idoldtrie</span> <span class='ocrx_word' id='word_1_178' title='bbox 915 1759 926 1777; x_wconf 88' lang='lat'>,</span> <span class='ocrx_word' id='word_1_179' title='bbox 993 1733 1097 1782; x_wconf 83' lang='lat' dir='ltr'>juxta</span> <span class='ocrx_word' id='word_1_180' title='bbox 1120 1744 1157 1768; x_wconf 86' lang='lat' dir='ltr'>se</span> <span class='ocrx_word' id='word_1_181' title='bbox 1179 1744 1239 1768; x_wconf 86' lang='lat' dir='ltr'>eos</span> <span class='ocrx_word' id='word_1_182' title='bbox 1254 1758 1266 1781; x_wconf 91' lang='lat'>,</span> <span class='ocrx_word' id='word_1_183' title='bbox 1291 1733 1356 1783; x_wconf 86' lang='lat' dir='ltr'>qui</span> <span class='ocrx_word' id='word_1_184' title='bbox 1372 1735 1503 1786; x_wconf 86' lang='lat' dir='ltr'>majori</span> <span class='ocrx_word' id='word_1_185' title='bbox 1526 1732 1605 1773; x_wconf 86' lang='lat' dir='ltr'>zelo</span> <span class='ocrx_word' id='word_1_186' title='bbox 1616 1748 1720 1774; x_wconf 79' lang='lat' dir='ltr'>suam</span> <span class='ocrx_word' id='word_1_187' title='bbox 1742 1735 1808 1777; x_wconf 86' lang='lat' dir='ltr'>de-</span> 
     </span>
    </p>
   </div>
   <div class='ocr_carea' id='block_1_5' title="bbox 119 1795 943 3090">
    <p class='ocr_par' dir='ltr' id='par_1_5' title="bbox 119 1795 931 2307">
     <span class='ocr_line' id='line_1_21' title="bbox 119 1795 929 1848; baseline -0.004 -13"><span class='ocrx_word' id='word_1_188' title='bbox 119 1803 155 1835; x_wconf 78' lang='lat' dir='ltr'>ct</span> <span class='ocrx_word' id='word_1_189' title='bbox 173 1810 241 1835; x_wconf 78' lang='lat' dir='ltr'>sur</span> <span class='ocrx_word' id='word_1_190' title='bbox 266 1796 320 1834; x_wconf 79' lang='lat' dir='ltr'>les</span> <span class='ocrx_word' id='word_1_191' title='bbox 334 1796 435 1834; x_wconf 64' lang='lat' dir='ltr'>ideas</span> <span class='ocrx_word' id='word_1_192' title='bbox 450 1807 522 1847; x_wconf 84' lang='lat' dir='ltr'>que</span> <span class='ocrx_word' id='word_1_193' title='bbox 547 1795 598 1833; x_wconf 80' lang='lat' dir='ltr'>les</span> <span class='ocrx_word' id='word_1_194' title='bbox 608 1799 750 1848; x_wconf 58' lang='lat' dir='ltr'>paiens</span> <span class='ocrx_word' id='word_1_195' title='bbox 773 1796 929 1834; x_wconf 78' lang='lat' dir='ltr'>avaient</span> 
     </span>
     <span class='ocr_line' id='line_1_22' title="bbox 121 1859 929 1913; baseline -0.001 -13"><span class='ocrx_word' id='word_1_196' title='bbox 121 1862 165 1900; x_wconf 79' lang='lat' dir='ltr'>de</span> <span class='ocrx_word' id='word_1_197' title='bbox 184 1861 283 1900; x_wconf 79' lang='lat' dir='ltr'>leurs</span> <span class='ocrx_word' id='word_1_198' title='bbox 310 1861 516 1907; x_wconf 43' lang='lat' dir='ltr'>divinitu,</span> <span class='ocrx_word' id='word_1_199' title='bbox 544 1859 565 1913; x_wconf 57' lang='grc' dir='ltr'><strong>ἓ</strong></span> <span class='ocrx_word' id='word_1_200' title='bbox 589 1859 642 1911; x_wconf 74' lang='grc'>4;</span> <span class='ocrx_word' id='word_1_201' title='bbox 680 1860 838 1910; x_wconf 84' lang='lat' dir='ltr'>Banier,</span> <span class='ocrx_word' id='word_1_202' title='bbox 868 1861 929 1899; x_wconf 84' lang='lat' dir='ltr'>La</span> 
     </span>
     <span class='ocr_line' id='line_1_23' title="bbox 123 1925 931 1979; baseline -0.004 -13"><span class='ocrx_word' id='word_1_203' title='bbox 123 1927 351 1979; x_wconf 78' lang='lat' dir='ltr'>mytholoyie</span> <span class='ocrx_word' id='word_1_204' title='bbox 364 1934 401 1965; x_wconf 82' lang='lat' dir='ltr'>et</span> <span class='ocrx_word' id='word_1_205' title='bbox 421 1926 472 1965; x_wconf 71' lang='lat' dir='ltr'>les</span> <span class='ocrx_word' id='word_1_206' title='bbox 484 1925 607 1978; x_wconf 72' lang='lat' dir='ltr'>sables</span> <span class='ocrx_word' id='word_1_207' title='bbox 629 1926 842 1979; x_wconf 72' lang='lat' dir='ltr'>expliquees</span> <span class='ocrx_word' id='word_1_208' title='bbox 853 1939 931 1978; x_wconf 82' lang='lat' dir='ltr'>par</span> 
     </span>
     <span class='ocr_line' id='line_1_24' title="bbox 124 1990 929 2045; baseline -0.001 -14"><span class='ocrx_word' id='word_1_209' title='bbox 124 1992 305 2031; x_wconf 72' lang='lat' dir='ltr'>l&#39;hietoire</span> <span class='ocrx_word' id='word_1_210' title='bbox 320 2022 331 2040; x_wconf 94' lang='lat'><strong>‚</strong></span> <span class='ocrx_word' id='word_1_211' title='bbox 345 1992 445 2031; x_wconf 86' lang='lat' dir='ltr'>Paris</span> <span class='ocrx_word' id='word_1_212' title='bbox 477 1990 593 2044; x_wconf 81' lang='lat'>1738.</span> <span class='ocrx_word' id='word_1_213' title='bbox 615 1992 802 2045; x_wconf 85' lang='lat' dir='ltr'>Quidquid</span> <span class='ocrx_word' id='word_1_214' title='bbox 823 2006 929 2044; x_wconf 84' lang='lat' dir='ltr'>porro</span> 
     </span>
     <span class='ocr_line' id='line_1_25' title="bbox 129 2059 929 2110; baseline -0.001 -13"><span class='ocrx_word' id='word_1_215' title='bbox 129 2061 194 2106; x_wconf 85' lang='lat' dir='ltr'>sit,</span> <span class='ocrx_word' id='word_1_216' title='bbox 223 2073 269 2097; x_wconf 82' lang='lat' dir='ltr'>ex</span> <span class='ocrx_word' id='word_1_217' title='bbox 301 2059 373 2097; x_wconf 87' lang='lat' dir='ltr'>hac</span> <span class='ocrx_word' id='word_1_218' title='bbox 403 2060 479 2110; x_wconf 84' lang='lat' dir='ltr'>ipsa</span> <span class='ocrx_word' id='word_1_219' title='bbox 516 2060 683 2097; x_wconf 84' lang='lat' dir='ltr'>varietate</span> <span class='ocrx_word' id='word_1_220' title='bbox 712 2060 929 2110; x_wconf 86' lang='lat' dir='ltr'>opinionum</span> 
     </span>
     <span class='ocr_line' id='line_1_26' title="bbox 128 2123 931 2176; baseline -0.004 -12"><span class='ocrx_word' id='word_1_221' title='bbox 128 2133 163 2164; x_wconf 90' lang='lat' dir='ltr'>et</span> <span class='ocrx_word' id='word_1_222' title='bbox 178 2126 442 2164; x_wconf 80' lang='lat' dir='ltr'>sententiarum</span> <span class='ocrx_word' id='word_1_223' title='bbox 468 2132 590 2175; x_wconf 86' lang='lat' dir='ltr'>patet,</span> <span class='ocrx_word' id='word_1_224' title='bbox 610 2138 722 2176; x_wconf 85' lang='lat' dir='ltr'>quam</span> <span class='ocrx_word' id='word_1_225' title='bbox 746 2123 854 2162; x_wconf 83' lang='lat' dir='ltr'>labile</span> <span class='ocrx_word' id='word_1_226' title='bbox 886 2126 931 2162; x_wconf 81' lang='lat' dir='ltr'>sit</span> 
     </span>
     <span class='ocr_line' id='line_1_27' title="bbox 129 2189 931 2243; baseline -0.002 -15"><span class='ocrx_word' id='word_1_227' title='bbox 129 2190 416 2229; x_wconf 82' lang='lat' dir='ltr'>fundamentum</span> <span class='ocrx_word' id='word_1_228' title='bbox 444 2190 649 2243; x_wconf 85' lang='lat' dir='ltr'>mythicum</span> <span class='ocrx_word' id='word_1_229' title='bbox 667 2217 678 2234; x_wconf 88' lang='lat'>‚</span> <span class='ocrx_word' id='word_1_230' title='bbox 710 2197 751 2226; x_wconf 87' lang='lat' dir='ltr'>ut</span> <span class='ocrx_word' id='word_1_231' title='bbox 776 2189 931 2228; x_wconf 86' lang='lat' dir='ltr'>conferri</span> 
     </span>
     <span class='ocr_line' id='line_1_28' title="bbox 131 2254 824 2307; baseline -0.004 -12"><span class='ocrx_word' id='word_1_232' title='bbox 131 2260 241 2307; x_wconf 81' lang='lat' dir='ltr'>possit</span> <span class='ocrx_word' id='word_1_233' title='bbox 259 2271 346 2296; x_wconf 77' lang='lat' dir='ltr'>cum</span> <span class='ocrx_word' id='word_1_234' title='bbox 371 2256 643 2295; x_wconf 83' lang='lat' dir='ltr'>narrationibus</span> <span class='ocrx_word' id='word_1_235' title='bbox 664 2254 824 2293; x_wconf 90' lang='lat' dir='ltr'>biblicis.</span> 
     </span>
    </p>

    <p class='ocr_par' dir='ltr' id='par_1_6' title="bbox 134 2320 943 3090">
     <span class='ocr_line' id='line_1_29' title="bbox 188 2320 937 2374; baseline 0.001 -15"><span class='ocrx_word' id='word_1_236' title='bbox 188 2321 240 2371; x_wconf 88' lang='lat'>(1)</span> <span class='ocrx_word' id='word_1_237' title='bbox 270 2320 516 2374; x_wconf 80' lang='lat' dir='ltr'>Swedenborg</span> <span class='ocrx_word' id='word_1_238' title='bbox 570 2324 672 2360; x_wconf 87' lang='lat' dir='ltr'>enim</span> <span class='ocrx_word' id='word_1_239' title='bbox 733 2329 841 2359; x_wconf 83' lang='lat' dir='ltr'>natus</span> <span class='ocrx_word' id='word_1_240' title='bbox 883 2329 937 2360; x_wconf 85' lang='lat' dir='ltr'>est</span> 
     </span>
     <span class='ocr_line' id='line_1_30' title="bbox 134 2385 936 2438; baseline -0.001 -13"><span class='ocrx_word' id='word_1_241' title='bbox 134 2399 177 2425; x_wconf 82' lang='lat' dir='ltr'>ex</span> <span class='ocrx_word' id='word_1_242' title='bbox 194 2387 361 2438; x_wconf 86' lang='lat' dir='ltr'>episcopo</span> <span class='ocrx_word' id='word_1_243' title='bbox 381 2385 497 2426; x_wconf 88' lang='lat' dir='ltr'>Sueco</span> <span class='ocrx_word' id='word_1_244' title='bbox 523 2387 743 2433; x_wconf 81' lang='lat' dir='ltr'>lutherano,</span> <span class='ocrx_word' id='word_1_245' title='bbox 769 2394 804 2424; x_wconf 91' lang='lat' dir='ltr'>et</span> <span class='ocrx_word' id='word_1_246' title='bbox 831 2386 871 2424; x_wconf 85' lang='lat' dir='ltr'>in</span> <span class='ocrx_word' id='word_1_247' title='bbox 894 2398 936 2424; x_wconf 89' lang='lat' dir='ltr'>ea</span> 
     </span>
     <span class='ocr_line' id='line_1_31' title="bbox 137 2450 934 2504; baseline 0 -15"><span class='ocrx_word' id='word_1_248' title='bbox 137 2460 235 2490; x_wconf 77' lang='lat' dir='ltr'>secta</span> <span class='ocrx_word' id='word_1_249' title='bbox 259 2450 568 2499; x_wconf 84' lang='lat' dir='ltr'>enutritus;obiit</span> <span class='ocrx_word' id='word_1_250' title='bbox 588 2460 709 2490; x_wconf 80' lang='lat' dir='ltr'>autem</span> <span class='ocrx_word' id='word_1_251' title='bbox 733 2465 795 2490; x_wconf 88' lang='lat' dir='ltr'>an.</span> <span class='ocrx_word' id='word_1_252' title='bbox 819 2463 934 2504; x_wconf 82' lang='lat'><strong>1772.</strong></span> 
     </span>
     <span class='ocr_line' id='line_1_32' title="bbox 138 2508 938 2568; baseline 0 -14"><span class='ocrx_word' id='word_1_253' title='bbox 138 2517 249 2555; x_wconf 84' lang='lat' dir='ltr'>Porro</span> <span class='ocrx_word' id='word_1_254' title='bbox 270 2519 311 2554; x_wconf 90' lang='lat' dir='ltr'>in</span> <span class='ocrx_word' id='word_1_255' title='bbox 326 2508 389 2568; x_wconf 85' lang='lat' dir='ltr'>op.</span> <span class='ocrx_word' id='word_1_256' title='bbox 416 2520 474 2556; x_wconf 89' lang='lat' dir='ltr'>cui</span> <span class='ocrx_word' id='word_1_257' title='bbox 504 2521 563 2556; x_wconf 81' lang='lat' dir='ltr'>tit.</span> <span class='ocrx_word' id='word_1_258' title='bbox 594 2517 701 2556; x_wconf 81' lang='lat' dir='ltr'>Vera</span> <span class='ocrx_word' id='word_1_259' title='bbox 724 2516 938 2555; x_wconf 75' lang='lat' dir='ltr'>christiana</span> 
     </span>
     <span class='ocr_line' id='line_1_33' title="bbox 139 2581 936 2633; baseline 0 -14"><span class='ocrx_word' id='word_1_260' title='bbox 139 2581 297 2633; x_wconf 78' lang='lat' dir='ltr'>rel1&#39;9i0‚</span> <span class='ocrx_word' id='word_1_261' title='bbox 322 2581 519 2621; x_wconf 74' lang='lat' dir='ltr'>continens</span> <span class='ocrx_word' id='word_1_262' title='bbox 550 2584 771 2619; x_wconf 73' lang='lat' dir='ltr'>universam</span> <span class='ocrx_word' id='word_1_263' title='bbox 799 2582 936 2620; x_wconf 80' lang='lat' dir='ltr'>theolo-</span> 
     </span>
     <span class='ocr_line' id='line_1_34' title="bbox 140 2645 940 2698; baseline -0.001 -12"><span class='ocrx_word' id='word_1_264' title='bbox 140 2647 244 2698; x_wconf 77' lang='lat' dir='ltr'>9iam</span> <span class='ocrx_word' id='word_1_265' title='bbox 263 2660 370 2685; x_wconf 76' lang='lat' dir='ltr'>novae</span> <span class='ocrx_word' id='word_1_266' title='bbox 392 2645 573 2685; x_wconf 64' lang='lat' dir='ltr'>Ecclesiae</span> <span class='ocrx_word' id='word_1_267' title='bbox 588 2675 599 2693; x_wconf 89' lang='lat'>‚</span> <span class='ocrx_word' id='word_1_268' title='bbox 615 2647 662 2684; x_wconf 81' lang='lat' dir='ltr'>ab</span> <span class='ocrx_word' id='word_1_269' title='bbox 688 2646 940 2685; x_wconf 76' lang='lat' dir='ltr'>Emmanuele</span> 
     </span>
     <span class='ocr_line' id='line_1_35' title="bbox 140 2709 942 2763; baseline -0.004 -12"><span class='ocrx_word' id='word_1_270' title='bbox 140 2709 391 2763; x_wconf 71' lang='lat' dir='ltr'>Sweclenlzorq</span> <span class='ocrx_word' id='word_1_271' title='bbox 413 2740 424 2758; x_wconf 89' lang='lat'>,</span> <span class='ocrx_word' id='word_1_272' title='bbox 466 2709 627 2751; x_wconf 81' lang='lat' dir='ltr'>Domini</span> <span class='ocrx_word' id='word_1_273' title='bbox 659 2713 753 2750; x_wconf 67' lang='lat' dir='ltr'>Jesu«</span> <span class='ocrx_word' id='word_1_274' title='bbox 797 2710 942 2750; x_wconf 72' lang='lat' dir='ltr'>Christi</span> 
     </span>
     <span class='ocr_line' id='line_1_36' title="bbox 138 2774 937 2829; baseline 0 -14"><span class='ocrx_word' id='word_1_275' title='bbox 138 2790 269 2822; x_wconf 70' lang='lat' dir='ltr'>cervo,</span> <span class='ocrx_word' id='word_1_276' title='bbox 311 2777 515 2815; x_wconf 76' lang='lat' dir='ltr'>Amstelod.</span> <span class='ocrx_word' id='word_1_277' title='bbox 550 2789 645 2829; x_wconf 79' lang='lat'>1771</span> <span class='ocrx_word' id='word_1_278' title='bbox 666 2805 676 2823; x_wconf 91' lang='lat'><em>‚</em></span> <span class='ocrx_word' id='word_1_279' title='bbox 713 2790 790 2829; x_wconf 79' lang='lat' dir='ltr'>pag.</span> <span class='ocrx_word' id='word_1_280' title='bbox 819 2774 893 2827; x_wconf 70' lang='lat'>481</span> <span class='ocrx_word' id='word_1_281' title='bbox 925 2805 937 2824; x_wconf 89' lang='lat'>,</span> 
     </span>
     <span class='ocr_line' id='line_1_37' title="bbox 139 2841 938 2882; baseline 0 -2"><span class='ocrx_word' id='word_1_282' title='bbox 139 2842 237 2881; x_wconf 86' lang='lat' dir='ltr'>hanc</span> <span class='ocrx_word' id='word_1_283' title='bbox 261 2844 356 2882; x_wconf 85' lang='lat' dir='ltr'>inter</span> <span class='ocrx_word' id='word_1_284' title='bbox 380 2850 515 2881; x_wconf 83' lang='lat' dir='ltr'>ceteras</span> <span class='ocrx_word' id='word_1_285' title='bbox 531 2843 707 2880; x_wconf 83' lang='lat' dir='ltr'>visionem</span> <span class='ocrx_word' id='word_1_286' title='bbox 730 2841 851 2880; x_wconf 80' lang='lat' dir='ltr'>refert.</span> <span class='ocrx_word' id='word_1_287' title='bbox 872 2841 938 2880; x_wconf 84' lang='lat' dir='ltr'>Vi·</span> 
     </span>
     <span class='ocr_line' id='line_1_38' title="bbox 141 2905 941 2959; baseline 0.003 -15"><span class='ocrx_word' id='word_1_288' title='bbox 141 2906 196 2945; x_wconf 81' lang='lat' dir='ltr'>dit</span> <span class='ocrx_word' id='word_1_289' title='bbox 218 2909 258 2945; x_wconf 90' lang='lat' dir='ltr'>in</span> <span class='ocrx_word' id='word_1_290' title='bbox 283 2907 443 2959; x_wconf 83' lang='lat' dir='ltr'>quadam</span> <span class='ocrx_word' id='word_1_291' title='bbox 477 2908 621 2959; x_wconf 85' lang='lat' dir='ltr'>regione</span> <span class='ocrx_word' id='word_1_292' title='bbox 646 2905 852 2946; x_wconf 84' lang='lat' dir='ltr'>Lutherum</span> <span class='ocrx_word' id='word_1_293' title='bbox 876 2921 941 2946; x_wconf 82' lang='lat' dir='ltr'>au-</span> 
     </span>
     <span class='ocr_line' id='line_1_39' title="bbox 143 2972 942 3025; baseline 0.001 -15"><span class='ocrx_word' id='word_1_294' title='bbox 143 2972 271 3010; x_wconf 76' lang='lat' dir='ltr'>dacem</span> <span class='ocrx_word' id='word_1_295' title='bbox 286 2980 320 3010; x_wconf 85' lang='lat' dir='ltr'>et</span> <span class='ocrx_word' id='word_1_296' title='bbox 342 2973 511 3024; x_wconf 83' lang='lat' dir='ltr'>superbia</span> <span class='ocrx_word' id='word_1_297' title='bbox 524 2978 727 3012; x_wconf 84' lang='lat' dir='ltr'>tumentem</span> <span class='ocrx_word' id='word_1_298' title='bbox 743 3001 754 3020; x_wconf 89' lang='lat'>,</span> <span class='ocrx_word' id='word_1_299' title='bbox 780 2973 844 3024; x_wconf 91' lang='lat' dir='ltr'>qui</span> <span class='ocrx_word' id='word_1_300' title='bbox 860 2985 942 3025; x_wconf 83' lang='lat' dir='ltr'>con·</span> 
     </span>
     <span class='ocr_line' id='line_1_40' title="bbox 144 3036 943 3090; baseline 0.006 -16"><span class='ocrx_word' id='word_1_301' title='bbox 144 3036 313 3089; x_wconf 80' lang='lat' dir='ltr'>gregabat</span> <span class='ocrx_word' id='word_1_302' title='bbox 333 3037 527 3090; x_wconf 78' lang='lat' dir='ltr'>discipulos</span> <span class='ocrx_word' id='word_1_303' title='bbox 547 3051 629 3078; x_wconf 80' lang='lat' dir='ltr'>suos</span> <span class='ocrx_word' id='word_1_304' title='bbox 649 3066 660 3087; x_wconf 90' lang='lat'>,</span> <span class='ocrx_word' id='word_1_305' title='bbox 685 3046 722 3077; x_wconf 89' lang='lat' dir='ltr'>et</span> <span class='ocrx_word' id='word_1_306' title='bbox 745 3037 943 3079; x_wconf 83' lang='lat' dir='ltr'>collocabat</span> 
     </span>
    </p>
   </div>
   <div class='ocr_carea' id='block_1_6' title="bbox 996 1795 1809 3092">
    <p class='ocr_par' dir='ltr' id='par_1_7' title="bbox 996 1795 1809 3092">
     <span class='ocr_line' id='line_1_41' title="bbox 998 1795 1805 1842; baseline 0.011 -10"><span class='ocrx_word' id='word_1_307' title='bbox 998 1795 1191 1834; x_wconf 81' lang='lat' dir='ltr'>fenderant</span> <span class='ocrx_word' id='word_1_308' title='bbox 1217 1796 1441 1836; x_wconf 83' lang='lat' dir='ltr'>doctrinam.</span> <span class='ocrx_word' id='word_1_309' title='bbox 1475 1798 1661 1839; x_wconf 87' lang='lat' dir='ltr'>Lutherus</span> <span class='ocrx_word' id='word_1_310' title='bbox 1693 1802 1805 1842; x_wconf 88' lang='lat' dir='ltr'>modo</span> 
     </span>
     <span class='ocr_line' id='line_1_42' title="bbox 1000 1860 1809 1918; baseline 0.011 -21"><span class='ocrx_word' id='word_1_311' title='bbox 1000 1860 1209 1911; x_wconf 82' lang='lat' dir='ltr'>dogmatico</span> <span class='ocrx_word' id='word_1_312' title='bbox 1233 1862 1458 1901; x_wconf 81' lang='lat' dir='ltr'>incessanter</span> <span class='ocrx_word' id='word_1_313' title='bbox 1480 1863 1561 1902; x_wconf 83' lang='lat' dir='ltr'>haec</span> <span class='ocrx_word' id='word_1_314' title='bbox 1584 1865 1696 1905; x_wconf 78' lang='lat' dir='ltr'>verba</span> <span class='ocrx_word' id='word_1_315' title='bbox 1709 1868 1809 1918; x_wconf 88' lang='lat' dir='ltr'>inge·</span> 
     </span>
     <span class='ocr_line' id='line_1_43' title="bbox 997 1920 1805 1979; baseline 0.011 -16"><span class='ocrx_word' id='word_1_316' title='bbox 997 1925 1163 1964; x_wconf 86' lang='lat' dir='ltr'>minabat</span> <span class='ocrx_word' id='word_1_317' title='bbox 1180 1939 1190 1965; x_wconf 91' lang='lat'>:</span> <span class='ocrx_word' id='word_1_318' title='bbox 1207 1920 1303 1964; x_wconf 86' lang='lat' dir='ltr'>Sola&#39;</span> <span class='ocrx_word' id='word_1_319' title='bbox 1311 1927 1614 1979; x_wconf 71' lang='lat' dir='ltr'>fidesjustificat.</span> <span class='ocrx_word' id='word_1_320' title='bbox 1628 1929 1700 1970; x_wconf 85' lang='lat' dir='ltr'>Sed</span> <span class='ocrx_word' id='word_1_321' title='bbox 1712 1932 1805 1972; x_wconf 87' lang='lat' dir='ltr'>heu!</span> 
     </span>
     <span class='ocr_line' id='line_1_44' title="bbox 996 1991 1799 2051; baseline 0.011 -23"><span class='ocrx_word' id='word_1_322' title='bbox 996 1993 1109 2029; x_wconf 83' lang='lat' dir='ltr'>astitit</span> <span class='ocrx_word' id='word_1_323' title='bbox 1135 1991 1324 2044; x_wconf 81' lang='lat' dir='ltr'>Angelus,</span> <span class='ocrx_word' id='word_1_324' title='bbox 1352 1995 1416 2046; x_wconf 89' lang='lat' dir='ltr'>qui</span> <span class='ocrx_word' id='word_1_325' title='bbox 1434 1996 1467 2033; x_wconf 88' lang='lat' dir='ltr'>ei</span> <span class='ocrx_word' id='word_1_326' title='bbox 1483 1995 1670 2045; x_wconf 85' lang='lat' dir='ltr'>declarat,</span> <span class='ocrx_word' id='word_1_327' title='bbox 1697 2000 1799 2051; x_wconf 85' lang='lat' dir='ltr'>ejus-</span> 
     </span>
     <span class='ocr_line' id='line_1_45' title="bbox 998 2058 1803 2109; baseline 0.012 -15"><span class='ocrx_word' id='word_1_328' title='bbox 998 2058 1097 2095; x_wconf 90' lang='lat' dir='ltr'>modi</span> <span class='ocrx_word' id='word_1_329' title='bbox 1118 2058 1322 2097; x_wconf 86' lang='lat' dir='ltr'>doctrinam</span> <span class='ocrx_word' id='word_1_330' title='bbox 1342 2058 1470 2098; x_wconf 86' lang='lat' dir='ltr'>falsam</span> <span class='ocrx_word' id='word_1_331' title='bbox 1495 2074 1571 2100; x_wconf 81' lang='lat' dir='ltr'>esse</span> <span class='ocrx_word' id='word_1_332' title='bbox 1585 2091 1596 2109; x_wconf 91' lang='lat'>,</span> <span class='ocrx_word' id='word_1_333' title='bbox 1619 2076 1689 2102; x_wconf 88' lang='lat' dir='ltr'>nec</span> <span class='ocrx_word' id='word_1_334' title='bbox 1716 2079 1803 2104; x_wconf 90' lang='lat' dir='ltr'>eum</span> 
     </span>
     <span class='ocr_line' id='line_1_46' title="bbox 996 2124 1800 2179; baseline 0.011 -20"><span class='ocrx_word' id='word_1_335' title='bbox 996 2124 1192 2174; x_wconf 84' lang='lat' dir='ltr'>pervenire</span> <span class='ocrx_word' id='word_1_336' title='bbox 1219 2137 1322 2175; x_wconf 85' lang='lat' dir='ltr'>posse</span> <span class='ocrx_word' id='word_1_337' title='bbox 1354 2124 1397 2163; x_wconf 86' lang='lat' dir='ltr'>ad</span> <span class='ocrx_word' id='word_1_338' title='bbox 1422 2125 1543 2176; x_wconf 82' lang='lat' dir='ltr'>gloriae</span> <span class='ocrx_word' id='word_1_339' title='bbox 1583 2129 1800 2179; x_wconf 84' lang='lat' dir='ltr'>regionem,</span> 
     </span>
     <span class='ocr_line' id='line_1_47' title="bbox 998 2187 1805 2242; baseline 0.011 -18"><span class='ocrx_word' id='word_1_340' title='bbox 998 2189 1091 2239; x_wconf 86' lang='lat' dir='ltr'>quin</span> <span class='ocrx_word' id='word_1_341' title='bbox 1116 2187 1218 2226; x_wconf 80' lang='lat' dir='ltr'>illam</span> <span class='ocrx_word' id='word_1_342' title='bbox 1246 2189 1398 2229; x_wconf 79' lang='lat' dir='ltr'>deserat.</span> <span class='ocrx_word' id='word_1_343' title='bbox 1423 2189 1566 2242; x_wconf 83' lang='lat' dir='ltr'>Quibus</span> <span class='ocrx_word' id='word_1_344' title='bbox 1599 2193 1719 2232; x_wconf 80' lang='lat' dir='ltr'>verbis</span> <span class='ocrx_word' id='word_1_345' title='bbox 1747 2208 1805 2233; x_wconf 84' lang='lat' dir='ltr'>re-</span> 
     </span>
     <span class='ocr_line' id='line_1_48' title="bbox 998 2253 1807 2311; baseline 0.009 -21"><span class='ocrx_word' id='word_1_346' title='bbox 998 2253 1174 2291; x_wconf 84' lang='lat' dir='ltr'>formator</span> <span class='ocrx_word' id='word_1_347' title='bbox 1189 2255 1289 2292; x_wconf 85' lang='lat' dir='ltr'>velut</span> <span class='ocrx_word' id='word_1_348' title='bbox 1307 2269 1327 2293; x_wconf 87' lang='lat' dir='ltr'>a</span> <span class='ocrx_word' id='word_1_349' title='bbox 1343 2255 1501 2294; x_wconf 86' lang='lat' dir='ltr'>fulmine</span> <span class='ocrx_word' id='word_1_350' title='bbox 1526 2257 1711 2308; x_wconf 80' lang='lat' dir='ltr'>perculsus</span> <span class='ocrx_word' id='word_1_351' title='bbox 1726 2266 1807 2311; x_wconf 80' lang='lat' dir='ltr'>est3</span> 
     </span>
     <span class='ocr_line' id='line_1_49' title="bbox 1001 2320 1806 2372; baseline 0.009 -16"><span class='ocrx_word' id='word_1_352' title='bbox 1001 2320 1065 2356; x_wconf 91' lang='lat' dir='ltr'>diu</span> <span class='ocrx_word' id='word_1_353' title='bbox 1085 2327 1229 2357; x_wconf 83' lang='lat' dir='ltr'>recusat</span> <span class='ocrx_word' id='word_1_354' title='bbox 1258 2333 1296 2357; x_wconf 85' lang='lat' dir='ltr'>se</span> <span class='ocrx_word' id='word_1_355' title='bbox 1325 2320 1533 2372; x_wconf 81' lang='lat' dir='ltr'>subjicere3</span> <span class='ocrx_word' id='word_1_356' title='bbox 1567 2329 1623 2359; x_wconf 84' lang='lat' dir='ltr'>ast</span> <span class='ocrx_word' id='word_1_357' title='bbox 1653 2323 1806 2363; x_wconf 79' lang='lat' dir='ltr'>tandem</span> 
     </span>
     <span class='ocr_line' id='line_1_50' title="bbox 1001 2384 1804 2435; baseline 0.007 -14"><span class='ocrx_word' id='word_1_358' title='bbox 1001 2385 1130 2435; x_wconf 86' lang='lat' dir='ltr'>incipit</span> <span class='ocrx_word' id='word_1_359' title='bbox 1156 2384 1324 2425; x_wconf 82' lang='lat' dir='ltr'>dubitare</span> <span class='ocrx_word' id='word_1_360' title='bbox 1345 2386 1386 2423; x_wconf 85' lang='lat' dir='ltr'>in</span> <span class='ocrx_word' id='word_1_361' title='bbox 1409 2386 1518 2425; x_wconf 84' lang='lat' dir='ltr'>corde</span> <span class='ocrx_word' id='word_1_362' title='bbox 1547 2399 1627 2425; x_wconf 83' lang='lat' dir='ltr'>suo.</span> <span class='ocrx_word' id='word_1_363' title='bbox 1657 2387 1701 2426; x_wconf 85' lang='lat' dir='ltr'>In</span> <span class='ocrx_word' id='word_1_364' title='bbox 1732 2388 1804 2428; x_wconf 79' lang='lat' dir='ltr'>alio</span> 
     </span>
     <span class='ocr_line' id='line_1_51' title="bbox 1001 2449 1799 2502; baseline 0.008 -15"><span class='ocrx_word' id='word_1_365' title='bbox 1001 2462 1084 2488; x_wconf 85' lang='lat' dir='ltr'>vero</span> <span class='ocrx_word' id='word_1_366' title='bbox 1118 2451 1248 2488; x_wconf 76' lang='lat' dir='ltr'>itinere</span> <span class='ocrx_word' id='word_1_367' title='bbox 1273 2449 1519 2502; x_wconf 82' lang='lat' dir='ltr'>Swedenborg</span> <span class='ocrx_word' id='word_1_368' title='bbox 1551 2453 1692 2491; x_wconf 84' lang='lat' dir='ltr'>invenit</span> <span class='ocrx_word' id='word_1_369' title='bbox 1713 2453 1799 2493; x_wconf 86' lang='lat' dir='ltr'>Lut-</span> 
     </span>
     <span class='ocr_line' id='line_1_52' title="bbox 1006 2512 1802 2571; baseline 0.009 -19"><span class='ocrx_word' id='word_1_370' title='bbox 1006 2512 1139 2553; x_wconf 85' lang='lat' dir='ltr'>herum</span> <span class='ocrx_word' id='word_1_371' title='bbox 1172 2517 1213 2553; x_wconf 87' lang='lat' dir='ltr'>in</span> <span class='ocrx_word' id='word_1_372' title='bbox 1249 2516 1353 2554; x_wconf 81' lang='lat' dir='ltr'>tertia</span> <span class='ocrx_word' id='word_1_373' title='bbox 1377 2518 1551 2568; x_wconf 81' lang='lat' dir='ltr'>regione,</span> <span class='ocrx_word' id='word_1_374' title='bbox 1589 2530 1671 2569; x_wconf 83' lang='lat' dir='ltr'>quae</span> <span class='ocrx_word' id='word_1_375' title='bbox 1718 2532 1802 2571; x_wconf 87' lang='lat' dir='ltr'>spe-</span> 
     </span>
     <span class='ocr_line' id='line_1_53' title="bbox 1002 2581 1802 2635; baseline 0.01 -19"><span class='ocrx_word' id='word_1_376' title='bbox 1002 2581 1074 2618; x_wconf 87' lang='lat' dir='ltr'>cies</span> <span class='ocrx_word' id='word_1_377' title='bbox 1094 2587 1148 2620; x_wconf 81' lang='lat' dir='ltr'>est</span> <span class='ocrx_word' id='word_1_378' title='bbox 1169 2583 1391 2634; x_wconf 79' lang='lat' dir='ltr'>purgatorii,</span> <span class='ocrx_word' id='word_1_379' title='bbox 1414 2583 1455 2620; x_wconf 89' lang='lat' dir='ltr'>in</span> <span class='ocrx_word' id='word_1_380' title='bbox 1472 2595 1544 2635; x_wconf 86' lang='lat' dir='ltr'>qua</span> <span class='ocrx_word' id='word_1_381' title='bbox 1567 2582 1674 2622; x_wconf 82' lang='lat' dir='ltr'>datur</span> <span class='ocrx_word' id='word_1_382' title='bbox 1691 2598 1802 2635; x_wconf 79' lang='lat' dir='ltr'>opera</span> 
     </span>
     <span class='ocr_line' id='line_1_54' title="bbox 1003 2648 1801 2699; baseline 0.008 -16"><span class='ocrx_word' id='word_1_383' title='bbox 1003 2648 1230 2686; x_wconf 84' lang='lat' dir='ltr'>conversioni</span> <span class='ocrx_word' id='word_1_384' title='bbox 1249 2649 1471 2699; x_wconf 84' lang='lat' dir='ltr'>impiorum,</span> <span class='ocrx_word' id='word_1_385' title='bbox 1494 2662 1620 2687; x_wconf 87' lang='lat' dir='ltr'>eorum</span> <span class='ocrx_word' id='word_1_386' title='bbox 1638 2649 1775 2689; x_wconf 82' lang='lat' dir='ltr'>scilicet</span> <span class='ocrx_word' id='word_1_387' title='bbox 1788 2679 1801 2699; x_wconf 93' lang='lat'>,</span> 
     </span>
     <span class='ocr_line' id='line_1_55' title="bbox 1003 2712 1804 2767; baseline 0.006 -19"><span class='ocrx_word' id='word_1_388' title='bbox 1003 2712 1068 2761; x_wconf 89' lang='lat' dir='ltr'>qui</span> <span class='ocrx_word' id='word_1_389' title='bbox 1097 2712 1219 2765; x_wconf 81' lang='lat' dir='ltr'>aliquo</span> <span class='ocrx_word' id='word_1_390' title='bbox 1243 2714 1399 2752; x_wconf 88' lang='lat' dir='ltr'>crimine</span> <span class='ocrx_word' id='word_1_391' title='bbox 1431 2721 1495 2752; x_wconf 84' lang='lat' dir='ltr'>aut</span> <span class='ocrx_word' id='word_1_392' title='bbox 1529 2727 1647 2752; x_wconf 86' lang='lat' dir='ltr'>errore</span> <span class='ocrx_word' id='word_1_393' title='bbox 1678 2716 1804 2767; x_wconf 85' lang='lat' dir='ltr'>inqui-</span> 
     </span>
     <span class='ocr_line' id='line_1_56' title="bbox 1004 2777 1804 2830; baseline 0.008 -17"><span class='ocrx_word' id='word_1_394' title='bbox 1004 2778 1083 2814; x_wconf 84' lang='lat' dir='ltr'>nati</span> <span class='ocrx_word' id='word_1_395' title='bbox 1125 2786 1224 2817; x_wconf 73' lang='lat' dir='ltr'>sunt.</span> <span class='ocrx_word' id='word_1_396' title='bbox 1255 2778 1362 2817; x_wconf 87' lang='lat' dir='ltr'>Tunc</span> <span class='ocrx_word' id='word_1_397' title='bbox 1390 2777 1549 2830; x_wconf 80' lang='lat' dir='ltr'>Angelus</span> <span class='ocrx_word' id='word_1_398' title='bbox 1589 2779 1676 2818; x_wconf 84' lang='lat' dir='ltr'>dicit</span> <span class='ocrx_word' id='word_1_399' title='bbox 1704 2778 1804 2819; x_wconf 86' lang='lat' dir='ltr'>Swe-</span> 
     </span>
     <span class='ocr_line' id='line_1_57' title="bbox 1003 2841 1803 2896; baseline 0.004 -16"><span class='ocrx_word' id='word_1_400' title='bbox 1003 2841 1207 2896; x_wconf 81' lang='lat' dir='ltr'>deuborgio</span> <span class='ocrx_word' id='word_1_401' title='bbox 1224 2873 1235 2891; x_wconf 83' lang='lat'>‚</span> <span class='ocrx_word' id='word_1_402' title='bbox 1259 2844 1463 2883; x_wconf 89' lang='lat' dir='ltr'>Lutherum</span> <span class='ocrx_word' id='word_1_403' title='bbox 1481 2844 1596 2883; x_wconf 87' lang='lat' dir='ltr'>videri</span> <span class='ocrx_word' id='word_1_404' title='bbox 1615 2858 1679 2884; x_wconf 84' lang='lat' dir='ltr'>sua</span> <span class='ocrx_word' id='word_1_405' title='bbox 1699 2859 1803 2884; x_wconf 88' lang='lat' dir='ltr'>com-</span> 
     </span>
     <span class='ocr_line' id='line_1_58' title="bbox 1008 2909 1804 2960; baseline 0.001 -16"><span class='ocrx_word' id='word_1_406' title='bbox 1008 2915 1130 2945; x_wconf 88' lang='lat' dir='ltr'>menta</span> <span class='ocrx_word' id='word_1_407' title='bbox 1161 2922 1378 2960; x_wconf 83' lang='lat' dir='ltr'>agnoscere,</span> <span class='ocrx_word' id='word_1_408' title='bbox 1415 2921 1591 2960; x_wconf 83' lang='lat' dir='ltr'>spemque</span> <span class='ocrx_word' id='word_1_409' title='bbox 1627 2909 1804 2960; x_wconf 85' lang='lat' dir='ltr'>effulgere</span> 
     </span>
     <span class='ocr_line' id='line_1_59' title="bbox 1007 2971 1804 3024; baseline -0.004 -12"><span class='ocrx_word' id='word_1_410' title='bbox 1007 2985 1092 3012; x_wconf 87' lang='lat' dir='ltr'>eum</span> <span class='ocrx_word' id='word_1_411' title='bbox 1116 2974 1309 3013; x_wconf 78' lang='lat' dir='ltr'>revocandi</span> <span class='ocrx_word' id='word_1_412' title='bbox 1330 2975 1370 3012; x_wconf 91' lang='lat' dir='ltr'>in</span> <span class='ocrx_word' id='word_1_413' title='bbox 1390 2975 1488 3012; x_wconf 85' lang='lat' dir='ltr'>viam</span> <span class='ocrx_word' id='word_1_414' title='bbox 1518 2980 1668 3013; x_wconf 81' lang='lat' dir='ltr'>rectam.</span> <span class='ocrx_word' id='word_1_415' title='bbox 1695 2971 1804 3024; x_wconf 76' lang='lat' dir='ltr'>Qua-</span> 
     </span>
     <span class='ocr_line' id='line_1_60' title="bbox 1003 3037 1805 3092; baseline -0.004 -15"><span class='ocrx_word' id='word_1_416' title='bbox 1003 3045 1182 3092; x_wconf 70' lang='lat' dir='ltr'>propter,</span> <span class='ocrx_word' id='word_1_417' title='bbox 1218 3040 1362 3080; x_wconf 79' lang='lat' dir='ltr'>dicebat</span> <span class='ocrx_word' id='word_1_418' title='bbox 1396 3039 1599 3084; x_wconf 69' lang='lat' dir='ltr'>lantherus,</span> <span class='ocrx_word' id='word_1_419' title='bbox 1628 3049 1707 3075; x_wconf 74' lang='lat' dir='ltr'>non</span> <span class='ocrx_word' id='word_1_420' title='bbox 1732 3037 1805 3074; x_wconf 77' lang='lat' dir='ltr'>mi-</span> 
     </span>
    </p>
   </div>
   <div class='ocr_carea' id='block_1_7' title="bbox 1568 3101 1611 3146">
    <p class='ocr_par' dir='ltr' id='par_1_8' title="bbox 1568 3101 1611 3146">
     <span class='ocr_line' id='line_1_61' title="bbox 1568 3101 1611 3146; baseline 0.023 -1"><span class='ocrx_word' id='word_1_421' title='bbox 1568 3101 1611 3146; x_wconf 83' lang='lat'>6.</span> 
     </span>
    </p>
   </div>
  </div>
 </body>
</html>
