2028 3354
1736 175 1829 222 533

430 188 557 221 PART.
596 192 627 220 1.
666 189 786 219 SECT.
822 191 872 218 11.
912 190 1009 218 CAP.
1043 190 1107 218 lv.
1148 189 1201 218 DE
1236 188 1377 219 nom-B.
1419 189 1539 219 PRffl.

143 305 403 352 Honorium
425 304 699 370 detegatque
719 304 955 353 vafritiem
975 303 1177 352 haeretici
1196 304 1337 368 Ser-gii
1351 340 1364 365 ,
1383 322 1525 370 quam
1543 305 1642 370 ipsa
1662 306 1831 370 agendi

140 381 261 428 ratio
277 379 336 428 ab
353 382 439 429 isto
452 397 556 444 erga
579 380 714 428 illum
737 380 961 430 adhibita.
976 381 1095 428 Cum
1117 380 1246 428 enim
1257 380 1526 446 desperaret
1546 382 1726 445 Sergius
1743 417 1758 442 ,
1779 399 1829 430 se

141 456 300 504 fucum
325 458 367 504 ei
395 457 624 503 facturum
640 494 652 516 ,
684 457 1033 516 εἱῇωτεῐίωῐη,
1050 457 1177 522 quod
1197 455 1539 517 intus-latebat,
1567 458 1694 506 virus
1712 474 1831 507 evo—

142 534 358 593 muisset,
376 532 613 580 simulavit
635 533 907 581 catholicam
928 534 1089 593 fidem,
1108 549 1249 597 seque
1268 532 1365 580 zelo
1378 533 1615 581 catholicae
1628 533 1834 582 Ecclesiae

142 617 430 672 permotum,
451 618 591 673 atque
609 609 718 656 hinc
732 609 1037 657 indicendum
1058 624 1156 656 esse
1168 607 1406 656 silentium
1420 608 1665 657 ostendere
1680 611 1834 659 Hono·
1850 643 1852 645 s

141 684 210 731 rio
231 685 358 731 nisus
389 694 473 731 est.
500 684 638 746 Quod
660 703 771 734 vero
811 684 1132 733 dissimulabat
1162 701 1269 731 cum
1291 686 1497 732 Honorio
1514 723 1527 745 a
1560 686 1856 734 vaferrimusv

140 767 375 806 veterator
393 760 697 825 patefaciebat
714 761 923 809 Heraclio
944 768 991 807 et
1010 759 1130 823 Cyro
1152 759 1240 823 (1).
1264 759 1386 817 Quid
1410 777 1551 824 porro
1576 761 1674 810 haec
1693 763 1836 826 Sergii

143 836 311 898 agendi
337 836 456 883 ratio
482 854 588 884 cum
605 837 806 884 Honorio
820 834 1002 882 diversa
1023 833 1081 880 ab
1096 851 1148 881 ea
1164 870 1176 892 ‚
1199 851 1342 899 quam
1360 834 1488 883 idem
1507 846 1706 884 sectatus
1727 856 1835 886 cum

145 914 312 959 ceteris
357 922 427 960 est
451 949 463 972 a
506 914 728 976 significat
751 947 763 969 7
812 910 904 957 nisi-
937 909 1064 975 quod
1087 909 1233 974 probe
1272 912 1409 959 sciret
1424 948 1436 972 ,
1472 911 1611 959 aliam
1646 931 1835 979 prorsus

139 988 348 1036 Honorio
371 989 606 1037 i-nliaesisse
631 995 844 1033 mentem
870 986 987 1034 circa
1019 986 1299 1034 catholicum
1321 987 1489 1051 dogma
1513 1006 1538 1035 a
1563 1006 1671 1051 sua,
1693 1007 1837 1055 quam

141 1075 387 1130 propterea
418 1075 569 1127 tegere
598 1061 799 1128 sategit?
817 1062 1085 1110 Catholicus
1102 1063 1243 1126 igitur
1256 1065 1492 1111 Honorius
1505 1099 1523 1122 ,
1545 1074 1593 1112 et
1612 1065 1836 1115 catholica

136 1151 295 1189 mente
325 1140 466 1188 fidem
496 1140 751 1205 expressit3
792 1147 953 1186 contra
985 1157 1096 1189 vero
1134 1139 1318 1203 Sergius
1354 1141 1443 1188 fuit
1478 1141 1753 1204 haereticus,
1791 1153 1839 1192 et
1869 1187 1871 1189 .

143 1216 351 1265 haeretica
384 1225 545 1264 mente
573 1215 797 1263 catholice
825 1215 1005 1263 locutus
1037 1225 1125 1263 est.

203 1293 317 1339 791.
355 1291 464 1355 Obj.
492 1292 710 1340 secunda.
735 1293 781 1339 Si
804 1293 867 1338 ita
890 1310 938 1339 se
961 1309 1035 1339 res
1061 1291 1230 1352 hahet,
1253 1294 1426 1343 erravit
1447 1311 1555 1358 ergo
1579 1296 1838 1344 Concilium
1867 1336 1869 1338 .

138 1369 479 1417 oecumenicum
504 1370 592 1429 Vl,
625 1369 748 1434 quod
787 1370 838 1416 1Ο
868 1370 1017 1416 sexies
1051 1367 1295 1416 damnavit
1326 1371 1616 1432 Houorium,
1656 1373 1839 1423 actione

140 1463 314 1511 nempe
334 1448 467 1506 XIII,
500 1463 554 1494 eo
577 1446 702 1511 quod
724 1449 821 1508 ejus
845 1445 1037 1511 epistola
1067 1445 1125 1492 ad
1154 1446 1364 1508 Sergium
1393 1448 1697 1496 dissentanea
1724 1451 1783 1498 sit
1812 1469 1859 1498 a

139 1521 354 1570 Patribus
385 1523 485 1587 (2);
510 1523 636 1587 quod
658 1523 801 1587 Sergii
821 1532 1033 1570 mentem
1049 1522 1097 1568 in
1123 1522 1340 1570 omnibus
1361 1524 1421 1570 sit
1443 1533 1625 1572 secutus
1645 1542 1699 1573 aa
1716 1526 1833 1591 dog—

137 1608 264 1646 mata
295 1601 640 1648 confirmaverit
661 1600 763 1666 (3‘);
796 1599 923 1665 quod
948 1604 1044 1663 ejus
1069 1599 1266 1665 epistola
1290 1601 1340 1647 in
1362 1618 1507 1649 unam
1528 1603 1837 1670 eamdemque

132 1675 424 1740 impietatem
452 1693 559 1724 cum
590 1677 772 1742 scriptis
797 1676 1129 1725 haereticorum
1153 1687 1400 1724 concurrat
1416 1677 1512 1743 (4);
1540 1680 1639 1727 Act.
1659 1682 1831 1741 XVIII,

134 1752 260 1815 quod
296 1770 381 1816 per
418 1770 527 1800 eum
557 1753 752 1818 perinde
786 1762 927 1818 atque
962 1770 1047 1819 per
1080 1752 1192 1800 alios
1228 1754 1416 1801 daemon
1455 1755 1834 1805 disseminaverit

131 1826 341 1875 haeresim
366 1829 505 1876 unius
536 1829 791 1877 voluntatis
822 1839 870 1877 et
893 1829 1177 1894 operationis
1204 1829 1297 1894 (5)3
1320 1830 1433 1877 ibid.
1461 1832 1586 1895 quod
1607 1833 1831 1896 praedica—

132 1904 252 1952 verit
272 1922 416 1952 unam
441 1904 738 1954 voluntatem
761 1914 808 1954 et
830 1906 1150 1975 operationem
1171 1905 1262 1974 (6);
1285 1915 1333 1955 et
1352 1923 1540 1958 rursum
1562 1906 1679 1959 ibid.
1704 1910 1833 1975 quod

188 2069 241 2121 (l)
272 2069 321 2109 Ut
346 2079 446 2123 patet
468 2086 510 2111 ex
535 2072 683 2112 Ecthesi
706 2074 853 2125 vulgata
874 2074 942 2113 sub
1017 2074 1227 2113 Concilium
1254 2087 1264 2112 ι
1291 2074 1486 2114 Omnibus
1518 2075 1707 2117 haereticis
1732 2092 1835 2117 ana-

132 2134 290 2174 Heraclii
319 2139 470 2176 nomine
502 2147 537 2177 et
568 2141 807 2187 auctoritate,
837 2142 944 2193 cujus
1014 2138 1167 2188 thema,
1197 2141 1268 2191 qui
1287 2141 1606 2193 proedioaverunt
1628 2151 1663 2183 et
1686 2145 1836 2198 praedi-

130 2208 254 2239 tamen
287 2216 394 2241 verus
432 2212 560 2243 auctor
591 2206 662 2243 fuit
692 2205 855 2256 SergiuS.
891 2205 943 2244 Ea

130 2266 200 2305 cfr.
223 2268 321 2318 apud
341 2269 544 2309 Baronium
562 2271 609 2310 ad
631 2286 689 2309 an.
706 2270 787 2325 639
801 2302 812 2320 ‚
836 2287 877 2310 n.
892 2284 939 2324 9,

130 2332 195 2383 qui
219 2334 395 2385 integram
420 2335 567 2374 exhibet
583 2366 593 2383 ‚
620 2351 769 2375 necnon
788 2351 832 2376 ex
847 2336 942 2388 ejus-

128 2396 215 2435 dem
232 2396 347 2449 Sergii
362 2403 468 2451 epist.
488 2402 531 2440 ad
548 2402 708 2454 Cyrum,
729 2402 829 2455 apud
840 2402 940 2442 Har-

128 2462 236 2501 duin.
261 2462 336 2502 loc.
362 2466 427 2503 cit.
456 2466 528 2505 col.
563 2468 677 2505 1310.

182 2528 239 2578 (2)
258 2529 367 2580 Apud
381 2528 563 2569 Harduin.
576 2531 647 2569 loc.
661 2534 720 2571 cit.
737 2533 808 2571 col.
826 2533 940 2573 1331.

183 2592 235 2644 (3)
260 2593 359 2632 Ibid.
383 2594 456 2634 col.
489 2594 606 2646 1334.

183 2658 239 2709 (h)
267 2658 365 2698 Ibid.
391 2660 462 2699 col.
490 2659 610 2711 1354.

191 2726 244 2777 (5)
274 2725 374 2765 Ibid.
405 2725 522 2780 1398.

193 2788 250 2841 (6)
276 2790 359 2831 Col.
388 2790 502 2843 1414.
534 2792 653 2832 Locus
676 2793 738 2833 hic
761 2795 948 2835 difficilior

139 2855 309 2907 videtnr3
333 2859 469 2896 etenim
486 2888 497 2905 ‚
515 2867 711 2911 postquam
727 2873 953 2900 commemo-

138 2925 212 2961 rati
238 2931 326 2961 sunt
357 2939 378 2963 a
405 2923 573 2963 Concilio
601 2924 841 2975 Theodorus,
867 2925 951 2966 Ser-

140 2987 224 3040 gius
241 3017 251 3036 ,
291 2987 478 3029 Honorius
516 2991 655 3044 aliique
671 3020 681 3039 ‚
721 2993 953 3045 prosequitur

1011 2211 1103 2244 cant
1112 2233 1126 2253 ,
1158 2212 1194 2243 et
1220 2205 1355 2244 docent
1370 2220 1416 2245 ac
1435 2208 1587 2247 docturi
1604 2218 1695 2249 sunt
1713 2225 1835 2250 uitam

1012 2268 1248 2309 voluntatem
1278 2278 1315 2309 et
1344 2286 1467 2310 unam
1500 2277 1759 2326 operationem
1787 2278 1834 2315 in

1012 2335 1298 2387 dispensatione
1314 2336 1408 2376 Jesu
1430 2338 1579 2378 Christi
1589 2339 1666 2380 Dei
1683 2344 1830 2392 nostri,

1013 2401 1234 2441 anathema.
1256 2403 1312 2440 Ex
1324 2402 1462 2456 quibus
1477 2406 1621 2445 videtur
1638 2407 1781 2460 colligi,
1798 2417 1835 2448 et

1013 2466 1227 2506 Honorium
1264 2468 1434 2508 docuisse
1471 2485 1546 2509 una
1587 2485 1673 2510 cum
1707 2475 1835 2513 ceteris

1013 2548 1128 2572 unam
1156 2536 1196 2572 in
1218 2533 1363 2573 Christo
1391 2536 1620 2577 voluntatem
1643 2553 1834 2592 unamque

1013 2601 1277 2652 operationem.
1293 2600 1339 2638 At
1353 2601 1550 2641 difficultas
1575 2606 1785 2653 evanescit,
1801 2606 1832 2643 ei

1015 2665 1228 2705 observetur
1237 2679 1324 2705 cum
1334 2666 1526 2716 Garnerio,
1540 2670 1708 2710 eamdem
1721 2672 1832 2710 unice

1017 2734 1105 2770 oriri
1137 2746 1185 2771 ex
1211 2735 1353 2772 ratione
1385 2735 1711 2786 interpunctionis.
1736 2736 1831 2776 Nam

1020 2797 1217 2836 anathema
1238 2798 1342 2850 prius
1364 2798 1503 2837 dicitur
1517 2801 1694 2840 omnibus
1706 2804 1831 2840 nomic-

1020 2864 1138 2901 natim
1157 2865 1372 2914 recensitis3
1400 2871 1493 2902 tunc
1520 2865 1665 2918 adjecto
1688 2875 1831 2919 puncto

1016 2927 1193 2967 subditur
1233 2942 1244 2967 :
1283 2928 1473 2967 Omnibus
1504 2929 1696 2970 haereticis
1729 2944 1830 2970 ana-

1019 2992 1154 3032 thema.
1190 2993 1329 3033 lterum
1363 2993 1501 3048 adjecto
1535 3003 1675 3047 puncto
1707 3010 1719 3035 ε
1749 2997 1833 3047 Qui
