2028 3354
205 202 296 268 3936

690 222 848 250 TRACT.
889 221 942 249 DE
979 220 1094 249 Locis
1130 222 1427 253 THEOLOGICIS.

200 352 248 382 se
281 337 488 381 conferre
521 335 621 397 (1)7
660 343 829 381 sanctae
851 333 978 381 Sedis
1008 336 1329 384 auctoritatem
1357 339 1603 398 extollere,
1634 339 1781 386 donec
1800 340 1888 386 sci-

199 409 306 457 licet
352 427 455 473 spes
494 410 605 475 ipsis
655 410 806 475 aliqua
847 410 1020 457 affulsit
1059 411 1234 457 vitandi
1287 417 1585 477 promeritam
1625 415 1887 462 damnatio-

200 504 311 533 nem
348 487 433 551 (2).

264 563 372 608 579.
411 564 522 608 Eam
545 561 941 627 deprehendimus
967 564 1015 609 in
1038 564 1147 610 actis
1183 564 1397 611 omnibus
1428 567 1734 614 Conciliorum
1762 585 1892 615 oecu-

201 639 517 697 menicorum5
550 649 719 704 atque,
748 648 798 685 ut
829 639 970 686 verbo
1003 640 1153 686 dicam
1174 677 1186 687 .
1223 641 1269 685 in
1306 641 1432 687 fastis
1466 643 1710 702 omnibus7
1752 662 1892 691 anna-

203 714 322 760 libus
357 723 403 761 et
436 715 638 762 historiis
674 714 907 773 Ecclesiae.
949 717 1011 762 ita
1044 725 1094 762 ut
1122 715 1307 761 nullum
1342 715 1467 763 aliud
1497 717 1669 765 factum
1697 736 1890 784 perspe-

203 802 330 838 ctum
368 793 483 839 adeo
514 793 574 840 sit
610 802 748 858 atque
787 792 1078 856 exploratum
1121 793 1284 857 quovis
1322 794 1389 840 rei
1425 793 1681 842 christianae
1718 797 1886 843 seculo.

270 868 380 915 580.
424 871 664 916 Possemus
726 868 929 932 denique
982 868 1099 915 banc
1149 869 1360 916 eamdem
1420 870 1660 917 veritatem
1707 872 1891 920 firmare

202 954 360 1009 aperta
406 945 694 991 confessione
748 945 954 1008 ipsorum
1000 945 1357 1008 protestantium
1412 946 1629 1003 Lutheri,
1675 946 1852 994 Calvini
1878 986 1891 1005 .,

201 1020 605 1078 lllelanchthonis7
647 1019 905 1065 Casauboni
951 1019 1240 1084 aliorumque
1280 1020 1483 1084 plurium
1526 1022 1627 1086 (3).
1673 1040 1757 1069 nec
1797 1040 1894 1070 non

201 1099 466 1145 Graecorum
487 1098 886 1145 schismaticorum
900 1134 912 1157 ,
936 1097 1292 1160 Anglicanorum
1310 1134 1321 1155 7
1346 1099 1597 1146 Russorum
1615 1099 1704 1163 (4)
1724 1102 1894 1148 Verum

199 1191 260 1221 ne
292 1174 481 1222 ulterius
506 1192 605 1222 rem
623 1174 975 1240 protrahamus,
997 1191 1136 1238 quam
1157 1174 1506 1221 institutionum
1525 1175 1727 1222 brevitas
1749 1177 1865 1223 ferat
1879 1213 1892 1236 ‚

199 1250 271 1297 his
307 1252 410 1298 finis
437 1252 509 1298 sit.

266 1328 379 1374 581.
421 1328 613 1374 Interim
638 1327 879 1375 evidenter
895 1328 1160 1388 conficitur,
1192 1346 1288 1375 non
1314 1345 1371 1374 ex
1404 1328 1703 1374 ecclesiastica
1723 1365 1734 1387 a
1770 1328 1893 1375 mul-

200 1413 340 1469 toque
368 1406 521 1450 minus
541 1422 596 1451 ex
628 1404 812 1469 politica
832 1404 1130 1469 dispositione
1153 1404 1322 1451 factum
1348 1421 1463 1462 esse7
1487 1414 1539 1451 ut
1564 1406 1694 1451 Rom.
1731 1405 1893 1451 Ponti-

200 1484 305 1527 fices
337 1481 459 1527 Petri
493 1483 722 1546 primatus
764 1482 813 1526 in
848 1482 1114 1528 universam
1151 1481 1395 1527 Ecclesiam
1429 1481 1630 1528 haeredes
1664 1482 1882 1528 existant.

200 1558 317 1603 Nam
354 1574 459 1603 cum
491 1558 717 1622 primatus
741 1558 826 1604 iste
857 1558 919 1603 ita
952 1559 1088 1603 Petro
1121 1557 1312 1604 collatus
1343 1557 1509 1617 fuerit7
1554 1567 1605 1604 ut
1634 1574 1816 1622 semper
1837 1559 1885 1603 in

199 1632 403 1680 Ecclesiae
428 1633 604 1680 bonum
627 1633 880 1698 perdurare
904 1633 1096 1680 deberet
1113 1670 1123 1686 ,
1157 1633 1363 1698 adeoque
1392 1634 1450 1680 ad
1475 1637 1570 1695 ejus
1606 1650 1884 1680 successores

198 1711 395 1757 transire
410 1747 422 1769 ‚
451 1727 650 1775 cumque
674 1711 806 1757 Rom.
829 1710 1073 1756 Pontifices
1101 1709 1205 1756 ideo
1223 1712 1477 1773 primatum
1496 1709 1756 1767 obtineant,
1781 1710 1886 1773 quia

253 1895 309 1945 (l)
343 1894 439 1932 Sane
467 1893 610 1940 Cerdo,
647 1893 886 1940 Valentinus,
908 1892 1006 1931 Mar-

196 1963 281 1999 cion
295 1991 305 2007 ,
332 1960 516 1999 Caelestius
534 1961 671 2012 aliique
690 1960 846 1998 Romam
863 1975 899 1998 se
919 1974 1008 1998 con-

197 2026 359 2064 tulerunt
383 2027 429 2064 ad
466 2026 690 2065 reddendam
731 2028 911 2064 rationem
938 2026 1007 2064 do-

197 2094 322 2130 etrinae
343 2105 429 2131 suae.
452 2091 548 2130 Alias
570 2092 740 2130 dedimus
756 2094 1003 2130 testimouium

197 2157 392 2196 Wetstenii
416 2158 454 2196 id
478 2166 600 2209 aperte
622 2158 781 2196 fatentis.
798 2158 875 2196 Cfr.
896 2158 1004 2197 Com.

194 2225 240 2262 de
263 2223 435 2273 Maistre,
467 2223 540 2261 Du
564 2223 668 2276 Pape
687 2255 696 2271 ‚
728 2224 791 2262 liv.
819 2238 855 2271 ι,
883 2224 943 2262 ch.
962 2223 1003 2272 5,

195 2289 284 2329 edit.
314 2289 416 2341 Lyon
452 2287 578 2342 1817,
606 2299 695 2331 tom.
729 2302 763 2335 ι,
791 2304 869 2341 pag.
897 2288 948 2327 60
967 2298 1005 2327 et

194 2368 300 2407 seqq.

251 2420 303 2470 (2)
335 2420 442 2458 Plura
472 2422 582 2472 hujus
611 2422 663 2458 rei
686 2420 1000 2471 exempla'suppe-

193 2485 287 2523 ditat
321 2485 429 2524 Com.
462 2486 508 2524 de
541 2486 685 2524 Maistre
706 2515 716 2532 ‚
753 2500 813 2536 op.
853 2495 887 2523 et
929 2486 1000 2525 loe.

193 2553 257 2590 eit.
293 2551 353 2589 ch.
393 2564 438 2588 ιο
463 2581 473 2597 ‚
502 2554 695 2602 praesertim
733 2565 773 2589 ex
809 2550 935 2589 Photio
967 2560 1001 2589 et

193 2615 371 2654 Michaele
393 2615 593 2655 Cerulario.

246 2681 298 2732 (3)
312 2681 398 2720 Haee
409 2681 554 2720 exhibet
565 2681 732 2720 laudatus
748 2690 886 2729 auctor,
907 2682 999 2721 ibid.

191 2747 253 2786 ch.
278 2760 328 2799 9,
363 2746 639 2798 Temoiqmzqes
665 2753 906 2799 protestan35
933 2761 1001 2787 nee

192 2827 268 2851 non
296 2814 341 2851 de
363 2812 511 2857 Starck‚
532 2815 697 2865 quamvis
732 2821 938 2864 protestans
967 2823 1001 2853 et

191 2881 290 2931 ipse,
314 2882 352 2917 in
369 2892 436 2917 suo
454 2879 640 2917 Convivia
666 2879 705 2916 T
703 2878 867 2916 heoduli.
890 2880 1000 2919 Plura

192 2947 283 2982 item
327 2947 505 2997 congessit
534 2944 681 2983 Barruel
698 2974 707 2992 ,
754 2947 792 2982 in
829 2959 888 2996 op.
931 2944 1003 2984 Del

195 3006 319 3063 Papa.
350 3010 448 3048 trad.
474 3009 539 3048 dal
558 3010 682 3061 franc.
705 3010 851 3049 Genova
882 3008 997 3058 1803,

1074 1901 1164 1933 tom.
1186 1907 1199 1931 ι
1212 1923 1223 1941 ,
1241 1908 1279 1946 p.
1304 1907 1331 1932 11
1346 1925 1356 1942 ‚
1382 1910 1463 1946 cap.
1477 1894 1501 1933 5
1517 1925 1528 1945 ‚
1566 1895 1882 1935 Testimonianze

1072 1959 1128 1997 ἅθ’
1144 1962 1371 2011 protestami
1391 1963 1545 2000 intorno
1569 1962 1610 1998 al
1636 1963 1746 2013 Papa
1769 1976 1788 2000 e
1807 1961 1882 2000 alla

1073 2024 1200 2062 chiesa
1225 2039 1398 2063 romana.
1420 2027 1626 2065 Novissime
1642 2042 1725 2066 vero
1750 2041 1881 2078 magno

1072 2093 1180 2129 etiam
1208 2105 1361 2129 numero
1384 2105 1428 2129 ex
1462 2093 1726 2130 recentioribus
1757 2100 1878 2142 prote-

1073 2156 1256 2194 stantibus
1288 2157 1428 2207 prof'ert
1452 2159 1657 2195 testimonia
1687 2156 1851 2208 Eslinger
1868 2189 1879 2205 ‚

1073 2223 1112 2258 in
1133 2236 1197 2260 sua
1225 2222 1412 2274 Apoloqie
1434 2222 1478 2260 de
1504 2222 1540 2260 Ia
1565 2221 1728 2273 reliqion
1749 2222 1880 2261 catho-

1071 2287 1171 2339 lique
1184 2302 1264 2339 par
1285 2288 1349 2326 des
1371 2296 1525 2326 auteurs
1549 2296 1763 2340 protestans
1778 2319 1787 2336 ,
1808 2298 1876 2329 art.

1076 2350 1200 2405 Pape.

1126 2419 1176 2469 (l4)
1210 2419 1255 2456 Et
1278 2420 1355 2457 haec
1376 2422 1505 2470 pariter
1532 2421 1682 2459 adducit
1703 2421 1809 2461 Com.
1832 2421 1878 2460 de

1070 2483 1215 2522 Maistre
1233 2514 1242 2531 ‚
1273 2499 1335 2534 op.
1372 2494 1406 2522 et
1430 2485 1500 2523 loc.
1521 2491 1583 2524 cit.
1611 2488 1670 2525 ch.
1707 2500 1776 2533 ιο,
1810 2484 1878 2526 Τέ-

1068 2549 1288 2600 moiqnayes
1303 2550 1347 2587 de
1357 2549 1385 2586 l'
1393 2549 1427 2587 E
1428 2549 1520 2601 qliae
1535 2565 1658 2599 rasse,
1673 2559 1708 2590 et
1719 2565 1798 2604 par
1808 2549 1875 2589 elle

1066 2616 1299 2666 ibmoiqnaqe
1329 2615 1373 2654 de
1393 2615 1552 2669 l’Eglise
1572 2631 1730 2669 qrecque
1761 2615 1872 2654 dissi-

1066 2680 1186 2719 dente.
1211 2680 1338 2732 Quoad
1362 2691 1525 2720 auctores
1546 2696 1714 2721 armenos
1735 2694 1869 2733 eosque

1066 2748 1337 2798 antiquissimos
1351 2776 1361 2793 ‚
1387 2747 1455 2786 cfr.
1482 2747 1600 2786 Clem.
1616 2746 1773 2784 Galanus
1790 2773 1800 2793 ,
1829 2747 1868 2783 in

1069 2812 1348 2851 conciliatione
1381 2813 1563 2854 Ecclesia?
1586 2826 1754 2850 armenoe
1779 2825 1868 2850 cum

1064 2892 1250 2927 romana,
1282 2880 1406 2919 Romae
1442 2878 1532 2918 1661
1576 2887 1668 2918 tom.
1693 2893 1718 2917 u
1737 2887 1866 2925 ‚uach

1064 2943 1105 2982 ui
1125 2974 1135 2991 ‚
1168 2943 1224 2982 De
1255 2945 1460 2982 militantis
1498 2942 1681 2983 Eccleaioe
1715 2946 1837 2997 capite
1856 2975 1866 2993 ‚

1067 3022 1148 3062 pag.
1181 3009 1286 3060 225,
1315 3017 1351 3049 et
1377 3023 1481 3062 seqq.
