2028 3354
371 230 493 263 PART.
531 233 563 261 1.
599 230 719 261 sse-r·
759 230 809 259 11.
847 227 945 260 cAr.
990 231 1024 260 1.
1063 229 1119 260 ne
1156 230 1286 260 emm
1317 228 1528 260 nummu.
1707 210 1800 259 309

169 345 281 392 459.
318 344 388 392 Ad
424 345 519 404 5¹¹²,
561 345 688 391 Disc.
731 344 854 392 Deus
896 347 1032 406 juxta
1077 344 1336 410 Scripturas
1384 345 1540 409 posuit
1569 347 1799 407 primum

104 420 348 486 Apostolos
376 422 502 468 inter
534 437 637 478 eos,
679 421 759 485 qui
802 420 1137 467 charismatum
1174 421 1308 467 donis
1345 419 1704 485 praecelluerunt
1742 419 1801 467 ad

105 498 262 543 munia
293 496 594 544 ecclesiastica
634 495 877 557 obeunda,
904 514 1032 544 conc.
1050 513 1066 550 ‚·
1087 496 1297 543 absolute
1314 532 1326 555 ,
1349 514 1449 560 neq.
1480 497 1653 561 Scopus
1676 498 1801 561 Apo-

103 561 224 619 stoli
249 573 299 618 in
339 572 519 635 objecto
552 573 651 620 loco
683 573 878 621 minime
907 582 977 620 est
1001 572 1169 636 gradus
1187 571 1498 618 hierarchicos
1523 589 1764 620 recensere
1785 609 1797 631 .,

102 650 307 714 alioquin
329 651 635 698 recensuisset
657 651 926 715 Episcopos‚
951 648 1248 712 Presbyteros
1266 656 1314 695 et
1336 648 1581 708 diaconos3
1606 650 1689 697 sed
1713 650 1801 697 fuit

103 743 468 774 commemorare
502 727 624 775 varia
653 727 985 774 charismatum
1016 724 1138 771 dona
1170 733 1217 771 et
1245 723 1392 770 officia
1410 761 1422 782 ,
1467 741 1571 789 quae
1598 726 1798 790 Spiritus

101 803 144 848 S.
179 802 415 849 distribuit
447 803 494 849 in
538 803 743 850 Ecclesiae
772 801 1051 859 utilitatem3
1084 800 1156 847 his
1192 810 1351 847 autem
1373 800 1639 866 praecellere
1672 802 1803 849 affir—

101 887 201 925 mat
233 880 386 944 primo
420 878 525 928 loco
559 877 801 943 Apostolos
820 914 831 936 ,
865 876 1035 924 deinde
1067 877 1351 942 prophetas,
1394 877 1533 924 tertio
1561 877 1801 937 doctores,

102 954 275 1002 deinde
295 956 513 1015 virtutes,
542 953 711 1002 exinde
727 954 896 1017 gratias
912 954 1205 1001 curationum
1222 990 1234 1013 ,
1257 953 1587 1021 opitulatIOnes
1600 990 1613 1013 ‚
1636 953 1805 1018 guber·

100 1031 338 1091 nationes,
365 1048 531 1095 genera
551 1030 831 1093 linguarum.
849 1032 914 1078 Ex
933 1031 1021 1078 hoc
1049 1048 1162 1078 vero
1184 1031 1412 1096 sequitur7
1436 1030 1680 1095 Apostolos
1697 1033 1803 1097 qui·

100 1108 210 1155 dem
243 1108 417 1172 primos
445 1124 570 1167 esse,
611 1108 680 1153 uti
704 1111 804 1170 jam
835 1107 1035 1154 diximus
1054 1144 1066 1166 ,
1102 1108 1151 1154 in
1188 1107 1354 1155 ordine
1392 1124 1476 1154 suo
1497 1143 1509 1167 ,
1545 1124 1725 1173 nempe*
1750 1108 1803 1155 in

99 1182 387 1249 apostolatu,
409 1201 507 1230 non
539 1192 695 1231 autem
730 1184 781 1229 in
820 1183 984 1230 ordine
1013 1182 1073 1230 ad
1103 1185 1295 1231 Petrum
1317 1219 1330 1243 ,
1361 1184 1582 1232 uni-verso
1612 1183 1803 1247 collegio

99 1260 352 1326 apostolico
374 1260 621 1326 praelatum
636 1297 648 1320 ,
668 1278 778 1307 cum
801 1278 911 1308 vera
929 1259 1266 1323 jurisdictionis
1281 1268 1544 1324 potestate⁷
1569 1278 1593 1307 a
1616 1260 1803 1307 Christo

97 1337 200 1402 ipso
233 1338 321 1401 (l).

166 1413 279 1461 460.
318 1413 383 1461 Ad
419 1415 509 1473 61¹¹,
543 1414 666 1478 Ne9.
689 1415 882 1461 Omissis
905 1432 1046 1479 porro
1074 1414 1351 1461 testimoniis
1372 1413 1673 1475 Tertulliani,
1698 1415 1803 1462 H‘ie-

98 1490 283 1554 ronymi
314 1500 360 1538 et
393 1490 740 1554 Chrysostomi,
773 1507 876 1555 quae
901 1491 962 1538 ad
992 1499 1272 1555 praesentem
1308 1492 1675 1540 controversiam
1706 1508 1806 1538 non

99 1567 342 1631 pertinent
361 1602 374 1626 ,
404 1575 569 1631 utpote
598 1582 699 1631 quae
723 1566 1059 1614 commendant
1080 1567 1359 1629 dignitatem
1389 1565 1678 1631 apostolatus
1704 1584 1805 1613 om-

100 1642 242 1689 nibus
268 1659 567 1690 communem
585 1679 598 1702 ,
627 1661 679 1689 ac
707 1644 745 1690 si
771 1642 951 1708 placet,
977 1644 1119 1690 etiam
1144 1660 1412 1708 supremam
1433 1643 1483 1689 in
1504 1642 1668 1690 ordine
1689 1660 1772 1690 suo
1790 1679 1802 1702 ,

91 1721 227 1780 juxta
249 1718 398 1778 dicta7
437 1718 757 1783 expendemus
781 1756 794 1779 ,
827 1736 887 1767 ne
914 1718 1145 1782 longiores
1171 1720 1341 1778 simus,
1369 1717 1550 1783 reliqua
1580 1736 1684 1783 quae
1713 1718 1805 1765 ob-

93 1797 215 1856 jecta
242 1803 376 1854 sunt,
406 1804 453 1841 et
481 1796 696 1860 proprius
718 1796 778 1842 ad
799 1813 899 1842 rem
921 1804 1202 1860 praesentem
1228 1794 1513 1842 reseruntur.
1544 1796 1707 1860 Itaque
1732 1814 1743 1841 ε

169 1871 285 1918 461.
310 1872 357 1918 S.
381 1872 639 1937 Cyprianus
657 1872 874 1933 affirmat,
893 1871 1134 1937 Apostolos
1156 1872 1257 1937 pari
1278 1871 1418 1918 fuisse
1441 1873 1671 1918 consortio
1690 1889 1805 1937 prae-

100 1949 221 1997 ditos
249 1948 440 1997 lionoris
472 1959 519 1997 et
553 1950 797 2015 potestatis
821 1966 927 1996 cum
958 1951 1122 2008 Petro7
1154 1951 1280 1996 Dz'st.
1311 1951 1366 1995 In
1393 1949 1688 2014 apostolatu,
1722 1967 1804 1997 seu

100 2026 149 2073 in
183 2034 414 2090 potestate
450 2026 700 2092 apostolica
736 2043 788 2073 ac
818 2026 988 2073 muniis
1021 2025 1062 2073 ei
1095 2024 1313 2083 adnexis,
1349 2041 1513 2079 conc.,·
1554 2024 1641 2072 sub
1675 2027 1805 2072 omni

102 2110 316 2168 respectu
330 2139 342 2162 .,
367 2120 469 2167 neq.
488 2104 672 2151 Etenim
692 2102 978 2149 contrarium
997 2102 1174 2149 eruitur
1192 2118 1248 2149 ex
1266 2102 1379 2167 ipsis
1396 2100 1607 2148 adductis
1621 2102 1667 2148 S.
1687 2103 1807 2149 Mar·

102 2179 214 2241 tyris
241 2178 397 2227 verbis
423 2197 433 2226 :
473 2180 653 2227 Tamen
669 2215 681 2238 ,
723 2188 778 2225 ‘at
803 2182 1041 2226 unitatem
1075 2181 1412 2240 manifestaret
1431 2177 1666 2241 (Christi),
1694 2181 1804 2225 zmi-

102 2258 215 2300 tatis
245 2257 453 2317 ejusdem
476 2259 713 2321 oriyinem
735 2257 799 2301 ab
823 2272 919 2302 uno
942 2256 1251 2318 inmjm’entem
1275 2272 1367 2301 sua
1395 2257 1680 2301 auctoritate
1699 2255 1805 2301 dis-

94 2334 314 2394 posuit...
349 2333 626 2379 Eoeordz‘um
657 2334 719 2379 ah
759 2335 946 2379 unitate
976 2333 1332 2395 proficiscitur,
1367 2339 1425 2377 ‘at
1455 2331 1674 2377 Ecclesia
1703 2347 1803 2378 una

106 2502 245 2543 Petrus
261 2534 273 2556 ,
299 2504 407 2543 illius
423 2507 690 2545 communioni
707 2518 771 2545 eas
797 2505 918 2558 subji-
983 2502 1147 2543 Eclesioe
1164 2534 1176 2553 ‚
1191 2503 1559 2557 Apostoli-proprias
1576 2505 1654 2544 sibi
1665 2505 1803 2545 Eccle-

99 2583 184 2609 cere
212 2570 448 2608 tenebantur.
472 2571 518 2608 Et
541 2585 646 2610 num.
675 2583 719 2608 21
750 2584 768 2608 ε.
793 2569 918 2609 Porro
984 2571 1065 2607 sias
1088 2570 1331 2621 defenderem
1364 2573 1560 2621 sejunctas
1581 2586 1605 2610 a
1630 2582 1802 2610 commu-

104 2638 238 2689 (docet
264 2636 438 2689 Optatus)
461 2637 650 2674 unitatem
669 2635 716 2674 ab
741 2636 919 2674 omnibus
986 2636 1101 2674 nio'ne
1117 2633 1235 2675 Petri.
1262 2635 1341 2677 Sed
1362 2638 1565 2689 reqiminis
1587 2637 1801 2676 semelcon-

106 2701 301 2756 Apostolie
325 2702 554 2741 servandam
578 2703 624 2739 in
649 2701 719 2740 «illa
747 2715 830 2741 una
856 2714 921 2739 ca·
984 2703 1112 2740 scienti
1125 2703 1253 2753 forma
1264 2704 1508 2755 exposcebat,
1535 2711 1579 2741 ut
1593 2706 1800 2747 sciremus,

106 2768 238 2807 thedra
260 2769 422 2820 (Petri),
448 2781 520 2812 ne,
547 2768 583 2805 si
606 2768 653 2806 ab
666 2769 748 2819 ejus
771 2768 920 2805 unitate
987 2767 1183 2820 Apostolos
1205 2782 1349 2821 quoque
1374 2770 1477 2822 ipsos
1505 2770 1594 2808 huic
1614 2768 1753 2820 reyuloe
1781 2783 1804 2807 a

108 2834 315 2873 recedentes
364 2836 409 2872 in
450 2833 639 2875 Ecclesiis
684 2832 920 2883 (edificandis
990 2833 1139 2872 Christo
1154 2836 1391 2886 praeccriptoe
1411 2834 1582 2872 subditos
1596 2834 1735 2885 fuisse.

107 2899 226 2938 aliam
245 2900 461 2939 cathedram
476 2901 746 2938 constituerem
765 2928 776 2946 ‚
798 2899 914 2937 schie-
1041 2900 1091 2950 (Ι)
1122 2900 1199 2941 Cfr.
1224 2902 1345 2941 Estius
1371 2930 1384 2949 ,
1423 2910 1504 2940 tum
1530 2902 1591 2940 hic
1615 2929 1628 2950 ,
1657 2910 1736 2940 tum
1762 2902 1800 2937 in

108 2967 246 3003 matini
271 2972 307 3004 et
316 2973 531 3018 peccatores
551 2966 792 3005 haberentur.
816 2965 918 3004 Ναὶ·
986 2969 1094 3018 epist.
1123 2967 1167 3006 ad
1193 2967 1330 3020 Ephes.
1355 2981 1390 3005 iv
1406 2996 1416 3015 ‚
1444 2979 1485 3005 11.

109 3029 188 3069 lum
204 3037 286 3069 erat
303 3031 520 3084 periculum
537 3063 547 3081 ‚
561 3045 609 3070 ne
621 3063 633 3077 ‚
652 3036 771 3070 scissa
782 3023 928 3071 imitate
