2028 3354
211 182 307 229 230

679 194 834 225 TRAGT.
870 195 925 224 DE
960 196 1079 227 LOCIS
1113 194 1410 226 THEOLOGICIS.

212 310 546 366 controversias
569 317 748 373 posset,
780 324 883 372 quae
909 309 1115 373 quotidie
1143 311 1415 358 exoriuntur
1435 309 1532 357 sive
1554 309 1671 355 circa
1700 324 1885 371 germau·

212 406 327 435 num
351 384 699 447 Scripturarum
718 400 938 442 sensum-7
971 383 1069 431 sive
1095 385 1211 432 circa
1238 385 1455 450 quaelibet
1475 382 1696 432 doctrinae
1713 383 1861 449 capita
1876 417 1891 444 2

210 462 340 510 nulla
363 469 483 524 esset
506 459 755 507 Catholicis
783 460 900 506 ratio
930 476 978 506 se
1007 458 1217 508 Ecclesiae
1247 460 1550 508 decisionibus
1581 459 1853 522 suinciendi
1875 493 1890 520 ‚

211 548 257 586 et
275 535 540 602 captivandi
554 536 798 601 proprium
811 534 1104 583 intellectum
1123 534 1333 597 ejusdem
1350 536 1711 584 definitionibus.
1734 535 1895 583 Unus-

212 614 407 678 quisque
431 621 587 678 posset
606 630 691 676 pro
707 611 859 658 lubitu
880 613 1052 659 sentire
1076 620 1123 658 et
1142 610 1329 659 credere
1345 647 1360 670 a
1379 612 1619 677 turbaeque
1638 612 1896 660 necessario

213 697 517 736 nascerentur
543 704 595 734 ac
614 688 978 752 disputationes,
1006 687 1137 734 nullo
1165 704 1373 752 unquam
1399 696 1608 752 tempore
1634 687 1896 740 solvendae.

213 767 269 811 in.
290 763 495 811 articulis
528 764 721 810 maximi
749 763 1007 822 momenti,
1042 771 1089 810 et
1123 773 1350 828 perpetua
1391 762 1502 810 inde
1540 764 1759 810 confusio.
1796 763 1901 810 Sola

214 840 444 906 siquidem
468 840 717 887 auctoritas
740 838 1071 886 infallibilitate
1091 838 1313 886 destituta
1333 839 1392 886 ad
1410 838 1766 905 compescendas
1787 855 1902 885 con·-

213 917 462 965 troversias
497 915 730 978 religionis
764 915 956 962 minime
986 914 1138 974 valet,
1170 931 1256 962 nec
1280 915 1368 962 nisi
1394 914 1691 979 tyrannidem
1722 923 1903 979 saperet

214 992 336 1041 velle
377 991 473 1038 sola
503 992 779 1038 auctoritate
813 990 1027 1038 homines
1065 992 1244 1037 ratione
1276 990 1493 1055 praeditos
1531 990 1592 1037 ad
1626 989 1714 1037 hoc
1753 989 1907 1054 potius

216 1086 354 1133 quam
376 1067 496 1115 illud
522 1068 616 1115 fide
645 1066 935 1115 credendum
962 1066 1203 1132 impellere
1230 1065 1319 1130 (1).

273 1263 326 1315 (1)
356 1262 453 1301 Cum
489 1262 640 1301 libertas
677 1263 879 1309 examinis,
921 1270 1030 1313 prout

220 1330 448 1368 ostendimus
464 1357 477 1380 7
497 1330 542 1366 sit
556 1327 784 1380 principium
807 1327 1031 1366 fundamen-

219 1394 290 1435 tale
323 1396 638 1447 protestantismi‚
672 1393 745 1431 hoc
769 1395 846 1444 ipso
873 1393 1032 1433 eshsons

222 1462 434 1501 uberrimus
449 1460 722 1497 dissensionum
734 1471 777 1496 ac
790 1458 1030 1505 divisionum,

224 1531 277 1567 ita
302 1535 344 1565 ut
366 1526 423 1563 bis
447 1532 596 1563 centum
618 1531 724 1562 sectae
745 1538 789 1561 ex
812 1536 855 1560 eo
872 1523 1033 1574 pullula-

227 1594 346 1632 verint
363 1621 372 1640 ,
396 1599 432 1630 et
455 1603 560 1628 novae
577 1589 743 1642 quotidie
755 1590 935 1627 oriantur.
951 1588 1033 1626 Non

224 1659 295 1697 alia
313 1659 454 1696 ratione
471 1662 675 1707 potuerunt
697 1654 896 1693 Lutherani
908 1682 921 1702 ,
942 1667 1034 1705 quos

226 1731 359 1765 vocant
380 1722 603 1762 orthodoxos
624 1721 636 1772 (
653 1735 741 1759 nam
773 1722 867 1758 sicut
888 1719 1033 1757 haben-

226 1800 287 1830 tur
316 1791 423 1841 graeci
444 1786 656 1833 orthodoxi,
679 1785 787 1823 Russi
813 1786 1034 1824 schismatici

224 1853 635 1905 orthodoxi,Anglicani
646 1850 854 1900 orthodoxi,
862 1852 913 1888 sic
922 1852 1033 1890 etiam

225 1930 308 1961 sunt
321 1921 519 1959 Lutherani
531 1916 742 1965 orthodoxi,
752 1915 960 1955 Calviniani
971 1930 1035 1955 seu

223 1988 408 2027 reformati
432 1984 677 2034 orthodoxi),
699 1992 735 2022 et
748 1983 1035 2022 Reformatiim-

225 2054 350 2107 pedire
382 2052 530 2105 plenam
558 2052 710 2102 propriae
742 2056 844 2087 sectae
882 2046 1036 2086 dissolu-

230 2120 409 2158 lutionem
428 2147 440 2168 ,
479 2130 592 2169 quam
633 2114 842 2167 adoptando
879 2115 1036 2165 practice

227 2187 325 2224 viam
350 2183 596 2229 auctoritatis,
613 2194 725 2233 quam
749 2180 953 2218 theoretice
980 2193 1037 2217 re·-

226 2251 377 2303 jiciunt.
408 2247 553 2286 Exinde
577 2254 627 2284 tot
652 2245 750 2297 apud
777 2246 874 2295 ipsos
907 2252 1037 2281 coaotae

231 2315 362 2368 synodi
380 2344 390 2363 ‚
408 2321 460 2351 tot
481 2312 588 2352 editae
610 2310 698 2350 fidei
713 2310 953 2363 professiones
971 2339 981 2357 ‚
999 2317 1038 2348 ut

227 2388 375 2433 possent
398 2380 523 2432 aliquo
546 2378 656 2417 modo
678 2379 718 2415 in
739 2391 854 2415 unam
873 2377 969 2414 coire
982 2389 1038 2414 so-

230 2447 399 2484 cietatem
427 2453 465 2483 et
502 2444 591 2482 fidei
628 2443 907 2495 professionem.
942 2441 1037 2480 Cum

230 2518 359 2549 tamen
372 2510 476 2548 nullo
493 2512 576 2561 jure
597 2509 635 2547 id
651 2515 818 2559 praestare
835 2509 1035 2558 potuerint,

233 2582 358 2628 utpote
382 2574 568 2613 infallibili
600 2574 816 2611 auctoritate
847 2572 1035 2621 destituti,

233 2643 342 2694 juxta
368 2641 594 2692 principium
619 2638 714 2677 illud
735 2637 887 2676 Lutheri
903 2666 914 2688 ,
937 2639 1037 2691 quod

234 2708 291 2744 vir
308 2719 405 2744 unus
424 2703 622 2757 spiritualis
646 2718 688 2742 ac
706 2705 787 2755 pius
808 2703 937 2742 melius
954 2718 1038 2756 pos·-

235 2771 282 2809 sit
298 2782 513 2821 cognoscere
531 2769 722 2807 veritatem
741 2781 852 2820 quam
873 2771 1039 2808 universa

232 2834 416 2884 Ecclesia,
441 2834 544 2875 nulla
566 2834 705 2871 ratione
730 2833 924 2872 valuissent
935 2835 1039 2873 illam

230 2900 508 2940 dissolutionem
549 2898 728 2950 impedire
742 2928 753 2945 ,
796 2912 876 2950 quae
906 2907 1036 2951 suapte

228 2973 356 3007 natura
389 2965 540 3017 emergit
566 2977 607 3003 ex
641 2964 822 3016 principio
849 2963 1029 3004 essentiali

1095 1270 1130 1300 et
1149 1263 1387 1300 constitutivo
1404 1262 1700 1314 protestantismi.
1719 1260 1910 1314 Quaprop·
1937 1270 1941 1272 “

1097 1335 1149 1365 ter
1166 1341 1230 1378 per
1246 1327 1458 1378 Principum
1478 1328 1694 1374 sanctiones,
1711 1340 1775 1378 per
1789 1327 1908 1365 edicta

1096 1392 1242 1444 politica
1258 1421 1268 1438 ,
1290 1400 1354 1430 aut
1380 1394 1489 1430 etiam
1513 1406 1577 1443 per
1607 1392 1750 1430 decreta
1767 1393 1909 1430 consis-

1096 1458 1237 1496 torialia
1250 1487 1260 1505 ‚
1301 1458 1369 1495 sub
1407 1459 1628 1509 gravissimis
1671 1460 1786 1509 poenis
1826 1460 1905 1509 cogi

1097 1521 1266 1561 membra
1281 1522 1422 1574 singula
1433 1522 1643 1561 debuerunt
1653 1523 1698 1560 ad
1718 1521 1808 1561 fidei
1824 1536 1908 1574 pro-

1097 1588 1271 1627 fessiones
1289 1589 1479 1626 communi
1497 1588 1638 1625 calculo
1659 1588 1906 1639 profitendae,

1098 1652 1196 1704 adigi
1211 1652 1256 1690 ad
1269 1653 1307 1690 id
1322 1653 1457 1691 debent
1478 1654 1691 1704 interposita
1703 1655 1906 1704 juramenti

1098 1717 1272 1769 religione
1288 1747 1299 1765 ‚
1323 1720 1397 1756 sive
1416 1720 1531 1756 animi
1548 1719 1821 1769 persuasionem
1844 1718 1907 1756 ha-

1098 1783 1209 1822 beant
1219 1786 1294 1823 sive
1307 1799 1383 1822 non
1397 1813 1407 1831 ‚
1430 1784 1525 1822 nihil
1545 1784 1671 1822 refert.
1687 1783 1778 1831 Quis
1799 1796 1905 1834 porro

1099 1864 1174 1888 non
1196 1851 1322 1897 videt,
1347 1850 1528 1903 ejusmodi
1558 1850 1689 1902 agendi
1720 1851 1904 1888 rationem

1099 1915 1287 1953 absonam*
1310 1918 1462 1962 omnino
1492 1929 1594 1963 esse,
1630 1917 1828 1954 eversivam
1849 1916 1907 1966 ip-

1099 1982 1174 2018 sius
1187 1983 1473 2032 protestantismi
1490 1981 1668 2033 principii
1685 2010 1696 2029 ‚
1717 1995 1761 2019 ac
1782 1990 1909 2032 tyran-

1100 2046 1230 2084 nidem‘
1247 2060 1390 2098 sapere,
1406 2049 1459 2084 uti
1477 2048 1624 2098 copiose
1638 2060 1679 2085 ac
1698 2046 1905 2084 luculenter

1101 2112 1283 2159 ostendit,
1320 2112 1368 2152 D.
1392 2112 1453 2151 De
1480 2112 1654 2166 Baudry,
1681 2114 1721 2150 in
1748 2126 1810 2163 op.
1838 2113 1906 2150 cit.

1099 2174 1159 2215 La
1195 2176 1353 2229 relv‘qion
1382 2178 1435 2215 du
1470 2191 1595 2226 coeur,
1634 2177 1732 2215 Paris
1775 2175 1876 2228 1840
1892 2206 1904 2223 ,

1102 2244 1203 2281 trois.
1221 2251 1313 2294 part.
1333 2243 1440 2295 chap.
1461 2254 1499 2282 m
1513 2273 1523 2290 ‚
1546 2250 1615 2282 art.
1640 2242 1679 2282 3.
1700 2242 1808 2294 Quod
1824 2243 1909 2293 qui-

1102 2307 1186 2346 dem
1209 2308 1322 2347 fassus
1341 2316 1392 2347 est
1407 2309 1465 2347 vel
1476 2310 1552 2360 ipse
1564 2308 1765 2347 advocatus
1783 2307 1906 2360 Jayet‚

1102 2386 1225 2411 unum
1260 2387 1303 2412 ex
1336 2375 1527 2425 praecipuis
1564 2372 1740 2412 membris
1784 2373 1908 2424 magni

1102 2439 1243 2477 consilii
1263 2440 1507 2491 protestantici
1524 2441 1566 2484 inl
1578 2438 1746 2479 Helvetia
1758 2466 1770 2487 ,
1786 2439 1825 2476 in
1839 2449 1906 2475 suo

1105 2503 1258 2556 Compte
1278 2504 1420 2554 rendu,
1437 2519 1523 2557 pag.
1549 2505 1626 2543 322
1643 2534 1654 2553 ,
1674 2505 1730 2542 his
1749 2502 1867 2542 verbis
1893 2513 1905 2537 ε

1102 2568 1134 2606 J
1132 2583 1151 2607 e
1163 2583 1210 2608 ne
1222 2573 1371 2624 conyois
1378 2585 1452 2623 pas
1464 2583 1538 2608 une
1552 2569 1761 2621 confession
1776 2566 1904 2616 defoi

1102 2650 1194 2675 sans
1215 2636 1515 2689 l’infaitlibilits.
1544 2635 1603 2673 La
1612 2632 1743 2687 parole
1767 2631 1903 2669 divine

1102 2704 1220 2741 meme
1234 2732 1244 2750 ‚
1263 2704 1300 2741 si
1326 2702 1392 2741 elle
1407 2705 1579 2755 presente
1592 2698 1747 2751 quelque
1767 2695 1904 2734 obscu-

1103 2770 1177 2807 rite
1192 2798 1202 2816 ‚
1226 2782 1272 2807 ne
1294 2775 1388 2821 peut
1410 2769 1487 2806 &tre
1509 2765 1729 2816 interprstee
1741 2775 1820 2814 par
1840 2762 1905 2800 des

1102 2835 1192 2872 002·oe
1212 2835 1428 2872 humainos.
1462 2831 1529 2869 On
1550 2842 1646 2867 noue
1670 2841 1695 2865 a
1730 2827 1789 2865 dit
1816 2828 1842 2866 ὰ
1864 2827 1903 2865 la

1102 2900 1219 2937 verite
1236 2913 1306 2950 que
1318 2897 1427 2936 Diem
1442 2909 1467 2934 a
1482 2893 1646 2946 employe
1664 2892 1728 2931 des
1748 2905 1902 2944 moyem

1098 2963 1282 3003 humaim
1292 2975 1395 3017 pour
1403 2973 1441 3000 ee
1451 2958 1590 3000 revolar
1607 2959 1632 2998 ὰ
1654 2971 1751 2998 nous
1760 2973 1776 3009 ;
1796 2958 1894 2997 mais
