2028 3354
243 220 336 267 406
738 235 896 265 ratior.
935 237 989 265 ns
1025 238 1143 266 roms
1175 239 1466 271 Tnaotocicis.

244 368 397 416 neque
444 346 777 396 attributorum
821 348 1158 413 possessionem
1200 350 1437 417 quidpiam
1480 368 1682 400 romanae
1723 350 1928 401 Ecclesiae

246 425 518 483 contulisse,
550 442 694 489 quum
711 462 723 483 a
748 428 877 486 juxta
900 425 1106 490 exposita
1124 461 1136 483 7
1170 424 1269 473 haeo
1286 428 1507 475 attributa
1529 446 1622 474 non
1649 429 1822 476 fuerint
1842 429 1930 475 nisi

244 502 318 552 vel
346 518 478 548 causa
512 500 586 549 vel
615 502 802 549 effectus
830 500 1058 565 primatus
1076 535 1088 552 .
1128 518 1268 565 quem
1303 519 1456 549 secum
1496 505 1545 550 in
1575 503 1749 551 Urbem
1775 503 1934 551 intulit

244 580 407 625 Petrus
424 614 436 635 ἦ
473 580 599 639 cujus
630 579 779 643 reipsa
803 577 984 622 romani
1010 577 1252 624 Pontifices
1275 586 1322 624 et
1349 595 1625 626 successores
1658 589 1704 627 et
1727 580 1933 628 haeredes

245 654 467 701 existunt.
501 655 602 711 Quo
636 652 823 717 quidem
859 670 994 699 sensu
1016 661 1201 698 tantum
1225 653 1432 718 Episcopi
1457 657 1647 702 ‘romani
1675 674 1699 702 a
1725 656 1933 702 Patribus

243 746 524 777 successores
553 730 693 775 Petri
721 737 973 788 vocantur,
1010 737 1057 774 et
1072 727 1178 775 ideo
1197 732 1526 776 eminentiores
1550 739 1659 777 sunt
1679 732 1801 778 inter
1819 741 1937 779 cete-

247 826 321 854 ros
355 808 628 872 Episcopos7
666 807 770 871 quia
808 808 998 862 Petrus.
1041 805 1111 851 cui
1148 806 1390 853 Pontifices
1430 808 1609 854 romani
1644 808 1935 856 haereditario

238 888 344 948 jure
380 882 659 939 succedunt.
690 898 798 928 vera
832 881 1179 943 praeeminentia
1208 882 1541 942 jurisdictionis
1570 892 1617 930 et
1657 885 1937 931 auctoritatis

251 978 390 1025 supe-r
420 959 621 1022 reliquos
646 957 884 1022 Apostolos
905 958 950 1003 vi
980 957 1225 1020 primatus,
1250 957 1335 1003 sibi
1358 977 1380 1003 a
1407 959 1591 1006 Christo
1619 960 1795 1020 collati,
1817 961 1939 1025 poti-

246 1045 320 1083 tus
356 1045 442 1083 est.
485 1035 674 1082 Interim
711 1033 867 1095 magni
904 1032 1094 1078 facimus
1133 1031 1439 1097 lubenterque
1487 1036 1812 1100 amplectimur
1838 1053 1943 1082 con-

250 1113 476 1159 cessiones
510 1109 783 1165 adversarii.
814 1118 914 1154 tum
950 1106 1122 1153 scilicet
1152 1108 1338 1153 Petrum
1367 1110 1558 1156 Romam
1588 1113 1793 1173 venisse,
1824 1129 1941 1159 rom.

252 1189 500 1236 Pontifices
540 1187 662 1232 Petri
686 1187 735 1231 in
766 1184 883 1231 Sede
909 1201 1099 1230 romana
1120 1200 1400 1231 successores
1430 1203 1549 1245 esse7
1580 1189 1736 1235 Patres
1761 1206 1945 1236 vocasse

251 1265 438 1313 eosdem
463 1263 706 1310 Pontifices
734 1277 1012 1307 successores
1036 1260 1159 1306 Petri
1183 1280 1196 1318 ,ς
1229 1268 1330 1306 tum
1366 1262 1669 1326 Imperatores
1693 1265 1946 1329 primatum

250 1359 370 1389 rom.
401 1339 632 1386 Pontificis
660 1338 930 1402 agnovisse,
958 1336 1176 1398 singulari
1195 1338 1547 1400 praeeminentia
1573 1340 1695 1387 inter
1725 1341 1941 1388 Ecclesias

250 1434 413 1465 omnes
449 1433 691 1463 romanam
728 1413 893 1460 Sedem
926 1413 1001 1461 vel
1033 1430 1057 1458 a
1095 1415 1189 1459 suis
1223 1413 1488 1478 primordiis
1526 1414 1807 1476 obtinuisse3
1844 1427 1946 1464 tum

253 1494 456 1558 denique
479 1509 631 1556 neque
654 1494 995 1556 Imperatorum
1030 1488 1225 1536 decretis
1254 1507 1406 1554 neque
1430 1491 1739 1539 Conciliorum
1758 1494 1949 1540 canoni-

250 1569 338 1616 bus
358 1567 582 1632 ejusmodi
606 1566 1004 1632 praeeminentiam
1026 1565 1323 1611 constitutam
1352 1583 1474 1626 esse,
1506 1584 1608 1631 quse
1627 1569 1780 1615 omnia
1801 1569 1952 1617 hacte-

254 1664 341 1694 nus
369 1653 677 1711 protestantes
719 1652 765 1690 et
804 1642 947 1689 Graeci
979 1640 1260 1688 schismatici
1291 1641 1424 1688 nobis
1469 1643 1765 1708 impudenter
1801 1644 1951 1693 dene-

256 1723 441 1787 gabant.
473 1721 659 1768 Utinam
675 1756 687 1778 a
713 1720 791 1784 qui
820 1718 917 1765 haec
946 1719 1147 1780 ingenue
1172 1718 1378 1781 agnoscit
1399 1736 1451 1766 ac
1473 1719 1643 1767 fatetur
1659 1757 1671 1780 a
1707 1722 1950 1769 veritatem

257 1808 406 1845 totam
442 1813 684 1860 agnoscere
712 1812 761 1842 ac
784 1794 992 1859 profiteri
1020 1810 1115 1839 non
1149 1793 1442 1841 erubesceret
1465 1794 1474 1841 ἔ

327 1874 439 1919 591.
477 1872 583 1934 obj.
607 1870 824 1918 secunda.
851 1871 901 1915 10
920 1871 1124 1917 moralis
1139 1871 1402 1916 certudz'm‘s
1416 1870 1557 1933 gradu
1574 1872 1757 1919 ostendi
1771 1881 1952 1937 potest,

259 1949 561 1996 traditionem
587 1947 861 1994 catholicam
897 1945 1092 1992 minime
1122 1962 1367 2009 agnoscere
1393 1964 1512 1992 rom.
1548 1949 1818 1995 Pontificem
1834 1986 1847 2008 ⁷
1873 1950 1955 1997 ali·-

262 2044 353 2092 quo
382 2024 600 2091 peculiari
625 2041 763 2071 sensu
785 2023 967 2069 diverso
999 2038 1022 2067 a
1060 2022 1220 2068 ceteris
1254 2022 1518 2087 Episcopis,
1553 2025 1621 2070 uti
1645 2042 1952 2073 successorem

261 2103 387 2150 Petri
399 2107 523 2164 jure
553 2101 734 2147 divino.
752 2101 942 2144 Patrum
971 2098 1096 2144 enim
1120 2098 1384 2145 testimonia
1404 2136 1416 2158 a
1444 2117 1467 2146 a
1497 2102 1697 2147 romanis
1718 2101 1954 2164 polemicis

262 2179 452 2226 collecta
491 2176 553 2224 ad
584 2176 670 2222 hoc
706 2174 1016 2223 evincendum
1058 2174 1313 2236 generatim
1348 2176 1489 2221 silent
1524 2175 1609 2222 hac
1647 2176 1705 2223 de
1741 2194 1807 2224 re.
1848 2178 1955 2225 Haec

264 2255 441 2320 quippe
469 2252 732 2300 testimonia
761 2251 811 2296 in
840 2251 1046 2315 quinque
1078 2249 1242 2297 classes
1277 2249 1489 2296 distribui
1520 2261 1732 2315 possunt.
1773 2254 1842 2298 1¹¹⁰a
1877 2255 1957 2300 Est

265 2347 450 2392 eorum,
484 2329 563 2394 qui
599 2329 732 2387 unice
772 2325 1023 2372 adstruunt
1049 2325 1453 2390 praeeminentiam
1481 2326 1687 2375 Ecclesiae
1719 2346 1951 2387 romanaeg

267 2504 367 2541 modi
399 2511 606 2542 commenta
637 2502 684 2540 ab
718 2502 896 2539 haereticis
923 2503 1066 2538 invecta
1131 2499 1204 2537 hoc
1235 2501 1517 2552 epiphonemate
1551 2504 1648 2542 hano
1690 2505 1952 2543 discussionem

266 2568 486 2616 obtrudere,
507 2569 590 2605 satis
611 2568 676 2605 erit
701 2566 746 2605 ad
771 2568 921 2603 istorum
944 2573 1070 2604 retun—
1135 2565 1324 2604 concludit
1347 2580 1358 2604 ε
1391 2565 1441 2607 Si
1448 2568 1538 2619 fieri
1550 2571 1735 2621 potuisset
1749 2598 1759 2617 ‚
1781 2576 1821 2607 ue
1836 2569 1957 2606 homi..

271 2635 438 2673 dendum
465 2647 623 2673 errorem
655 2632 910 2671 condemnatio
933 2640 1002 2670 art.
1033 2644 1072 2668 1x
1140 2645 1205 2674 nes
1230 2639 1434 2671 everterem*
1449 2634 1786 2685 fundamentuma
1800 2632 1952 2671 Christo

277 2700 386 2740 Joan.
405 2700 501 2738 Huss
516 2728 527 2745 ‚
552 2699 644 2737 sacta
660 2701 698 2736 in
716 2699 879 2737 Concilio
898 2698 1079 2736 constan·
1138 2700 1307 2753 positum
1324 2730 1335 2747 ‚
1362 2714 1410 2738 ‘ne
1427 2715 1547 2739 unum
1570 2702 1723 2753 quidem
1743 2713 1822 2737 suoe
1843 2698 1956 2737 Sedis

271 2768 380 2806 tiensi
397 2762 579 2817 :Papalis
592 2764 758 2816 diynitas
776 2777 800 2801 a
824 2762 1067 2801 Coesareino-
1134 2764 1316 2803 hoeredem
1360 2767 1489 2804 Romae
1534 2764 1690 2804 Petrum
1722 2763 1949 2813 habuisse23
2008 2798 2019 2820 b.

271 2832 387 2882 levit,
418 2841 455 2870 et
489 2834 614 2883 Papae
642 2830 825 2883 profhetio
855 2843 879 2867 a
905 2829 1071 2868 Coesaris
1136 2832 1228 2870 adeo
1256 2846 1386 2870 verum
1414 2841 1491 2880 est,
1515 2833 1672 2871 Romam
1697 2831 1951 2870 christianam
2016 2843 2023 2887 'y

268 2900 441 2952 potentia
470 2897 674 2936 emanavit.
696 2896 814 2949 Quare
838 2898 967 2934 merito
987 2895 1073 2932 Bar·
1139 2897 1269 2936 debere
1291 2897 1398 2936 nihil
1421 2899 1549 2936 Romw
1572 2910 1739 2949 paqanae
1756 2927 1766 2942 ‚
1789 2910 1943 2948 sumque
1996 2913 2019 2938 -ς,

271 2966 374 3012 ruci,
411 2967 450 3002 in
475 2978 539 3015 op.
571 2965 636 3002 cit.
660 2960 738 3000 Sul
761 2974 864 3012 papa
894 2961 939 2997 ed
960 2962 977 2998 i
991 2961 1078 2998 suoi
1141 2963 1241 3001 seclis
1247 2965 1475 3015 primatum,
1491 2975 1569 2999 non
1584 2962 1779 3000 Coesarum
1794 2962 1942 3009 throno,
2008 2974 2011 2982 ³

271 3030 427 3080 diruti,
455 3038 547 3068 tom.
575 3043 587 3066 1
604 3058 615 3080 ,
637 3043 675 3081 p.
692 3041 715 3066 2
734 3058 743 3077 ‚
767 3042 848 3080 cap.
863 3042 876 3068 1
889 3058 900 3074 ‚
923 3043 961 3081 p.
983 3024 1071 3074 158,
1138 3029 1203 3066 sed
1222 3028 1295 3066 coli
1311 3029 1425 3067 Petro
1443 3034 1635 3079 acceptum
1658 3027 1794 3079 referre
1809 3029 1826 3066 Ι
