2028 3354
218 199 316 247 264
713 219 874 250 rnAc'r.
908 221 963 252 »Ε
996 223 1113 255 tems
1148 224 1444 257 runoioetms.

225 333 349 380 hisce
375 330 681 396 temporibUS.
702 331 756 377 2⁰
776 332 987 380 Profecto
1006 335 1164 382 Patres
1184 338 1273 384 Leo
1295 339 1357 385 M.
1385 338 1458 402 (1)
1477 375 1489 395 ,
1516 337 1719 401 Pelagius
1745 340 1784 386 11
1802 339 1872 404 (2)
1888 377 1900 400 .,

224 408 469 472 Gregorius
499 407 561 454 M.
600 406 670 470 (3)
692 443 704 466 ,
736 406 904 472 aliique
936 410 1110 473 passim
1144 415 1378 475 communi
1412 413 1584 461 calculo
1619 414 1905 476 docuerunt,

222 484 317 532 sola
342 482 432 530 fide
447 492 638 548 excepta
659 519 671 542 a
687 500 821 549 posse
839 485 1097 543 retractari,
1119 485 1344 551 quidquid
1360 490 1406 535 in
1432 489 1642 537 Conciliis
1663 490 1900 537 definitur.

222 562 274 608 30
295 561 444 624 Atque
473 559 583 606 hinc
609 559 781 606 factum
810 569 904 619 est7
935 570 988 608 ut
1016 562 1294 626 posteriores
1324 562 1415 610 duo
1449 565 1693 612 Pontifices
1720 584 1744 612 a
1771 584 1906 614 com-

221 636 446 684 munione
468 636 662 682 minime
688 638 1006 701 separaverint
1039 655 1143 697 eos7
1177 638 1258 703 qui
1287 637 1555 689 abnuebant
1585 643 1907 691 definitionem

220 711 412 760 Concilii
433 711 706 759 oecumenici
736 714 771 758 V
800 713 917 759 circa
943 714 1029 760 tria
1061 714 1277 778 capitula.
1311 714 1364 760 4⁰
1386 715 1524 778 Cujus
1559 718 1747 781 quidem
1771 720 1908 767 avitae

218 789 328 836 fidei
350 787 567 853 exemplo
597 796 706 834 sunt
731 806 918 851 prorsus
946 789 1258 849 ineluctabili,
1288 790 1412 839 inter
1441 799 1642 852 ceteros,
1674 794 1908 842 Bellarmi-

217 882 307 912 nus
337 873 385 911 et
411 864 632 910 Baronius
652 899 664 920 .,
688 880 889 928 quorum
913 865 1058 930 prior,
1082 865 1277 930 loquens
1300 867 1358 914 de
1388 867 1687 916 damnatione
1716 872 1907 918 Honorii

216 942 334 988 facta
356 940 407 986 in
431 947 558 987 s'exta
581 940 792 1004 Synon
824 940 1036 1005 pluribus
1062 940 1214 990 allatis
1239 943 1290 988 in
1319 947 1415 1005 ejus
1444 944 1761 993 defensionem
1777 983 1789 1006 7
1825 948 1908 995 de-

215 1035 349 1064 mum
374 1015 610 1063 concludit
635 1033 644 1061 :
679 1016 818 1078 Quod
843 1020 889 1063 si
913 1019 1097 1081 aliquis
1124 1035 1220 1064 non
1241 1023 1395 1082 possit
1428 1021 1634 1076 adduci,
1667 1030 1723 1067 ut
1750 1024 1912 1070 credat

213 1102 497 1156 corruptam
521 1101 702 1139 semaam
730 1092 977 1154 Synodum
990 1128 1007 1150 ,
1039 1098 1082 1141 is
1116 1096 1328 1158 accipiat
1359 1097 1561 1148 alteram
1593 1098 1903 1156 solutionem„

214 1188 323 1235 quoe
349 1177 416 1215 est
436 1170 647 1216 Joannis
670 1186 700 1213 a
733 1165 1102 1216 Turrecremata
1113 1204 1130 1227 ,
1150 1171 1235 1216 lib.
1261 1171 1343 1231 II,
1367 1172 1422 1217 de
1440 1172 1684 1231 Ecclesia,
1700 1191 1805 1237 cap.
1825 1175 1910 1231 93,

214 1250 307 1310 qni
326 1246 474 1300 docet,
496 1245 668 1291 Patres
703 1243 776 1292 VI
796 1245 980 1308 Synodi
1003 1247 1258 1293 damnasse
1276 1248 1468 1310 quidem
1499 1247 1803 1305 Honorinm,
1831 1253 1914 1298 sed

211 1340 269 1369 esc
281 1323 412 1385 falsa
431 1323 773 1384 informatione
786 1358 799 1375 ‚
823 1339 881 1367 ac
892 1323 1099 1385 proinde
1114 1323 1166 1368 in
1183 1324 1433 1385 eojnclicio
1454 1341 1650 1371 errasse.
1677 1326 1909 1389 Quamvis

213 1402 345 1447 enim
361 1399 579 1461 yenerale
607 1397 873 1445 Concilium
902 1400 1169 1461 leyitimum
1188 1416 1283 1447 non
1295 1404 1452 1462 possit
1467 1418 1630 1447 errare
1643 1436 1657 1460 ‚
1683 1411 1741 1448 ut
1761 1420 1908 1466 neque

213 1477 397 1522 erravit
432 1475 515 1520 hoc
560 1482 773 1531 sextum,
812 1477 867 1520 in
909 1475 1211 1538 doqmatihus
1242 1476 1364 1536 fidei
1397 1476 1710 1538 definiendis,
1747 1487 1908 1526 tamen

212 1568 378 1599 errare
393 1558 545 1613 potest
574 1552 630 1596 in
664 1551 1007 1612 quaestionibus
1037 1552 1092 1597 de
1119 1553 1267 1613 facto.
1300 1552 1469 1615 Itaque
1494 1560 1592 1599 tuto
1620 1553 1773 1599 dicere
1794 1571 1910 1616 pos-

210 1644 404 1683 sumus,
427 1627 506 1673 hos
516 1635 682 1690 patres
700 1626 905 1689 deceptos>²
928 1644 985 1673 ecc
1002 1629 1145 1689 falsis
1165 1629 1446 1674 rumoribus
1459 1665 1472 1683 ,
1493 1637 1537 1675 et
1552 1645 1650 1675 non
1668 1631 1909 1678 intellectis

211 1704 427 1750 Honcrii
446 1704 652 1766 epistolis
668 1739 681 1757 ,
707 1704 946 1749 immerito
966 1720 1077 1750 cum
1101 1702 1338 1750 haereticis
1362 1721 1727 1751 connumerasse
1745 1706 1907 1753 Hono-

209 1785 346 1827 rium
385 1780 473 1842 (4).
522 1779 651 1827 Alter
682 1796 820 1836 vem,
860 1797 1030 1845 nempe
1065 1781 1319 1840 Baronius,
1359 1798 1466 1828 curn
1499 1791 1546 1829 et
1581 1781 1680 1846 ipse
1718 1782 1904 1847 longam

207 1857 430 1905 texuisset
451 1855 659 1918 ejusdem
693 1856 886 1903 Honorii
914 1856 1170 1920 apologiam
1187 1892 1199 1915 ⁷
1232 1856 1422 1905 tandem
1451 1857 1685 1905 concludit
1710 1876 1722 1905 ε
1747 1860 1813 1907 Id
1834 1863 1905 1924 ip-

207 1950 317 1980 sum
338 1933 545 1979 dixerim
568 1935 624 1978 in
651 1934 715 1978 iis
733 1968 745 1987 2
771 1949 876 1994 quoe
894 1932 962 1978 ad
974 1934 1116 1995 fidem
1141 1941 1376 1995 spectant,
1405 1942 1461 1980 ut
1484 1936 1628 1996 plane
1653 1937 1818 1999 relzyz'o
1844 1939 1908 1983 sit

209 2010 280 2056 vel
311 2010 462 2056 latum
492 2025 703 2073 unyuem
734 2009 796 2053 ab
823 2009 886 2055 iis
904 2042 920 2064 ,
939 2026 1046 2070 quoe
1076 2012 1131 2054 in
1160 2017 1328 2055 sancta
1351 2010 1537 2071 Synodo
1565 2019 1680 2057 sunt
1703 2020 1901 2071 statuta,

205 2086 443 2139 recedere,·
470 2094 522 2132 at
539 2088 592 2131 in
620 2087 702 2139 iis,
725 2102 830 2147 quae
858 2085 928 2130 ad
940 2101 1173 2146 personas
1197 2088 1446 2147 pertinent
1480 2095 1525 2132 et
1552 2089 1732 2148 scripta
1768 2089 1902 2149 ipso-

204 2179 349 2219 rum,
386 2179 480 2209 non
513 2164 582 2207 ita
605 2162 761 2224 o⁰i9ide
785 2165 1031 2222 reperitur
1058 2161 1290 2207 custodita
1316 2178 1540 2208 censura.
1569 2161 1706 2209 Nam
1729 2173 1903 2225 patens

204 2240 474 2301 exemplum
496 2246 563 2284 est
582 2239 637 2284 cle
670 2236 714 2282 V
729 2237 915 2299 Synodo
925 2270 941 2292 ,
970 2254 1074 2299 quoe
1102 2239 1201 2283 tria
1230 2239 1442 2300 capitula
1464 2237 1823 2300 condemnavit,
1847 2241 1909 2286 de*

203 2315 381 2376 quihus
397 2332 428 2360 a
445 2321 744 2361 sacrosancto
768 2311 975 2359 Concilio
996 2313 1364 2360 chalcedonensi·
1384 2314 1542 2361 videri
1548 2322 1744 2375 poterat
1760 2317 1904 2362 aliter

201 2399 390 2445 actum,
425 2407 587 2452 nempe
617 2390 672 2436 de
703 2388 936 2436 Theodoro
956 2423 972 2445 ,
1020 2389 1064 2436 T
1061 2389 1296 2436 heodoreto
1326 2398 1370 2435 et
1402 2390 1511 2436 Iba.
1540 2389 1605 2436 In
1636 2391 1712 2436 his
1743 2393 1897 2447 enim,

203 2483 311 2528 quoe
331 2469 460 2528 facti
475 2474 620 2523 sunt,
647 2469 916 2526 contz'nyere
927 2481 1060 2526 posse
1076 2501 1089 2524 7
1112 2472 1168 2510 ut
1189 2482 1317 2512 unus
1342 2469 1540 2528 quisque
1559 2467 1787 2526 fallatur,
1813 2484 1897 2513 ne·-

203 2543 333 2587 mini
356 2543 561 2588 dubium
592 2544 671 2588 est.
713 2541 783 2587 Et
812 2549 928 2586 tnnc
959 2542 1089 2588 illud
1119 2541 1275 2587 Pauli
1300 2542 1369 2587 acl
1406 2541 1618 2589 Corinth.
1657 2544 1899 2604 usurpari

199 2625 351 2680 posset
371 2634 381 2663 :
405 2617 516 2664 Non
539 2621 667 2663 enim
682 2633 938 2679 possumus
964 2617 1158 2680 aliquid
1173 2617 1402 2664 adversus
1422 2620 1683 2678 veritatem,
1707 2618 1790 2663 sed
1795 2633 1891 2679 pro

253 2747 307 2797 (Ι)
337 2745 467 2799 Epist.
484 2758 567 2785 cxlx
582 2776 593 2794 ‚
612 2746 664 2784 ad
679 2743 897 2784 Maximum
914 2746 1002 2785 An-
1126 2747 1177 2798 (3)
1203 2747 1334 2799 Epist.
1358 2763 1406 2795 11,
1432 2749 1483 2787 ad
1509 2748 1706 2786 Constant.
1735 2745 1886 2785 Medio-

197 2811 310 2851 tioch.
337 2825 418 2862 cap.
452 2810 502 2858 5,
534 2811 628 2849 edit.
652 2810 826 2850 Ballerin.
1069 2812 1147 2851 lan.
1177 2814 1267 2853 edit.
1293 2814 1412 2853 Maur.
1438 2823 1528 2853 tom.
1555 2825 1605 2859 n,
1630 2811 1701 2850 col.
1728 2810 1822 2851 683.

253 2876 303 2928 (2)
328 2871 458 2928 Epist.
492 2890 543 2923 11,
580 2876 632 2912 ad
664 2870 801 2913 Etiam
831 2875 1000 2929 Aquilej.
1125 2877 1180 2928 (4)
1218 2878 1283 2916 De
1323 2892 1470 2917 suanno
1519 2876 1653 2927 Pontf.
1704 2877 1768 2915 lib.
1812 2892 1848 2916 xv
1871 2908 1881 2925 ‚

193 2949 226 2980 et
238 2941 331 2981 alios
342 2941 527 2995 Episcop.
542 2939 684 2988 Istriae,
695 2943 736 2979 in
751 2941 842 2981 Act.
860 2941 1005 2982 concil.
1075 2955 1156 2993 cap.
1198 2955 1259 2982 11.

192 3008 363 3060 Labbaei‚
390 3018 477 3048 tom.
507 3022 543 3060 v,
570 3009 641 3048 col.
666 3005 760 3048 631.
