2028 3354
1755 208 1818 254 79

415 233 542 262 PART.
579 233 609 260 1.
646 230 744 260 GAP.
783 230 834 259 11.
871 229 925 258 DE
961 227 1131 258 CHRISTI
1166 227 1286 257 ECCL.
1326 226 1524 256 CONSTIT.

141 346 266 413 apud
288 347 412 412 ipsos
436 343 709 402 Catholicos‚
736 340 956 389 miracula
979 357 1030 388 ac
1055 339 1176 387 dona
1193 337 1552 387 extraordinaria
1577 354 1822 401 argumen*

144 433 245 471 tum
274 422 464 469 minime
494 437 592 467 esse
620 418 849 466 interioris
884 416 1166 474 sanctitatis,
1196 432 1302 462 cum
1328 423 1376 462 et
1396 413 1454 461 ab
1476 413 1627 479 impiis
1646 414 1821 479 patrari

141 500 335 564 possint.
364 498 499 559 Ergo.

209 573 314 620 136.
354 573 487 636 Resp.
518 570 586 618 Ad
605 571 667 617 1¹³¹
687 606 698 629 ‚
729 571 854 616 Dz‘st.
880 568 924 615 Si
947 567 1032 625 illi,
1053 566 1131 630 qui
1148 565 1246 613 haec
1269 564 1531 630 proferunt,
1549 566 1823 615 firmissimis

141 649 428 696 documentis
458 665 554 694 non
594 646 907 693 inniterentur
928 678 941 701 ,
972 658 1096 689 conc.
1113 658 1130 696 ;
1163 642 1199 687 si
1234 639 1399 688 validis
1426 656 1478 686 ac
1512 641 1656 688 firmis
1681 642 1823 690 docu-

145 724 314 771 mentis
332 723 612 780 innitantur.,
633 739 734 784 neq.
756 719 932 766 Rident
944 717 1149 781 profecto
1163 714 1387 762 increduli
1405 731 1456 761 ac
1473 714 1698 778 haeretici,
1710 718 1824 766 dum

141 800 249 847 talia
271 799 495 858 audiunt,
518 806 564 845 et
581 794 812 844 cachinnis
837 794 976 839 etiam
1005 791 1266 857 excipiunt3
1298 800 1369 838 ast
1395 790 1570 850 rident,
1600 802 1652 839 ut
1673 793 1824 841 insani

139 876 290 924 ridere
312 874 461 921 solent
476 891 544 932 ea,
564 887 663 937 quae
682 887 781 917 non
804 868 1085 933 percipiunt.
1104 866 1240 914 Aliud
1262 884 1403 933 porro
1421 876 1490 915 est
1503 876 1821 928 contemnere,

141 961 194 998 ut
210 951 381 1016 passim
399 949 569 996 faciunt
586 945 836 994 adversarii
858 944 1003 991 nostri
1017 979 1031 1003 ,
1056 943 1180 991 aliud
1201 960 1310 993 vero
1330 942 1388 990 ad
1407 943 1608 1007 rigidum
1628 960 1824 992 examen

142 1043 381 1083 revocare,
418 1039 516 1088 quae
553 1021 879 1086 proferuntur,
911 1020 1037 1085 quod
1060 1028 1220 1067 tamen
1254 1020 1342 1085 ipsi
1378 1029 1649 1067 constanter
1672 1020 1822 1085 negli—

141 1109 272 1165 gunt.
299 1098 516 1147 Excaecati
538 1107 590 1144 ut
617 1106 725 1144 sunt
743 1134 755 1153 ,
786 1114 837 1144 ac
861 1096 1047 1162 propria
1070 1095 1278 1157 scientia,
1300 1112 1441 1160 quam
1465 1095 1730 1156 buccinant,
1757 1098 1827 1143 in-

140 1177 263 1236 flati,
277 1174 585 1239 dedignantur
602 1174 678 1221 illa
698 1173 960 1239 expendere
976 1196 988 1232 :,
1007 1174 1133 1239 quod
1152 1173 1189 1220 si
1206 1173 1437 1234 facerent,
1457 1172 1614 1220 nullus
1632 1173 1799 1222 dubito
1812 1212 1828 1231 ,

139 1252 253 1317 quin
278 1250 336 1298 ab
365 1249 590 1314 ejusmodi
616 1250 711 1297 risu
730 1267 778 1298 se
802 1251 1063 1315 reciperent
1081 1285 1093 1309 ,
1128 1249 1387 1314 praesertim
1421 1249 1483 1309 si,
1513 1259 1567 1296 ut
1588 1248 1749 1310 decet,
1776 1251 1826 1298 in

138 1327 321 1390 negotio
342 1327 456 1374 adeo
484 1327 612 1390 gravi
642 1326 843 1375 veritatis
873 1342 1031 1373 amore
1052 1324 1101 1372 id
1129 1333 1406 1389 praestarent
1431 1342 1483 1373 ac
1515 1326 1672 1374 animo
1698 1327 1824 1375 anti-

137 1403 298 1468 cipatis
316 1402 502 1464 judiciis
532 1419 688 1451 vacuo,

207 1477 314 1525 137.
356 1478 423 1525 Ad
442 1480 536 1538 2¹1¹,
572 1480 696 1525 Disc.
724 1479 879 1525 Patres
902 1478 1132 1525 donorum
1162 1476 1351 1524 illorum
1380 1476 1666 1526 affluentiam
1693 1496 1825 1527 coar-

144 1562 272 1600 ctant
288 1553 347 1600 ad
367 1554 575 1601 Ecclesiae
598 1553 852 1617 primordia
874 1555 1065 1600 relative
1078 1590 1091 1608 ‚
1111 1570 1258 1607 conc.;
1277 1554 1503 1611 absolute,
1519 1572 1623 1618 neq.
1647 1556 1827 1622 Nempe

142 1633 186 1676 S.
209 1630 485 1691 Augustinus
503 1666 514 1688 ,
547 1630 592 1675 S.
619 1629 862 1691 Gregorius
898 1631 944 1676 M
953 1667 959 1673 .
994 1645 1045 1675 ac
1071 1630 1228 1676 Patres
1255 1628 1420 1694 reliqui
1449 1629 1601 1694 quoad
1633 1631 1825 1680 univer—

141 1704 369 1752 salitatem
407 1714 454 1751 et
481 1704 834 1752 multitudinem
874 1704 1083 1751 fidelium
1118 1704 1353 1751 affirmant
1386 1721 1583 1753 cessasse
1611 1705 1689 1753 illa
1713 1706 1826 1755 cha-

140 1780 357 1839 rismata‚
392 1796 492 1845 quae
528 1779 639 1827 olim
673 1781 937 1828 communia
968 1789 1103 1828 erant
1135 1780 1185 1826 in
1221 1779 1417 1827 Ecclesia
1439 1781 1527 1843 (1).
1564 1783 1662 1830 Hoc
1693 1783 1820 1831 enim

196 1974 252 2025 (1)
279 1972 378 2013 Sane
413 1973 456 2013 S.
493 1974 718 2027 Augustinus
734 2006 745 2021 ‚
788 1987 872 2027 quae
908 1978 950 2013 in
1014 1974 1137 2026 fuisse
1144 1976 1228 2025 jam
1244 1988 1451 2025 noveram,
1477 1983 1514 2014 et
1525 1976 1605 2016 alia
1619 1978 1822 2028 nonnulla,

151 2039 294 2093 objecto
329 2041 409 2080 loco
449 2055 491 2080 ex
523 2041 591 2080 lib.
626 2040 683 2080 De
720 2055 809 2080 vera
839 2041 948 2094 reliq.
1018 2040 1151 2091 qualia
1164 2047 1242 2078 tam
1263 2040 1387 2079 multa
1408 2042 1523 2079 etiam
1545 2044 1633 2082 istic
1648 2047 1826 2097 tempori-

143 2108 333 2157 scripserat
358 2135 370 2154 ‚
411 2121 544 2158 nempe
586 2121 598 2146 :
638 2107 735 2145 Cum
773 2105 950 2146 Ecclesia
1020 2106 1090 2144 bus
1107 2107 1234 2156 fiunt,
1258 2112 1302 2144 ut
1318 2119 1387 2145 nec
1410 2108 1542 2145 omnia
1570 2121 1789 2159 cognoscere
1806 2138 1822 2160 ‚

142 2169 328 2209 catholica
345 2185 418 2223 per
439 2178 555 2209 tot-um
576 2171 701 2210 orbem
727 2172 869 2224 diffusa
892 2178 952 2209 al-
983 2193 986 2197 ι

145 2248 216 2285 que
237 2236 403 2287 fundata
423 2238 475 2275 sit
489 2267 499 2285 ‚
526 2249 594 2275 nec
617 2236 806 2274 miracula
822 2235 890 2274 illa
906 2237 951 2274 in

147 2307 273 2338 nostra
296 2309 461 2354 tempora
477 2302 620 2340 durare
632 2303 829 2353 permissa
845 2309 948 2351 sunt,

149 2376 198 2402 ne
222 2368 376 2413 animus
387 2380 534 2421 semper
554 2367 726 2406 visibilia
749 2375 947 2420 quaereret‚

154 2435 189 2467 et
218 2443 344 2468 eorum
365 2433 636 2471 consuetudine
650 2434 867 2485 sriqesceret
884 2447 949 2485 qe-

147 2507 223 2532 nus
253 2493 487 2546 humanum,
511 2511 673 2550 quorum
689 2500 855 2537 novitate
879 2500 950 2551 fla-

143 2560 299 2611 mavit,
338 2559 438 2607 haze,
473 2564 629 2615 inquam
662 2566 713 2601 sic
744 2573 948 2616 temperat,

146 2624 217 2662 lib.
239 2637 251 2662 1
275 2653 286 2672 ,
306 2624 471 2664 Retraoc.
500 2640 581 2677 cap.
610 2627 682 2674 13,
717 2642 757 2666 n.
789 2641 811 2680 7
838 2640 849 2667 ε
873 2626 952 2668 Sed

145 2701 225 2727 uon
250 2690 307 2727 sic
333 2690 599 2741 accipiendum
630 2697 683 2729 est
710 2693 811 2743 quod
835 2693 923 2732 dici
937 2721 949 2741 ‚

143 2761 188 2793 ut
204 2767 311 2793 nunc
332 2756 375 2792 in
404 2754 551 2795 Christi
577 2757 731 2794 nomine
751 2757 842 2808 fieri
875 2759 950 2796 mi-

146 2819 279 2860 racula
300 2820 406 2859 nulla
415 2821 635 2861 credantur.
649 2822 753 2861 Nam
766 2836 831 2875 eqo
842 2825 926 2876 ip„
934 2851 947 2872 ,

144 2885 301 2936 quando
327 2887 444 2925 istum
469 2888 597 2939 ipsum
616 2886 758 2926 librum
779 2889 922 2941 scripsi
939 2919 951 2939 ,

143 2949 197 2988 ad
204 2950 556 2991 Mediolanemium
570 2954 952 3007 corporaMartyrum

144 3016 191 3053 in
204 3015 333 3054 eadem
353 3019 508 3057 civitate
525 3030 666 3059 coecum
690 3019 950 3060 illuminatum

1020 2185 1088 2209 nec
1100 2185 1145 2209 ea
1160 2200 1170 2219 ‚
1194 2185 1278 2224 quoe
1299 2173 1582 2224 cognoscimus,
1602 2187 1826 2214 enumerare

1013 2239 1219 2289 possimus.
1232 2238 1293 2278 Sic
1307 2242 1417 2278 etiam
1430 2237 1466 2277 S.
1481 2239 1587 2291 Greg.
1602 2239 1656 2279 Μ.
1671 2253 1728 2289 ea,
1743 2254 1825 2293 quae

1020 2304 1208 2354 scripserat
1240 2306 1281 2342 in
1304 2303 1426 2344 Hom.
1458 2318 1541 2342 xx1x
1575 2304 1619 2341 in
1648 2302 1823 2357 Evanq„

1021 2370 1167 2419 exponit
1193 2368 1262 2407 lib.
1288 2382 1415 2416 xxvn,
1441 2370 1493 2406 In
1517 2367 1605 2407 Job.
1632 2382 1714 2421 cap.
1746 2369 1793 2410 18
1810 2399 1824 2418 ‚

1019 2445 1060 2471 n.
1077 2431 1145 2480 36,
1171 2434 1259 2472 edit.
1277 2433 1398 2472 Maur.
1411 2422 1533 2472 ‘Tunc
1545 2434 1684 2486 quippe
1693 2442 1826 2474 sancta

1019 2496 1196 2536 Ecclesia
1221 2498 1497 2537 miraculorum
1525 2499 1731 2552 adjutoriis
1750 2502 1824 2538 An-

1019 2563 1144 2614 diquit
1159 2593 1169 2610 ‚
1189 2576 1277 2602 cum
1300 2564 1570 2603 contribulatio
1590 2567 1826 2617 persecutio-

1019 2630 1083 2666 nis
1101 2631 1256 2681 pressit.
1270 2630 1374 2669 Nam
1390 2637 1591 2683 postquam
1603 2632 1825 2684 superbiam

1020 2693 1261 2745 infidelitatis
1285 2696 1476 2744 edomuit,
1508 2709 1588 2735 non
1593 2696 1685 2748 jam
1702 2697 1824 2736 virtu-

1020 2766 1102 2797 tum
1134 2762 1271 2813 siqua,
1306 2761 1372 2800 sed
1404 2761 1483 2800 cola
1507 2762 1645 2800 merita
1669 2775 1824 2815 operum

1021 2826 1183 2875 requirit
1204 2843 1214 2874 ς
1233 2828 1413 2879 quamvis
1430 2834 1466 2866 et
1482 2826 1554 2865 illa
1565 2840 1639 2880 per
1660 2827 1796 2866 multoe
1811 2856 1822 2875 ‚

1022 2903 1110 2928 cum
1151 2894 1414 2945 opportunitas!
1442 2889 1568 2944 'eoeiqie
1592 2921 1604 2941 ‚
1636 2892 1822 2932 ostendas.

1023 2954 1076 2995 Et
1101 2970 1143 2996 n.
1170 2957 1218 3011 37
1254 2971 1265 2996 ε
1304 2957 1414 3011 Quid
1437 2964 1491 2995 ese
1524 2969 1611 3009 erqo
1642 2957 1786 2994 mirum
1808 2983 1820 3001 ‚

1023 3023 1144 3073 inquit
1157 3051 1168 3069 ‚
1195 3023 1230 3060 ci
1247 3029 1463 3075 propaqata
1478 3022 1560 3074 fide
1574 3050 1587 3072 ‚
1609 3021 1736 3060 crebro
1747 3023 1822 3059 mi·
