2028 3354
230 211 326 262 276
702 225 861 257 ruer.
902 225 956 255 nn
987 224 1112 256 10010
1144 222 1451 257 1030100105.

231 352 415 391 ternam
441 338 713 396 constituit‚
760 339 808 384 in
851 355 941 402 qua
976 337 1052 383 alii
1087 348 1359 401 praeessent,
1390 338 1634 385 subessent
1660 335 1765 394 alii3
1805 335 1925 384 hanc

229 436 361 466 suam
391 416 658 463 societatem
690 420 834 478 reqm'
859 414 1052 460 nomine
1084 413 1255 477 passim
1281 414 1549 478 insignivit3
1584 412 1806 459 instruxit
1843 412 1926 461 de-

227 511 358 542 mum
381 509 458 540 eos
479 528 491 544 ,
525 509 640 557 quos
669 491 776 537 huic
796 508 889 538 suae
922 489 1130 537 societati
1158 505 1239 535 seu
1266 505 1407 553 regno
1433 490 1637 556 praefecit
1653 526 1666 547 7
1696 488 1775 535 illa
1799 489 1929 535 omni

226 569 500 618 auctoritate
518 606 530 628 7
550 585 654 633 quae
682 568 741 614 ad
758 585 875 614 -eam
895 575 1019 613 recte
1040 564 1296 629 regendam
1316 574 1363 612 et
1383 564 1737 629 gubernandam
1766 582 1929 613 neces-

227 648 347 694 sario
378 645 658 711 requiritur,
697 643 894 691 subditis
941 660 1051 691 vero
1091 658 1171 692 seu
1215 640 1438 688 membris
1465 641 1673 704 ejusdem
1701 641 1929 688 societatis

230 723 507 771 mandatum
528 721 657 767 dedit
690 738 738 767 se
766 718 1046 782 subjiciendi
1077 716 1400 783 Superioribus
1432 733 1483 763 30
1513 718 1770 782 Praepositis
1797 718 1890 764 suis
1915 753 1927 776 a

228 816 399 865 eosque
419 797 670 856 audiendi7
702 796 898 862 perinde
929 812 980 842 ac
1009 795 1046 842 si
1080 794 1385 858 semetipsum
1407 791 1640 841 audirent.
1675 795 1782 840 Jam
1818 810 1929 841 vero

226 876 442 943 perfectae
468 892 519 922 ac
542 872 733 932 visibilis
755 873 984 920 societatis
1007 881 1175 918 natura
1207 870 1439 935 postulat,
1471 879 1522 916 ut
1545 869 1623 934 qui
1650 878 1858 933 praesunt
1877 887 1929 917 ea

231 953 490 1001 decernant
506 987 519 1011 ,
550 967 654 1015 quae
681 948 741 996 ad
762 948 942 996 bonum
968 947 1176 1010 ejusdem
1198 947 1407 1010 regimen
1435 947 1689 994 necessaria
1714 955 1824 993 sunt
1844 963 1930 1011 pro

225 1030 366 1077 variis
402 1038 698 1093 temporum,
724 1025 933 1072 locorum
955 1041 1207 1089 rerumque
1235 1022 1491 1084 adjunctis3
1519 1039 1714 1088 quaeque
1744 1040 1829 1087 pro
1854 1020 1932 1069 ad-

217 1112 491 1170 junctorum
516 1105 739 1152 varietate
765 1102 946 1166 augeri,
976 1101 1147 1148 mutari
1169 1109 1309 1164 atque
1333 1101 1474 1147 etiam
1492 1099 1704 1162 abrogari
1724 1098 1900 1146 debent
1917 1135 1929 1157 ,

225 1193 279 1230 ut
307 1182 560 1230 faciliorem
582 1180 786 1227 efficiant
809 1178 1145 1244 principiorum
1171 1176 1488 1224 essentialium
1518 1176 1663 1240 ipsius
1701 1175 1930 1222 societatis

229 1259 608 1307 observationem
625 1294 637 1315 .,
661 1272 914 1320 eorumque
934 1253 1079 1302 veluti
1096 1270 1282 1318 sepem,
1311 1251 1568 1299 custodiam
1587 1268 1639 1298 ac
1665 1252 1932 1298 munim-en-

228 1346 330 1384 tum
347 1372 359 1395 ,
385 1345 438 1383 ut
468 1336 530 1382 ita
556 1335 750 1398 loquar,
780 1332 1088 1378 constituunt.
1117 1330 1214 1376 Hoc
1234 1346 1343 1375 sane
1364 1329 1595 1375 cernimus
1620 1327 1666 1373 in
1690 1327 1823 1374 omui
1842 1328 1931 1373 rite

226 1414 442 1460 instituta
477 1410 600 1458 civili
631 1409 878 1462 societate„
926 1408 977 1453 in
1015 1424 1105 1471 qua
1143 1405 1318 1468 legibus
1347 1405 1476 1467 regni
1516 1413 1596 1450 aut
1632 1412 1779 1450 status
1820 1402 1928 1449 fun-

229 1487 573 1538 damentalibus
609 1485 707 1533 aliae
726 1484 883 1550 plures
903 1483 1207 1545 adjiciuntur7
1234 1498 1348 1546 quas
1375 1483 1579 1546 praesens
1604 1479 1931 1545 opportunitas

230 1565 387 1630 exigit.
428 1566 571 1611 Porro
601 1563 701 1609 sine
725 1568 956 1627 potestate
995 1558 1250 1623 legislativa
1285 1574 1431 1623 eaque
1458 1555 1728 1620 obligatoria
1755 1563 1803 1603 et
1832 1571 1932 1601 coa-

232 1644 352 1690 ctiva
374 1679 385 1700 a
420 1639 522 1707 qua),
550 1640 739 1706 propria
775 1639 833 1685 sit
857 1636 1107 1702 praesidum
1136 1634 1279 1700 ipsius
1312 1633 1567 1692 societatis⁷
1592 1632 1689 1678 haec
1716 1647 1804 1679 nec
1832 1648 1932 1678 esse

230 1737 317 1768 nec
336 1718 531 1781 intelligi
552 1724 767 1782 possunt.
794 1714 1052 1764 Auctoritas
1078 1713 1205 1760 enim
1229 1721 1276 1758 et
1297 1710 1520 1774 subJ'ectio
1552 1709 1655 1756 duae
1685 1717 1796 1755 sunt
1817 1708 1931 1756 ideae

227 1796 461 1855 relativae⁷
501 1794 570 1840 uti
611 1784 787 1857 pariter
830 1790 1038 1837 relativae
1075 1797 1184 1836 sunt
1217 1788 1291 1835 lex
1327 1796 1373 1834 et
1396 1787 1597 1841 sanctio,
1635 1784 1844 1849 adeoque
1883 1793 1930 1831 et

230 1873 420 1922 coactio.
454 1872 548 1918 Lex
583 1868 818 1934 siquidem
852 1868 950 1914 sine
989 1866 1226 1913 sanctione
1246 1900 1258 1923 ‚
1301 1864 1479 1910 sanctio
1514 1863 1615 1910 sine
1649 1863 1697 1910 vi
1723 1860 1929 1909 coactiva

230 1949 481 1998 subsistere
522 1954 769 2010 nequeunt
796 1945 848 1990 in
877 1943 1099 2008 praesenti
1136 1958 1294 1989 rerum
1336 1939 1514 1987 ordine.
1556 1940 1788 1997 Quorsum
1819 1954 1930 1985 vero

230 2026 462 2083 Christus,
484 2023 622 2085 hujus
642 2021 871 2069 societatis
889 2020 1132 2066 institutor
1152 2027 1199 2065 et
1217 2025 1403 2077 auctor,
1423 2016 1575 2063 eidem
1597 2016 1864 2080 Superiores
1884 2022 1931 2060 et

230 2100 455 2149 Praesides
476 2100 576 2147 sine
589 2097 866 2145 auctoritate
892 2093 1204 2161 praefecisset?
1231 2094 1463 2151 Quorsum
1486 2091 1683 2138 subditis
1700 2089 1928 2138 obedien-

230 2181 346 2227 tiam
391 2187 437 2226 et
469 2175 808 2239 subjectionem
849 2191 954 2236 erga
990 2173 1260 2238 Superiores
1313 2187 1418 2217 suos
1460 2166 1835 2215 commendasset
1880 2183 1931 2213 ac

229 2257 548 2324 praecepissem
575 2254 613 2301 si
640 2251 877 2317 Praepositi
909 2249 1025 2296 nihil
1055 2249 1115 2297 ad
1139 2246 1434 2294 subditorum
1457 2282 1469 2305 ‚
1502 2246 1596 2290 imo
1623 2253 1670 2291 et
1692 2243 1752 2290 ad
1782 2242 1926 2307 ipsius

236 2334 465 2381 societatis
490 2331 672 2378 bonum
699 2327 979 2375 constituere
1001 2333 1192 2391 possent
1208 2361 1220 2383 ⁷
1252 2339 1337 2369 nec
1359 2322 1460 2368 illos
1482 2337 1642 2384 cogere
1671 2319 1731 2367 ad
1753 2335 1806 2366 ea
1826 2334 1930 2383 quae

233 2410 408 2456 sancita
431 2417 543 2456 sunt
574 2403 904 2457 custodienda„
936 2411 1016 2449 aut
1043 2401 1146 2447 illos
1178 2397 1458 2446 salutaribus
1495 2398 1647 2463 poenis
1679 2395 1928 2454 mulctare,

238 2486 319 2550 qui
343 2502 444 2533 vsese
472 2493 769 2531 contumaces
798 2476 1132 2527 exhibuerint?
1160 2477 1270 2523 Haec
1305 2474 1461 2521 omnia
1489 2473 1547 2520 ab
1568 2474 1668 2538 ipsa
1700 2469 1927 2519 societatis

235 2562 454 2621 notione,
490 2577 541 2607 ac
562 2557 713 2606 multo
739 2556 884 2618 magis
907 2554 965 2601 ab
996 2554 1100 2603 idea
1128 2552 1357 2600 societatis
1381 2550 1584 2616 perfecte
1607 2549 1723 2597 adeo
1755 2543 1927 2594 consti·-

235 2629 376 2696 t‘utae,
400 2635 659 2700 cujusmodi
689 2642 759 2682 est
784 2632 958 2680 Christi
986 2630 1184 2679 Ecclesia
1211 2629 1282 2691 (l)
1300 2664 1312 2688 7
1347 2643 1532 2693 prorsus
1558 2625 1825 2673 abhorrent.

291 2817 344 2867 (1)
370 2813 470 2853 'Cum
495 2820 682 2865 propterea
703 2810 758 2848 Μ.
789 2807 881 2848 Ant.
904 2809 959 2848 De
975 2808 1050 2847 Do-
1115 2807 1215 2846 mihi
1240 2805 1418 2844 videntur
1442 2818 1527 2843 non(
1531 2814 1674 2855 parum
1691 2812 1716 2837 a
1735 2806 1832 2837 recto
1845 2805 1922 2838 tra-

235 2885 347 2923 minis
377 2881 474 2932 hanc
500 2879 789 2931 propositionem
830 2877 1010 2915 emisisset
1035 2889 1047 2913 :
1114 2875 1205 2910 mite
1227 2873 1425 2916 aberrare;
1448 2882 1528 2908 ‘non
1549 2866 1657 2905 modo
1679 2867 1773 2917 quia
1808 2866 1852 2902 in
1876 2877 1922 2903 ea

241 2950 325 3002 Qui
362 2943 632 2998 derepublica
661 2940 912 2981 ecclesiastica
949 2942 1051 2980 sicut
1114 2941 1320 2989 requirunt
1338 2948 1467 2975 veram
1468 2932 1786 2986 jurisdictionem
1798 2937 1923 2971 exter-

235 3015 280 3054 de
315 3015 429 3066 puris
461 3011 645 3050 humanis
680 3005 1006 3061 philosophantur
1034 3035 1046 3057 ‚
1113 3016 1204 3043 nam
1220 3033 1232 3052 ‚
1259 3002 1329 3041 ubi
1350 3008 1478 3041 tamen
1490 2999 1614 3038 omnio
1634 2996 1758 3049 qloria
1772 2998 1856 3050 ejus
1875 2994 1922 3033 ab
