<?xml version="1.0" encoding="UTF-8"?>
<!DOCTYPE html PUBLIC "-//W3C//DTD XHTML 1.0 Transitional//EN"
    "http://www.w3.org/TR/xhtml1/DTD/xhtml1-transitional.dtd">
<html xmlns="http://www.w3.org/1999/xhtml" xml:lang="en" lang="en">
 <head>
  <title>
</title>
<meta http-equiv="Content-Type" content="text/html;charset=utf-8" />
  <meta name='ocr-system' content='tesseract 3.04.00' />
  <meta name='ocr-capabilities' content='ocr_page ocr_carea ocr_par ocr_line ocrx_word'/>
</head>
<body>
  <div class='ocr_page' id='page_1' title='image "./praelectionestheo08perruoft_0441.png"; bbox 0 0 2028 3354; ppageno 0'>
   <div class='ocr_carea' id='block_1_1' title="bbox 1689 222 1783 269">
    <p class='ocr_par' dir='ltr' id='par_1_1' title="bbox 1689 222 1783 269">
     <span class='ocr_line' id='line_1_1' title="bbox 1689 222 1783 269; baseline 0 0"><span class='ocrx_word' id='word_1_1' title='bbox 1689 222 1783 269; x_wconf 77' lang='lat'>429</span> 
     </span>
    </p>
   </div>
   <div class='ocr_carea' id='block_1_2' title="bbox 281 220 1597 282">
    <p class='ocr_par' dir='ltr' id='par_1_2' title="bbox 281 220 1597 282">
     <span class='ocr_line' id='line_1_2' title="bbox 281 220 1597 282; baseline -0.008 -2"><span class='ocrx_word' id='word_1_2' title='bbox 281 249 409 282; x_wconf 72' lang='lat' dir='ltr'>PART.</span> <span class='ocrx_word' id='word_1_3' title='bbox 455 251 485 278; x_wconf 79' lang='lat'>1.</span> <span class='ocrx_word' id='word_1_4' title='bbox 523 247 642 279; x_wconf 78' lang='lat' dir='ltr'>SEGT.</span> <span class='ocrx_word' id='word_1_5' title='bbox 682 220 742 276; x_wconf 49' lang='grc' dir='ltr'><strong>ΙΙ..</strong></span> <span class='ocrx_word' id='word_1_6' title='bbox 775 245 872 275; x_wconf 78' lang='lat' dir='ltr'>CAP.</span> <span class='ocrx_word' id='word_1_7' title='bbox 910 245 978 274; x_wconf 89' lang='lat'>111.</span> <span class='ocrx_word' id='word_1_8' title='bbox 1019 245 1073 273; x_wconf 79' lang='lat' dir='ltr'>1)ss</span> <span class='ocrx_word' id='word_1_9' title='bbox 1109 243 1210 272; x_wconf 73' lang='lat' dir='ltr'>NAT.</span> <span class='ocrx_word' id='word_1_10' title='bbox 1248 243 1298 271; x_wconf 76' lang='lat' dir='ltr'>m·</span> <span class='ocrx_word' id='word_1_11' title='bbox 1335 241 1430 272; x_wconf 78' lang='lat' dir='ltr'>JUR.</span> <span class='ocrx_word' id='word_1_12' title='bbox 1474 241 1597 271; x_wconf 66' lang='lat' dir='ltr'>Pam.</span> 
     </span>
    </p>
   </div>
   <div class='ocr_carea' id='block_1_3' title="bbox 86 353 1802 1719">
    <p class='ocr_par' dir='ltr' id='par_1_3' title="bbox 86 353 1791 734">
     <span class='ocr_line' id='line_1_3' title="bbox 87 353 1785 424; baseline -0.007 -12"><span class='ocrx_word' id='word_1_13' title='bbox 87 364 221 424; x_wconf 86' lang='lat' dir='ltr'>Quod</span> <span class='ocrx_word' id='word_1_14' title='bbox 247 366 313 424; x_wconf 88' lang='lat' dir='ltr'>si,</span> <span class='ocrx_word' id='word_1_15' title='bbox 334 373 386 410; x_wconf 91' lang='lat' dir='ltr'>ut</span> <span class='ocrx_word' id='word_1_16' title='bbox 415 358 628 408; x_wconf 85' lang='lat' dir='ltr'><strong>nonnulli</strong></span> <span class='ocrx_word' id='word_1_17' title='bbox 651 358 969 415; x_wconf 86' lang='lat' dir='ltr'>contendunt,</span> <span class='ocrx_word' id='word_1_18' title='bbox 999 357 1146 405; x_wconf 85' lang='lat' dir='ltr'>voluit</span> <span class='ocrx_word' id='word_1_19' title='bbox 1166 358 1211 403; x_wconf 88' lang='lat' dir='ltr'>S.</span> <span class='ocrx_word' id='word_1_20' title='bbox 1234 358 1407 419; x_wconf 79' lang='lat' dir='ltr'>Martyr</span> <span class='ocrx_word' id='word_1_21' title='bbox 1425 355 1478 402; x_wconf 91' lang='lat' dir='ltr'>iis</span> <span class='ocrx_word' id='word_1_22' title='bbox 1497 353 1645 402; x_wconf 84' lang='lat' dir='ltr'>verbis</span> <span class='ocrx_word' id='word_1_23' title='bbox 1664 354 1785 401; x_wconf 89' lang='lat' dir='ltr'>allu-</span> 
     </span>
     <span class='ocr_line' id='line_1_4' title="bbox 88 430 1786 504; baseline -0.008 -15"><span class='ocrx_word' id='word_1_24' title='bbox 88 440 198 489; x_wconf 86' lang='lat' dir='ltr'><strong>dere</strong></span> <span class='ocrx_word' id='word_1_25' title='bbox 217 440 276 487; x_wconf 87' lang='lat' dir='ltr'>ad</span> <span class='ocrx_word' id='word_1_26' title='bbox 290 438 579 504; x_wconf 84' lang='lat' dir='ltr'>Stephanum</span> <span class='ocrx_word' id='word_1_27' title='bbox 599 454 716 483; x_wconf 85' lang='lat' dir='ltr'>rom.</span> <span class='ocrx_word' id='word_1_28' title='bbox 738 435 1009 482; x_wconf 85' lang='lat' dir='ltr'>Pontificem</span> <span class='ocrx_word' id='word_1_29' title='bbox 1023 470 1035 494; x_wconf 89' lang='lat'>,</span> <span class='ocrx_word' id='word_1_30' title='bbox 1061 450 1157 479; x_wconf 89' lang='lat' dir='ltr'>non</span> <span class='ocrx_word' id='word_1_31' title='bbox 1179 440 1460 497; x_wconf 87' lang='lat' dir='ltr'>potestatem</span> <span class='ocrx_word' id='word_1_32' title='bbox 1480 434 1576 492; x_wconf 88' lang='lat' dir='ltr'>ejus</span> <span class='ocrx_word' id='word_1_33' title='bbox 1604 430 1755 495; x_wconf 78' lang='lat' dir='ltr'>carpit</span> <span class='ocrx_word' id='word_1_34' title='bbox 1772 466 1786 489; x_wconf 85' lang='lat'>,</span> 
     </span>
     <span class='ocr_line' id='line_1_5' title="bbox 87 506 1788 581; baseline -0.008 -16"><span class='ocrx_word' id='word_1_35' title='bbox 87 517 167 565; x_wconf 89' lang='lat' dir='ltr'>sed</span> <span class='ocrx_word' id='word_1_36' title='bbox 183 553 195 576; x_wconf 88' lang='lat'>,</span> <span class='ocrx_word' id='word_1_37' title='bbox 223 525 275 563; x_wconf 91' lang='lat' dir='ltr'>ut</span> <span class='ocrx_word' id='word_1_38' title='bbox 295 517 393 581; x_wconf 89' lang='lat' dir='ltr'>ipse</span> <span class='ocrx_word' id='word_1_39' title='bbox 425 513 538 560; x_wconf 90' lang='lat' dir='ltr'>falso</span> <span class='ocrx_word' id='word_1_40' title='bbox 563 510 857 560; x_wconf 75' lang='lat' dir='ltr'>existimabat</span> <span class='ocrx_word' id='word_1_41' title='bbox 873 547 886 570; x_wconf 89' lang='lat'>,</span> <span class='ocrx_word' id='word_1_42' title='bbox 920 509 1159 575; x_wconf 87' lang='lat' dir='ltr'>potestatis</span> <span class='ocrx_word' id='word_1_43' title='bbox 1188 506 1386 554; x_wconf 76' lang='lat' dir='ltr'>abusum</span> <span class='ocrx_word' id='word_1_44' title='bbox 1402 543 1414 565; x_wconf 86' lang='lat'>,</span> <span class='ocrx_word' id='word_1_45' title='bbox 1438 524 1493 554; x_wconf 92' lang='lat' dir='ltr'>eo</span> <span class='ocrx_word' id='word_1_46' title='bbox 1518 506 1644 572; x_wconf 88' lang='lat' dir='ltr'>quod</span> <span class='ocrx_word' id='word_1_47' title='bbox 1673 523 1788 553; x_wconf 84' lang='lat' dir='ltr'>ana—</span> 
     </span>
     <span class='ocr_line' id='line_1_6' title="bbox 86 581 1791 641; baseline -0.006 0"><span class='ocrx_word' id='word_1_48' title='bbox 86 593 244 640; x_wconf 86' lang='lat' dir='ltr'>thema</span> <span class='ocrx_word' id='word_1_49' title='bbox 287 591 594 638; x_wconf 88' lang='lat' dir='ltr'>comminatus</span> <span class='ocrx_word' id='word_1_50' title='bbox 641 588 782 636; x_wconf 88' lang='lat' dir='ltr'>fuerit</span> <span class='ocrx_word' id='word_1_51' title='bbox 822 587 871 632; x_wconf 90' lang='lat' dir='ltr'>in</span> <span class='ocrx_word' id='word_1_52' title='bbox 910 594 978 632; x_wconf 88' lang='lat' dir='ltr'>tot</span> <span class='ocrx_word' id='word_1_53' title='bbox 1019 583 1329 631; x_wconf 88' lang='lat' dir='ltr'>sanctissimos</span> <span class='ocrx_word' id='word_1_54' title='bbox 1367 581 1586 630; x_wconf 85' lang='lat' dir='ltr'>Praesules</span> <span class='ocrx_word' id='word_1_55' title='bbox 1603 618 1616 641; x_wconf 90' lang='lat'>,</span> <span class='ocrx_word' id='word_1_56' title='bbox 1663 583 1713 628; x_wconf 92' lang='lat' dir='ltr'>in</span> <span class='ocrx_word' id='word_1_57' title='bbox 1741 598 1791 630; x_wconf 87' lang='lat' dir='ltr'>re</span> 
     </span>
     <span class='ocr_line' id='line_1_7' title="bbox 88 658 1245 734; baseline -0.011 -18"><span class='ocrx_word' id='word_1_58' title='bbox 88 668 370 734; x_wconf 86' lang='lat' dir='ltr'>disciplinari</span> <span class='ocrx_word' id='word_1_59' title='bbox 405 684 455 713; x_wconf 84' lang='lat' dir='ltr'>ac</span> <span class='ocrx_word' id='word_1_60' title='bbox 478 665 691 713; x_wconf 89' lang='lat' dir='ltr'>nondum</span> <span class='ocrx_word' id='word_1_61' title='bbox 723 663 910 729; x_wconf 87' lang='lat' dir='ltr'>penitus</span> <span class='ocrx_word' id='word_1_62' title='bbox 936 659 1135 724; x_wconf 86' lang='lat' dir='ltr'>eliquata</span> <span class='ocrx_word' id='word_1_63' title='bbox 1156 658 1245 722; x_wconf 73' lang='lat' dir='ltr'>(l),</span> 
     </span>
    </p>

    <p class='ocr_par' dir='ltr' id='par_1_4' title="bbox 89 733 1797 1112">
     <span class='ocr_line' id='line_1_8' title="bbox 155 733 1790 801; baseline -0.006 -9"><span class='ocrx_word' id='word_1_64' title='bbox 155 744 263 792; x_wconf 78' lang='lat'>614.</span> <span class='ocrx_word' id='word_1_65' title='bbox 300 744 372 792; x_wconf 91' lang='lat' dir='ltr'>Ad</span> <span class='ocrx_word' id='word_1_66' title='bbox 406 744 499 801; x_wconf 74' lang='lat'>6¹1¹,</span> <span class='ocrx_word' id='word_1_67' title='bbox 547 745 668 789; x_wconf 75' lang='lat' dir='ltr'>Dz&#39;st.</span> <span class='ocrx_word' id='word_1_68' title='bbox 707 740 826 785; x_wconf 87' lang='lat' dir='ltr'>Sunt</span> <span class='ocrx_word' id='word_1_69' title='bbox 862 753 1024 784; x_wconf 87' lang='lat' dir='ltr'>omnes</span> <span class='ocrx_word' id='word_1_70' title='bbox 1062 733 1275 800; x_wconf 87' lang='lat' dir='ltr'>Episcopi</span> <span class='ocrx_word' id='word_1_71' title='bbox 1312 733 1522 795; x_wconf 87' lang='lat' dir='ltr'>ejusdem</span> <span class='ocrx_word' id='word_1_72' title='bbox 1551 734 1706 781; x_wconf 89' lang='lat' dir='ltr'>meriti</span> <span class='ocrx_word' id='word_1_73' title='bbox 1741 742 1790 782; x_wconf 88' lang='lat' dir='ltr'>et</span> 
     </span>
     <span class='ocr_line' id='line_1_9' title="bbox 89 809 1793 880; baseline -0.006 -11"><span class='ocrx_word' id='word_1_74' title='bbox 89 820 359 879; x_wconf 75' lang='lat' dir='ltr'>sacerdotii,</span> <span class='ocrx_word' id='word_1_75' title='bbox 374 837 504 867; x_wconf 75' lang='lat' dir='ltr'>conc.</span> <span class='ocrx_word' id='word_1_76' title='bbox 519 816 752 880; x_wconf 67' lang='lat' dir='ltr'>,ejusdem</span> <span class='ocrx_word' id='word_1_77' title='bbox 767 813 1009 879; x_wconf 88' lang='lat' dir='ltr'>potestatis</span> <span class='ocrx_word' id='word_1_78' title='bbox 1022 828 1074 858; x_wconf 82' lang='lat' dir='ltr'>ac</span> <span class='ocrx_word' id='word_1_79' title='bbox 1080 809 1413 872; x_wconf 88' lang='lat' dir='ltr'>jurisdictionis</span> <span class='ocrx_word' id='word_1_80' title='bbox 1429 845 1441 868; x_wconf 91' lang='lat'>,</span> <span class='ocrx_word' id='word_1_81' title='bbox 1458 826 1558 873; x_wconf 69' lang='lat' dir='ltr'>neq.</span> <span class='ocrx_word' id='word_1_82' title='bbox 1581 810 1793 858; x_wconf 75' lang='lat' dir='ltr'>Primum</span> 
     </span>
     <span class='ocr_line' id='line_1_10' title="bbox 89 886 1797 956; baseline -0.008 -12"><span class='ocrx_word' id='word_1_83' title='bbox 89 906 277 944; x_wconf 87' lang='lat' dir='ltr'>tantum</span> <span class='ocrx_word' id='word_1_84' title='bbox 301 896 503 943; x_wconf 88' lang='lat' dir='ltr'>affirmat</span> <span class='ocrx_word' id='word_1_85' title='bbox 519 894 832 956; x_wconf 84' lang='lat' dir='ltr'>Hieronymus</span> <span class='ocrx_word' id='word_1_86' title='bbox 850 888 1030 935; x_wconf 84' lang='lat' dir='ltr'>ratione</span> <span class='ocrx_word' id='word_1_87' title='bbox 1059 887 1261 946; x_wconf 85' lang='lat' dir='ltr'>ordinis,</span> <span class='ocrx_word' id='word_1_88' title='bbox 1287 895 1340 932; x_wconf 87' lang='lat' dir='ltr'>ut</span> <span class='ocrx_word' id='word_1_89' title='bbox 1352 886 1578 944; x_wconf 83' lang='lat' dir='ltr'>diximus,</span> <span class='ocrx_word' id='word_1_90' title='bbox 1607 895 1653 934; x_wconf 85' lang='lat' dir='ltr'>et</span> <span class='ocrx_word' id='word_1_91' title='bbox 1677 886 1797 934; x_wconf 65' lang='lat' dir='ltr'>cha-⁴</span> 
     </span>
     <span class='ocr_line' id='line_1_11' title="bbox 90 962 1797 1031; baseline -0.005 -11"><span class='ocrx_word' id='word_1_92' title='bbox 90 973 281 1022; x_wconf 84' lang='lat' dir='ltr'>racteris</span> <span class='ocrx_word' id='word_1_93' title='bbox 303 993 315 1031; x_wconf 78' lang='lat'>3</span> <span class='ocrx_word' id='word_1_94' title='bbox 349 972 548 1019; x_wconf 87' lang='lat' dir='ltr'>alterum</span> <span class='ocrx_word' id='word_1_95' title='bbox 576 976 730 1015; x_wconf 86' lang='lat' dir='ltr'>autem</span> <span class='ocrx_word' id='word_1_96' title='bbox 758 982 1001 1030; x_wconf 89' lang='lat' dir='ltr'>nunquam</span> <span class='ocrx_word' id='word_1_97' title='bbox 1027 963 1173 1022; x_wconf 81' lang='lat' dir='ltr'>dixit,</span> <span class='ocrx_word' id='word_1_98' title='bbox 1197 963 1292 1009; x_wconf 87' lang='lat' dir='ltr'>imo</span> <span class='ocrx_word' id='word_1_99' title='bbox 1316 962 1603 1010; x_wconf 84' lang='lat' dir='ltr'>contrarium</span> <span class='ocrx_word' id='word_1_100' title='bbox 1622 962 1797 1028; x_wconf 87' lang='lat' dir='ltr'>ubique</span> 
     </span>
     <span class='ocr_line' id='line_1_12' title="bbox 90 1050 1063 1112; baseline -0.013 -15"><span class='ocrx_word' id='word_1_101' title='bbox 90 1050 249 1097; x_wconf 90' lang='lat' dir='ltr'>docuit</span> <span class='ocrx_word' id='word_1_102' title='bbox 271 1050 360 1112; x_wconf 79' lang='lat'>(2).</span> <span class='ocrx_word' id='word_1_103' title='bbox 1060 1075 1063 1077; x_wconf 80' lang='grc'>-</span> 
     </span>
    </p>

    <p class='ocr_par' dir='ltr' id='par_1_5' title="bbox 93 1115 1802 1719">
     <span class='ocr_line' id='line_1_13' title="bbox 159 1115 1797 1184; baseline -0.005 -12"><span class='ocrx_word' id='word_1_104' title='bbox 159 1125 268 1172; x_wconf 84' lang='grc'><strong>615.</strong></span> <span class='ocrx_word' id='word_1_105' title='bbox 304 1122 374 1172; x_wconf 87' lang='lat' dir='ltr'>Ad</span> <span class='ocrx_word' id='word_1_106' title='bbox 417 1121 512 1181; x_wconf 70' lang='lat'>7¹³¹,</span> <span class='ocrx_word' id='word_1_107' title='bbox 561 1120 682 1184; x_wconf 75' lang='lat' dir='ltr'>Neq.</span> <span class='ocrx_word' id='word_1_108' title='bbox 723 1135 902 1181; x_wconf 80' lang='lat' dir='ltr'>conseq.</span> <span class='ocrx_word' id='word_1_109' title='bbox 938 1117 1090 1180; x_wconf 74' lang='lat' dir='ltr'>Papoe</span> <span class='ocrx_word' id='word_1_110' title='bbox 1131 1116 1257 1163; x_wconf 90' lang='lat' dir='ltr'>enim</span> <span class='ocrx_word' id='word_1_111' title='bbox 1296 1132 1378 1163; x_wconf 88' lang='lat' dir='ltr'>seu</span> <span class='ocrx_word' id='word_1_112' title='bbox 1423 1116 1591 1163; x_wconf 70' lang='lat' dir='ltr'>Patris</span> <span class='ocrx_word' id='word_1_113' title='bbox 1633 1115 1797 1163; x_wconf 86' lang='lat' dir='ltr'>titulus</span> 
     </span>
     <span class='ocr_line' id='line_1_14' title="bbox 94 1191 1798 1265; baseline -0.005 -17"><span class='ocrx_word' id='word_1_114' title='bbox 94 1201 346 1265; x_wconf 85' lang='lat' dir='ltr'>antiquitus</span> <span class='ocrx_word' id='word_1_115' title='bbox 367 1216 463 1244; x_wconf 90' lang='lat' dir='ltr'>non</span> <span class='ocrx_word' id='word_1_116' title='bbox 482 1195 634 1244; x_wconf 86' lang='lat' dir='ltr'>solum</span> <span class='ocrx_word' id='word_1_117' title='bbox 653 1194 889 1261; x_wconf 88' lang='lat' dir='ltr'>Episcopis</span> <span class='ocrx_word' id='word_1_118' title='bbox 908 1230 921 1253; x_wconf 82' lang='lat'>,</span> <span class='ocrx_word' id='word_1_119' title='bbox 942 1192 1024 1240; x_wconf 89' lang='lat' dir='ltr'>sed</span> <span class='ocrx_word' id='word_1_120' title='bbox 1046 1201 1091 1240; x_wconf 88' lang='lat' dir='ltr'>et</span> <span class='ocrx_word' id='word_1_121' title='bbox 1111 1191 1396 1256; x_wconf 78' lang='lat' dir='ltr'>preshyteris</span> <span class='ocrx_word' id='word_1_122' title='bbox 1425 1193 1602 1257; x_wconf 87' lang='lat' dir='ltr'>passim</span> <span class='ocrx_word' id='word_1_123' title='bbox 1622 1191 1798 1241; x_wconf 89' lang='lat' dir='ltr'>tribue-</span> 
     </span>
     <span class='ocr_line' id='line_1_15' title="bbox 93 1268 1798 1339; baseline -0.005 -15"><span class='ocrx_word' id='word_1_124' title='bbox 93 1276 230 1325; x_wconf 84' lang='lat' dir='ltr'>batur</span> <span class='ocrx_word' id='word_1_125' title='bbox 256 1273 354 1339; x_wconf 85' lang='lat'>(3),</span> <span class='ocrx_word' id='word_1_126' title='bbox 379 1274 448 1320; x_wconf 88' lang='lat' dir='ltr'>uti</span> <span class='ocrx_word' id='word_1_127' title='bbox 467 1271 621 1320; x_wconf 85' lang='lat' dir='ltr'>adhuc</span> <span class='ocrx_word' id='word_1_128' title='bbox 650 1272 699 1317; x_wconf 89' lang='lat' dir='ltr'>in</span> <span class='ocrx_word' id='word_1_129' title='bbox 722 1269 972 1337; x_wconf 78' lang='lat' dir='ltr'>praesentia</span> <span class='ocrx_word' id='word_1_130' title='bbox 990 1268 1318 1316; x_wconf 82' lang='lat' dir='ltr'>Sacerdotibus</span> <span class='ocrx_word' id='word_1_131' title='bbox 1338 1268 1628 1339; x_wconf 74' lang='lat' dir='ltr'>regularibus</span> <span class='ocrx_word' id='word_1_132' title='bbox 1653 1268 1798 1317; x_wconf 86' lang='lat' dir='ltr'>tribui</span> 
     </span>
     <span class='ocr_line' id='line_1_16' title="bbox 94 1344 1799 1415; baseline -0.003 -16"><span class='ocrx_word' id='word_1_133' title='bbox 94 1351 212 1400; x_wconf 91' lang='lat' dir='ltr'>solet</span> <span class='ocrx_word' id='word_1_134' title='bbox 225 1387 239 1411; x_wconf 85' lang='lat'>,</span> <span class='ocrx_word' id='word_1_135' title='bbox 274 1351 386 1415; x_wconf 87' lang='lat' dir='ltr'>quin</span> <span class='ocrx_word' id='word_1_136' title='bbox 413 1349 522 1396; x_wconf 89' lang='lat' dir='ltr'>inde</span> <span class='ocrx_word' id='word_1_137' title='bbox 542 1347 782 1413; x_wconf 82' lang='lat' dir='ltr'>quidpiam</span> <span class='ocrx_word' id='word_1_138' title='bbox 799 1346 961 1394; x_wconf 84' lang='lat' dir='ltr'>inferri</span> <span class='ocrx_word' id='word_1_139' title='bbox 980 1346 1127 1412; x_wconf 89' lang='lat' dir='ltr'>possit</span> <span class='ocrx_word' id='word_1_140' title='bbox 1148 1344 1209 1392; x_wconf 90' lang='lat' dir='ltr'>ad</span> <span class='ocrx_word' id='word_1_141' title='bbox 1237 1345 1621 1410; x_wconf 81' lang='lat' dir='ltr'>presbyterorum</span> <span class='ocrx_word' id='word_1_142' title='bbox 1639 1363 1799 1411; x_wconf 86' lang='lat' dir='ltr'>aequa-</span> 
     </span>
     <span class='ocr_line' id='line_1_17' title="bbox 93 1420 1801 1490; baseline -0.003 -15"><span class='ocrx_word' id='word_1_143' title='bbox 93 1427 277 1475; x_wconf 86' lang='lat' dir='ltr'>litatem</span> <span class='ocrx_word' id='word_1_144' title='bbox 311 1443 417 1473; x_wconf 90' lang='lat' dir='ltr'>cum</span> <span class='ocrx_word' id='word_1_145' title='bbox 455 1424 687 1490; x_wconf 88' lang='lat' dir='ltr'>Episcopis</span> <span class='ocrx_word' id='word_1_146' title='bbox 715 1423 1067 1471; x_wconf 83' lang='lat' dir='ltr'>adstruendam.</span> <span class='ocrx_word' id='word_1_147' title='bbox 1106 1420 1214 1469; x_wconf 90' lang='lat' dir='ltr'>Ideo</span> <span class='ocrx_word' id='word_1_148' title='bbox 1247 1438 1357 1468; x_wconf 85' lang='lat' dir='ltr'>vero</span> <span class='ocrx_word' id='word_1_149' title='bbox 1386 1422 1665 1488; x_wconf 89' lang='lat' dir='ltr'>quandoque</span> <span class='ocrx_word' id='word_1_150' title='bbox 1692 1423 1801 1488; x_wconf 84' lang='lat' dir='ltr'>Epi-</span> 
     </span>
     <span class='ocr_line' id='line_1_18' title="bbox 96 1497 1802 1569; baseline -0.002 -18"><span class='ocrx_word' id='word_1_151' title='bbox 96 1504 222 1569; x_wconf 88' lang='lat' dir='ltr'>scopi</span> <span class='ocrx_word' id='word_1_152' title='bbox 257 1518 536 1550; x_wconf 81' lang='lat' dir='ltr'>successores</span> <span class='ocrx_word' id='word_1_153' title='bbox 578 1501 703 1547; x_wconf 86' lang='lat' dir='ltr'>Petri</span> <span class='ocrx_word' id='word_1_154' title='bbox 720 1500 831 1547; x_wconf 88' lang='lat' dir='ltr'>dicti</span> <span class='ocrx_word' id='word_1_155' title='bbox 864 1507 1000 1560; x_wconf 83' lang='lat' dir='ltr'>sunt,</span> <span class='ocrx_word' id='word_1_156' title='bbox 1034 1498 1160 1564; x_wconf 84' lang='lat' dir='ltr'>quod</span> <span class='ocrx_word' id='word_1_157' title='bbox 1183 1498 1232 1544; x_wconf 88' lang='lat' dir='ltr'>in</span> <span class='ocrx_word' id='word_1_158' title='bbox 1262 1507 1446 1563; x_wconf 90' lang='lat' dir='ltr'>partem</span> <span class='ocrx_word' id='word_1_159' title='bbox 1477 1497 1802 1548; x_wconf 83' lang='lat' dir='ltr'>sollicitudinis</span> 
     </span>
     <span class='ocr_line' id='line_1_19' title="bbox 96 1575 1799 1640; baseline -0.003 -13"><span class='ocrx_word' id='word_1_160' title='bbox 96 1579 304 1627; x_wconf 77' lang='lat' dir='ltr'>Ecclesiae</span> <span class='ocrx_word' id='word_1_161' title='bbox 324 1581 460 1625; x_wconf 84' lang='lat' dir='ltr'>Petro</span> <span class='ocrx_word' id='word_1_162' title='bbox 488 1578 744 1625; x_wconf 74' lang='lat' dir='ltr'>commissae</span> <span class='ocrx_word' id='word_1_163' title='bbox 771 1577 866 1623; x_wconf 90' lang='lat' dir='ltr'>sint</span> <span class='ocrx_word' id='word_1_164' title='bbox 891 1576 1067 1635; x_wconf 87' lang='lat' dir='ltr'>vocati,</span> <span class='ocrx_word' id='word_1_165' title='bbox 1089 1583 1193 1622; x_wconf 84' lang='lat' dir='ltr'>tum</span> <span class='ocrx_word' id='word_1_166' title='bbox 1218 1575 1359 1623; x_wconf 87' lang='lat' dir='ltr'>etiam</span> <span class='ocrx_word' id='word_1_167' title='bbox 1383 1576 1490 1640; x_wconf 87' lang='lat' dir='ltr'>quia</span> <span class='ocrx_word' id='word_1_168' title='bbox 1506 1612 1519 1636; x_wconf 87' lang='lat'>,</span> <span class='ocrx_word' id='word_1_169' title='bbox 1554 1593 1613 1624; x_wconf 81' lang='lat' dir='ltr'>ex</span> <span class='ocrx_word' id='word_1_170' title='bbox 1640 1575 1799 1635; x_wconf 90' lang='lat' dir='ltr'>dictis,</span> 
     </span>
     <span class='ocr_line' id='line_1_20' title="bbox 97 1652 1801 1719; baseline -0.002 -15"><span class='ocrx_word' id='word_1_171' title='bbox 97 1662 258 1705; x_wconf 88' lang='lat' dir='ltr'>Petrus</span> <span class='ocrx_word' id='word_1_172' title='bbox 295 1664 365 1705; x_wconf 88' lang='lat' dir='ltr'>est</span> <span class='ocrx_word' id='word_1_173' title='bbox 388 1656 489 1704; x_wconf 90' lang='lat' dir='ltr'>fons</span> <span class='ocrx_word' id='word_1_174' title='bbox 523 1665 570 1703; x_wconf 90' lang='lat' dir='ltr'>et</span> <span class='ocrx_word' id='word_1_175' title='bbox 604 1657 728 1718; x_wconf 80' lang='lat' dir='ltr'>origo</span> <span class='ocrx_word' id='word_1_176' title='bbox 755 1654 1044 1702; x_wconf 90' lang='lat' dir='ltr'>ecclesiastici</span> <span class='ocrx_word' id='word_1_177' title='bbox 1080 1652 1258 1700; x_wconf 87' lang='lat' dir='ltr'>ordinis</span> <span class='ocrx_word' id='word_1_178' title='bbox 1277 1690 1290 1712; x_wconf 91' lang='lat'>,</span> <span class='ocrx_word' id='word_1_179' title='bbox 1314 1670 1401 1700; x_wconf 87' lang='lat' dir='ltr'>nec</span> <span class='ocrx_word' id='word_1_180' title='bbox 1425 1670 1523 1700; x_wconf 90' lang='lat' dir='ltr'>non</span> <span class='ocrx_word' id='word_1_181' title='bbox 1555 1654 1801 1719; x_wconf 86' lang='lat' dir='ltr'>potestatis</span> 
     </span>
    </p>
   </div>
   <div class='ocr_carea' id='block_1_4' title="bbox 101 1844 1805 1897">
    <p class='ocr_par' dir='ltr' id='par_1_6' title="bbox 101 1844 1805 1897">
     <span class='ocr_line' id='line_1_21' title="bbox 101 1844 1805 1897; baseline -0.001 -10"><span class='ocrx_word' id='word_1_182' title='bbox 101 1851 316 1889; x_wconf 74' lang='lat' dir='ltr'>testimoniis</span> <span class='ocrx_word' id='word_1_183' title='bbox 346 1850 413 1887; x_wconf 87' lang='lat' dir='ltr'>cfr.</span> <span class='ocrx_word' id='word_1_184' title='bbox 449 1848 588 1887; x_wconf 85' lang='lat' dir='ltr'>Natalis</span> <span class='ocrx_word' id='word_1_185' title='bbox 613 1848 721 1888; x_wconf 83' lang='lat' dir='ltr'>Alex.</span> <span class='ocrx_word' id='word_1_186' title='bbox 748 1847 836 1885; x_wconf 85' lang='lat' dir='ltr'>diss.</span> <span class='ocrx_word' id='word_1_187' title='bbox 864 1846 890 1896; x_wconf 86' lang='grc'><em>4</em></span> <span class='ocrx_word' id='word_1_188' title='bbox 910 1875 920 1895; x_wconf 85' lang='grc'><em>,</em></span> <span class='ocrx_word' id='word_1_189' title='bbox 986 1858 1046 1883; x_wconf 81' lang='lat' dir='ltr'>eos</span> <span class='ocrx_word' id='word_1_190' title='bbox 1074 1853 1264 1896; x_wconf 85' lang='lat' dir='ltr'>propterea</span> <span class='ocrx_word' id='word_1_191' title='bbox 1293 1846 1579 1897; x_wconf 85' lang='lat' dir='ltr'>compescendos</span> <span class='ocrx_word' id='word_1_192' title='bbox 1598 1844 1639 1885; x_wconf 91' lang='lat' dir='ltr'>S.</span> <span class='ocrx_word' id='word_1_193' title='bbox 1668 1845 1805 1886; x_wconf 86' lang='lat' dir='ltr'>Hiero-</span> 
     </span>
    </p>
   </div>
   <div class='ocr_carea' id='block_1_5' title="bbox 101 1912 930 3082">
    <p class='ocr_par' dir='ltr' id='par_1_7' title="bbox 101 1912 923 2293">
     <span class='ocr_line' id='line_1_22' title="bbox 102 1912 923 1966; baseline -0.001 -14"><span class='ocrx_word' id='word_1_194' title='bbox 102 1917 142 1953; x_wconf 90' lang='lat' dir='ltr'>in</span> <span class='ocrx_word' id='word_1_195' title='bbox 167 1915 279 1954; x_wconf 79' lang='lat' dir='ltr'>secui.</span> <span class='ocrx_word' id='word_1_196' title='bbox 303 1929 315 1952; x_wconf 84' lang='grc' dir='ltr'><strong>ι</strong></span> <span class='ocrx_word' id='word_1_197' title='bbox 335 1946 343 1960; x_wconf 80' lang='grc'>,</span> <span class='ocrx_word' id='word_1_198' title='bbox 364 1913 384 1966; x_wconf 56' lang='grc' dir='ltr'><strong>ἓ</strong></span> <span class='ocrx_word' id='word_1_199' title='bbox 409 1913 459 1966; x_wconf 98' lang='grc'><em>4</em></span> <span class='ocrx_word' id='word_1_200' title='bbox 488 1914 565 1966; x_wconf 87' lang='lat' dir='ltr'>obj.</span> <span class='ocrx_word' id='word_1_201' title='bbox 591 1927 639 1963; x_wconf 78' lang='lat'>2,</span> <span class='ocrx_word' id='word_1_202' title='bbox 676 1912 742 1951; x_wconf 88' lang='lat' dir='ltr'>ubi</span> <span class='ocrx_word' id='word_1_203' title='bbox 778 1913 856 1951; x_wconf 88' lang='lat' dir='ltr'>fuse</span> <span class='ocrx_word' id='word_1_204' title='bbox 882 1927 923 1951; x_wconf 84' lang='lat' dir='ltr'>ea</span> 
     </span>
     <span class='ocr_line' id='line_1_23' title="bbox 101 1980 923 2032; baseline -0.001 -14"><span class='ocrx_word' id='word_1_205' title='bbox 101 1993 145 2019; x_wconf 89' lang='lat' dir='ltr'>ac</span> <span class='ocrx_word' id='word_1_206' title='bbox 174 1981 384 2032; x_wconf 82' lang='lat' dir='ltr'>plenissime</span> <span class='ocrx_word' id='word_1_207' title='bbox 403 1982 567 2019; x_wconf 79' lang='lat' dir='ltr'>discutit.</span> <span class='ocrx_word' id='word_1_208' title='bbox 600 1980 681 2019; x_wconf 86' lang='lat' dir='ltr'>Jam</span> <span class='ocrx_word' id='word_1_209' title='bbox 699 1980 744 2018; x_wconf 87' lang='lat' dir='ltr'>de</span> <span class='ocrx_word' id='word_1_210' title='bbox 760 1980 829 2018; x_wconf 90' lang='lat' dir='ltr'>hoc</span> <span class='ocrx_word' id='word_1_211' title='bbox 845 1982 923 2030; x_wconf 91' lang='lat' dir='ltr'>ipso</span> 
     </span>
     <span class='ocr_line' id='line_1_24' title="bbox 103 2044 921 2097; baseline -0.001 -14"><span class='ocrx_word' id='word_1_212' title='bbox 103 2054 244 2097; x_wconf 81' lang='lat' dir='ltr'>egerat,</span> <span class='ocrx_word' id='word_1_213' title='bbox 269 2044 308 2084; x_wconf 91' lang='lat' dir='ltr'>S.</span> <span class='ocrx_word' id='word_1_214' title='bbox 338 2045 583 2096; x_wconf 79' lang='lat' dir='ltr'>Augustinus,</span> <span class='ocrx_word' id='word_1_215' title='bbox 611 2045 672 2083; x_wconf 83' lang='lat' dir='ltr'>De</span> <span class='ocrx_word' id='word_1_216' title='bbox 695 2044 897 2097; x_wconf 77' lang='lat' dir='ltr'>Baptismo</span> <span class='ocrx_word' id='word_1_217' title='bbox 911 2074 921 2092; x_wconf 92' lang='lat'>,</span> 
     </span>
     <span class='ocr_line' id='line_1_25' title="bbox 103 2109 922 2163; baseline -0.001 -14"><span class='ocrx_word' id='word_1_218' title='bbox 103 2109 176 2150; x_wconf 85' lang='lat' dir='ltr'>lib.</span> <span class='ocrx_word' id='word_1_219' title='bbox 203 2124 259 2159; x_wconf 84' lang='lat'>111,</span> <span class='ocrx_word' id='word_1_220' title='bbox 281 2124 362 2163; x_wconf 90' lang='lat' dir='ltr'>cap.</span> <span class='ocrx_word' id='word_1_221' title='bbox 382 2111 421 2149; x_wconf 81' lang='lat'>3.</span> <span class='ocrx_word' id='word_1_222' title='bbox 452 2110 531 2149; x_wconf 84' lang='lat' dir='ltr'>Cfr.</span> <span class='ocrx_word' id='word_1_223' title='bbox 554 2113 664 2149; x_wconf 84' lang='lat' dir='ltr'>etiam</span> <span class='ocrx_word' id='word_1_224' title='bbox 688 2111 801 2149; x_wconf 83' lang='lat' dir='ltr'>Card.</span> <span class='ocrx_word' id='word_1_225' title='bbox 818 2110 922 2158; x_wconf 83' lang='lat' dir='ltr'>Orsi,</span> 
     </span>
     <span class='ocr_line' id='line_1_26' title="bbox 106 2173 922 2228; baseline 0 -15"><span class='ocrx_word' id='word_1_226' title='bbox 106 2173 163 2214; x_wconf 78' lang='lat' dir='ltr'>De</span> <span class='ocrx_word' id='word_1_227' title='bbox 175 2190 269 2216; x_wconf 88' lang='lat' dir='ltr'>rom.</span> <span class='ocrx_word' id='word_1_228' title='bbox 288 2176 495 2228; x_wconf 77' lang='lat' dir='ltr'>Pontificis</span> <span class='ocrx_word' id='word_1_229' title='bbox 508 2177 732 2219; x_wconf 77' lang='lat' dir='ltr'>auctoritate</span> <span class='ocrx_word' id='word_1_230' title='bbox 747 2206 758 2222; x_wconf 93' lang='lat'>,</span> <span class='ocrx_word' id='word_1_231' title='bbox 779 2176 848 2214; x_wconf 84' lang='lat' dir='ltr'>lib.</span> <span class='ocrx_word' id='word_1_232' title='bbox 865 2188 922 2223; x_wconf 89' lang='lat'>111,</span> 
     </span>
     <span class='ocr_line' id='line_1_27' title="bbox 108 2242 433 2293; baseline 0.006 -14"><span class='ocrx_word' id='word_1_233' title='bbox 108 2254 191 2293; x_wconf 82' lang='lat' dir='ltr'>cap.</span> <span class='ocrx_word' id='word_1_234' title='bbox 217 2242 267 2289; x_wconf 80' lang='lat'>3,</span> <span class='ocrx_word' id='word_1_235' title='bbox 296 2251 365 2281; x_wconf 84' lang='lat' dir='ltr'>art.</span> <span class='ocrx_word' id='word_1_236' title='bbox 400 2256 433 2282; x_wconf 88' lang='lat'>1.</span> 
     </span>
    </p>

    <p class='ocr_par' dir='ltr' id='par_1_8' title="bbox 112 2305 925 2622">
     <span class='ocr_line' id='line_1_28' title="bbox 166 2305 922 2357; baseline 0.001 -13"><span class='ocrx_word' id='word_1_237' title='bbox 166 2306 221 2357; x_wconf 85' lang='lat' dir='ltr'>(l)</span> <span class='ocrx_word' id='word_1_238' title='bbox 248 2308 327 2347; x_wconf 83' lang='lat' dir='ltr'>Cfr.</span> <span class='ocrx_word' id='word_1_239' title='bbox 368 2308 547 2347; x_wconf 79' lang='lat' dir='ltr'>Baronius</span> <span class='ocrx_word' id='word_1_240' title='bbox 566 2338 575 2355; x_wconf 92' lang='lat'>,</span> <span class='ocrx_word' id='word_1_241' title='bbox 615 2307 661 2346; x_wconf 88' lang='lat' dir='ltr'>ad</span> <span class='ocrx_word' id='word_1_242' title='bbox 693 2322 779 2345; x_wconf 88' lang='lat' dir='ltr'>ann.</span> <span class='ocrx_word' id='word_1_243' title='bbox 818 2305 922 2355; x_wconf 80' lang='lat'>258,</span> 
     </span>
     <span class='ocr_line' id='line_1_29' title="bbox 114 2361 925 2427; baseline 0.002 -18"><span class='ocrx_word' id='word_1_244' title='bbox 114 2386 153 2411; x_wconf 86' lang='lat' dir='ltr'>n.</span> <span class='ocrx_word' id='word_1_245' title='bbox 187 2370 236 2422; x_wconf 71' lang='lat'>42</span> <span class='ocrx_word' id='word_1_246' title='bbox 271 2376 307 2411; x_wconf 79' lang='lat' dir='ltr'>et</span> <span class='ocrx_word' id='word_1_247' title='bbox 336 2361 435 2427; x_wconf 79' lang='lat' dir='ltr'>seqq.</span> <span class='ocrx_word' id='word_1_248' title='bbox 464 2387 549 2413; x_wconf 87' lang='lat' dir='ltr'>cum</span> <span class='ocrx_word' id='word_1_249' title='bbox 580 2374 705 2412; x_wconf 86' lang='lat' dir='ltr'>critica</span> <span class='ocrx_word' id='word_1_250' title='bbox 733 2372 858 2424; x_wconf 79' lang='lat' dir='ltr'>pagii,</span> <span class='ocrx_word' id='word_1_251' title='bbox 885 2374 925 2411; x_wconf 88' lang='lat' dir='ltr'>in</span> 
     </span>
     <span class='ocr_line' id='line_1_30' title="bbox 113 2435 923 2491; baseline 0.004 -15"><span class='ocrx_word' id='word_1_252' title='bbox 113 2452 199 2476; x_wconf 86' lang='lat' dir='ltr'>ann.</span> <span class='ocrx_word' id='word_1_253' title='bbox 233 2437 326 2485; x_wconf 80' lang='lat'>256,</span> <span class='ocrx_word' id='word_1_254' title='bbox 351 2443 500 2491; x_wconf 82' lang='lat' dir='ltr'>etjuxta</span> <span class='ocrx_word' id='word_1_255' title='bbox 521 2440 723 2479; x_wconf 88' lang='lat' dir='ltr'>Baronium</span> <span class='ocrx_word' id='word_1_256' title='bbox 741 2435 923 2491; x_wconf 79' lang='lat' dir='ltr'>259.Cfr.</span> 
     </span>
     <span class='ocr_line' id='line_1_31' title="bbox 112 2501 919 2557; baseline 0.001 -15"><span class='ocrx_word' id='word_1_257' title='bbox 112 2506 201 2542; x_wconf 82' lang='lat' dir='ltr'>item</span> <span class='ocrx_word' id='word_1_258' title='bbox 220 2501 363 2542; x_wconf 87' lang='lat' dir='ltr'>Gerdil.</span> <span class='ocrx_word' id='word_1_259' title='bbox 384 2506 424 2543; x_wconf 88' lang='lat' dir='ltr'>in</span> <span class='ocrx_word' id='word_1_260' title='bbox 447 2520 507 2557; x_wconf 86' lang='lat' dir='ltr'>op.</span> <span class='ocrx_word' id='word_1_261' title='bbox 520 2503 664 2545; x_wconf 75' lang='lat' dir='ltr'>Eeame</span> <span class='ocrx_word' id='word_1_262' title='bbox 683 2505 748 2543; x_wconf 75' lang='lat' dir='ltr'>dei</span> <span class='ocrx_word' id='word_1_263' title='bbox 761 2506 897 2543; x_wconf 70' lang='lat' dir='ltr'>motivi</span> <span class='ocrx_word' id='word_1_264' title='bbox 909 2535 919 2552; x_wconf 90' lang='lat'>‚</span> 
     </span>
     <span class='ocr_line' id='line_1_32' title="bbox 114 2568 878 2622; baseline 0 -14"><span class='ocrx_word' id='word_1_265' title='bbox 114 2577 185 2608; x_wconf 89' lang='lat' dir='ltr'>etc.</span> <span class='ocrx_word' id='word_1_266' title='bbox 210 2576 303 2621; x_wconf 81' lang='lat' dir='ltr'>part.</span> <span class='ocrx_word' id='word_1_267' title='bbox 330 2582 357 2608; x_wconf 83' lang='grc' dir='ltr'>ιι</span> <span class='ocrx_word' id='word_1_268' title='bbox 374 2599 383 2616; x_wconf 88' lang='grc'><em>,</em></span> <span class='ocrx_word' id='word_1_269' title='bbox 405 2578 473 2608; x_wconf 85' lang='lat' dir='ltr'>art.</span> <span class='ocrx_word' id='word_1_270' title='bbox 500 2568 527 2607; x_wconf 89' lang='grc'>6</span> <span class='ocrx_word' id='word_1_271' title='bbox 542 2600 553 2617; x_wconf 88' lang='grc'><strong>,</strong></span> <span class='ocrx_word' id='word_1_272' title='bbox 576 2584 661 2622; x_wconf 88' lang='lat' dir='ltr'>opp.</span> <span class='ocrx_word' id='word_1_273' title='bbox 689 2579 779 2609; x_wconf 87' lang='lat' dir='ltr'>tom.</span> <span class='ocrx_word' id='word_1_274' title='bbox 799 2583 878 2609; x_wconf 77' lang='lat' dir='ltr'>xlv.</span> 
     </span>
    </p>

    <p class='ocr_par' dir='ltr' id='par_1_9' title="bbox 114 2633 930 3082">
     <span class='ocr_line' id='line_1_33' title="bbox 167 2633 923 2685; baseline 0.001 -12"><span class='ocrx_word' id='word_1_275' title='bbox 167 2634 225 2685; x_wconf 74' lang='lat'>(2)</span> <span class='ocrx_word' id='word_1_276' title='bbox 257 2635 336 2672; x_wconf 79' lang='lat' dir='ltr'>Cfr.</span> <span class='ocrx_word' id='word_1_277' title='bbox 347 2633 487 2672; x_wconf 81' lang='lat' dir='ltr'>Natalis</span> <span class='ocrx_word' id='word_1_278' title='bbox 503 2634 606 2673; x_wconf 74' lang='lat' dir='ltr'>Alex,</span> <span class='ocrx_word' id='word_1_279' title='bbox 618 2635 689 2673; x_wconf 90' lang='lat' dir='ltr'>loc.</span> <span class='ocrx_word' id='word_1_280' title='bbox 709 2637 773 2674; x_wconf 89' lang='lat' dir='ltr'>cit.</span> <span class='ocrx_word' id='word_1_281' title='bbox 788 2634 923 2674; x_wconf 85' lang='lat' dir='ltr'>Sensus</span> 
     </span>
     <span class='ocr_line' id='line_1_34' title="bbox 114 2699 923 2753; baseline 0 -14"><span class='ocrx_word' id='word_1_282' title='bbox 114 2702 278 2753; x_wconf 85' lang='lat' dir='ltr'>profecto</span> <span class='ocrx_word' id='word_1_283' title='bbox 307 2699 347 2739; x_wconf 87' lang='lat' dir='ltr'>S.</span> <span class='ocrx_word' id='word_1_284' title='bbox 372 2699 585 2752; x_wconf 84' lang='lat' dir='ltr'>Hieronymi</span> <span class='ocrx_word' id='word_1_285' title='bbox 617 2701 655 2737; x_wconf 85' lang='lat' dir='ltr'>in</span> <span class='ocrx_word' id='word_1_286' title='bbox 679 2700 821 2753; x_wconf 83' lang='lat' dir='ltr'>objecto</span> <span class='ocrx_word' id='word_1_287' title='bbox 842 2700 923 2739; x_wconf 88' lang='lat' dir='ltr'>loco</span> 
     </span>
     <span class='ocr_line' id='line_1_35' title="bbox 114 2766 923 2821; baseline -0.004 -15"><span class='ocrx_word' id='word_1_288' title='bbox 114 2781 156 2806; x_wconf 82' lang='lat' dir='ltr'>ex</span> <span class='ocrx_word' id='word_1_289' title='bbox 171 2770 251 2821; x_wconf 86' lang='lat' dir='ltr'>ejus</span> <span class='ocrx_word' id='word_1_290' title='bbox 271 2780 380 2819; x_wconf 84' lang='lat' dir='ltr'>scopo</span> <span class='ocrx_word' id='word_1_291' title='bbox 400 2767 626 2818; x_wconf 75' lang='lat' dir='ltr'>apertissime</span> <span class='ocrx_word' id='word_1_292' title='bbox 645 2766 848 2818; x_wconf 76' lang='lat' dir='ltr'>colligitur,</span> <span class='ocrx_word' id='word_1_293' title='bbox 864 2779 923 2803; x_wconf 86' lang='lat' dir='ltr'>re-</span> 
     </span>
     <span class='ocr_line' id='line_1_36' title="bbox 116 2832 923 2872; baseline -0.002 0"><span class='ocrx_word' id='word_1_294' title='bbox 116 2834 297 2872; x_wconf 87' lang='lat' dir='ltr'>tundendi</span> <span class='ocrx_word' id='word_1_295' title='bbox 310 2835 485 2871; x_wconf 85' lang='lat' dir='ltr'>nimirum</span> <span class='ocrx_word' id='word_1_296' title='bbox 500 2833 741 2871; x_wconf 86' lang='lat' dir='ltr'>diaconorum</span> <span class='ocrx_word' id='word_1_297' title='bbox 755 2832 923 2871; x_wconf 85' lang='lat' dir='ltr'>Ecclesiae</span> 
     </span>
     <span class='ocr_line' id='line_1_37' title="bbox 117 2897 927 2951; baseline 0 -16"><span class='ocrx_word' id='word_1_298' title='bbox 117 2911 279 2937; x_wconf 80' lang='lat' dir='ltr'>romanae</span> <span class='ocrx_word' id='word_1_299' title='bbox 297 2899 490 2938; x_wconf 82' lang='lat' dir='ltr'>audaciam</span> <span class='ocrx_word' id='word_1_300' title='bbox 506 2928 516 2946; x_wconf 85' lang='lat'><em>‚</em></span> <span class='ocrx_word' id='word_1_301' title='bbox 543 2900 607 2951; x_wconf 89' lang='lat' dir='ltr'>qui</span> <span class='ocrx_word' id='word_1_302' title='bbox 630 2911 668 2936; x_wconf 85' lang='lat' dir='ltr'>se</span> <span class='ocrx_word' id='word_1_303' title='bbox 688 2897 927 2949; x_wconf 64' lang='lat' dir='ltr'>praeferebant</span> 
     </span>
     <span class='ocr_line' id='line_1_38' title="bbox 118 2962 928 3016; baseline -0.001 -13"><span class='ocrx_word' id='word_1_304' title='bbox 118 2962 365 3016; x_wconf 77' lang='lat' dir='ltr'>Presbyteris‚</span> <span class='ocrx_word' id='word_1_305' title='bbox 395 2965 515 3003; x_wconf 83' lang='lat' dir='ltr'>innixi</span> <span class='ocrx_word' id='word_1_306' title='bbox 544 2966 667 3003; x_wconf 87' lang='lat' dir='ltr'>nescio</span> <span class='ocrx_word' id='word_1_307' title='bbox 690 2965 750 3002; x_wconf 87' lang='lat' dir='ltr'>cui</span> <span class='ocrx_word' id='word_1_308' title='bbox 775 2976 928 3002; x_wconf 83' lang='lat' dir='ltr'>consue-</span> 
     </span>
     <span class='ocr_line' id='line_1_39' title="bbox 119 3028 930 3082; baseline 0 -14"><span class='ocrx_word' id='word_1_309' title='bbox 119 3028 256 3078; x_wconf 84' lang='lat' dir='ltr'>tudini,</span> <span class='ocrx_word' id='word_1_310' title='bbox 269 3041 354 3082; x_wconf 74' lang='lat' dir='ltr'>quae</span> <span class='ocrx_word' id='word_1_311' title='bbox 367 3031 509 3082; x_wconf 81' lang='lat' dir='ltr'>vigebat</span> <span class='ocrx_word' id='word_1_312' title='bbox 523 3033 563 3070; x_wconf 90' lang='lat' dir='ltr'>in</span> <span class='ocrx_word' id='word_1_313' title='bbox 576 3043 672 3070; x_wconf 84' lang='lat' dir='ltr'>rom.</span> <span class='ocrx_word' id='word_1_314' title='bbox 688 3029 860 3069; x_wconf 79' lang='lat' dir='ltr'>Ecclesia.</span> <span class='ocrx_word' id='word_1_315' title='bbox 875 3029 930 3069; x_wconf 75' lang='lat' dir='ltr'>Ad</span> 
     </span>
    </p>
   </div>
   <div class='ocr_carea' id='block_1_6' title="bbox 986 1911 1808 3069">
    <p class='ocr_par' dir='ltr' id='par_1_10' title="bbox 986 1911 1807 2559">
     <span class='ocr_line' id='line_1_40' title="bbox 986 1911 1804 1965; baseline 0.004 -16"><span class='ocrx_word' id='word_1_316' title='bbox 986 1925 1120 1964; x_wconf 79' lang='lat' dir='ltr'>nymus</span> <span class='ocrx_word' id='word_1_317' title='bbox 1142 1911 1408 1950; x_wconf 84' lang='lat' dir='ltr'>vehementiori</span> <span class='ocrx_word' id='word_1_318' title='bbox 1431 1912 1523 1964; x_wconf 80' lang='lat' dir='ltr'>stylo</span> <span class='ocrx_word' id='word_1_319' title='bbox 1548 1926 1608 1951; x_wconf 89' lang='lat' dir='ltr'>eos</span> <span class='ocrx_word' id='word_1_320' title='bbox 1630 1915 1804 1965; x_wconf 84' lang='lat' dir='ltr'>perstrin-</span> 
     </span>
     <span class='ocr_line' id='line_1_41' title="bbox 990 1978 1805 2033; baseline 0.005 -18"><span class='ocrx_word' id='word_1_321' title='bbox 990 1979 1064 2030; x_wconf 81' lang='lat' dir='ltr'>git,</span> <span class='ocrx_word' id='word_1_322' title='bbox 1091 1979 1156 2030; x_wconf 92' lang='lat' dir='ltr'>qui</span> <span class='ocrx_word' id='word_1_323' title='bbox 1183 1978 1231 2016; x_wconf 91' lang='lat' dir='ltr'>ob</span> <span class='ocrx_word' id='word_1_324' title='bbox 1255 1980 1510 2018; x_wconf 85' lang='lat' dir='ltr'>auctoritatem</span> <span class='ocrx_word' id='word_1_325' title='bbox 1526 1987 1563 2018; x_wconf 86' lang='lat' dir='ltr'>et</span> <span class='ocrx_word' id='word_1_326' title='bbox 1577 1983 1805 2033; x_wconf 86' lang='lat' dir='ltr'>majestatem</span> 
     </span>
     <span class='ocr_line' id='line_1_42' title="bbox 987 2042 1806 2097; baseline 0.005 -17"><span class='ocrx_word' id='word_1_327' title='bbox 987 2042 1159 2094; x_wconf 86' lang='lat' dir='ltr'>Episcopi</span> <span class='ocrx_word' id='word_1_328' title='bbox 1185 2045 1328 2082; x_wconf 87' lang='lat' dir='ltr'>romani</span> <span class='ocrx_word' id='word_1_329' title='bbox 1355 2058 1394 2083; x_wconf 85' lang='lat' dir='ltr'>se</span> <span class='ocrx_word' id='word_1_330' title='bbox 1420 2044 1607 2083; x_wconf 82' lang='lat' dir='ltr'>audebant</span> <span class='ocrx_word' id='word_1_331' title='bbox 1632 2046 1806 2097; x_wconf 73' lang='lat' dir='ltr'>praeferre</span> 
     </span>
     <span class='ocr_line' id='line_1_43' title="bbox 988 2108 1806 2164; baseline 0.006 -18"><span class='ocrx_word' id='word_1_332' title='bbox 988 2108 1209 2162; x_wconf 75' lang='lat' dir='ltr'>presbyteris</span> <span class='ocrx_word' id='word_1_333' title='bbox 1241 2110 1396 2149; x_wconf 84' lang='lat' dir='ltr'>aliarum</span> <span class='ocrx_word' id='word_1_334' title='bbox 1431 2111 1650 2150; x_wconf 87' lang='lat' dir='ltr'>dioeceseon.</span> <span class='ocrx_word' id='word_1_335' title='bbox 1683 2111 1806 2164; x_wconf 82' lang='lat' dir='ltr'>Quare</span> 
     </span>
     <span class='ocr_line' id='line_1_44' title="bbox 989 2175 1806 2231; baseline 0.006 -18"><span class='ocrx_word' id='word_1_336' title='bbox 989 2178 1116 2214; x_wconf 82' lang='lat' dir='ltr'>merito</span> <span class='ocrx_word' id='word_1_337' title='bbox 1136 2175 1177 2215; x_wconf 88' lang='lat' dir='ltr'>S.</span> <span class='ocrx_word' id='word_1_338' title='bbox 1193 2176 1438 2228; x_wconf 84' lang='lat' dir='ltr'>Hieronymus</span> <span class='ocrx_word' id='word_1_339' title='bbox 1454 2177 1579 2226; x_wconf 85' lang='lat' dir='ltr'>docet,</span> <span class='ocrx_word' id='word_1_340' title='bbox 1608 2177 1806 2231; x_wconf 81' lang='lat' dir='ltr'>Episcopus</span> 
     </span>
     <span class='ocr_line' id='line_1_45' title="bbox 989 2243 1806 2297; baseline 0.004 -16"><span class='ocrx_word' id='word_1_341' title='bbox 989 2256 1115 2281; x_wconf 83' lang='lat' dir='ltr'>omnes</span> <span class='ocrx_word' id='word_1_342' title='bbox 1133 2273 1144 2292; x_wconf 90' lang='lat'><strong>‚</strong></span> <span class='ocrx_word' id='word_1_343' title='bbox 1168 2251 1328 2295; x_wconf 83' lang='lat' dir='ltr'>spectata</span> <span class='ocrx_word' id='word_1_344' title='bbox 1345 2243 1457 2282; x_wconf 86' lang='lat' dir='ltr'>solius</span> <span class='ocrx_word' id='word_1_345' title='bbox 1478 2243 1653 2297; x_wconf 86' lang='lat' dir='ltr'>Episcopi</span> <span class='ocrx_word' id='word_1_346' title='bbox 1677 2246 1806 2284; x_wconf 89' lang='lat' dir='ltr'>condi-</span> 
     </span>
     <span class='ocr_line' id='line_1_46' title="bbox 989 2309 1807 2364; baseline 0.006 -19"><span class='ocrx_word' id='word_1_347' title='bbox 989 2310 1087 2347; x_wconf 82' lang='lat' dir='ltr'>tione</span> <span class='ocrx_word' id='word_1_348' title='bbox 1100 2317 1135 2347; x_wconf 88' lang='lat' dir='ltr'>et</span> <span class='ocrx_word' id='word_1_349' title='bbox 1149 2310 1356 2348; x_wconf 81' lang='lat' dir='ltr'>charactere</span> <span class='ocrx_word' id='word_1_350' title='bbox 1368 2338 1380 2356; x_wconf 86' lang='lat'>,</span> <span class='ocrx_word' id='word_1_351' title='bbox 1394 2309 1555 2362; x_wconf 68' lang='lat' dir='ltr'>aequales</span> <span class='ocrx_word' id='word_1_352' title='bbox 1566 2324 1644 2349; x_wconf 85' lang='lat' dir='ltr'>esse</span> <span class='ocrx_word' id='word_1_353' title='bbox 1657 2340 1667 2359; x_wconf 91' lang='lat'>,</span> <span class='ocrx_word' id='word_1_354' title='bbox 1686 2324 1807 2364; x_wconf 88' lang='lat' dir='ltr'>neque</span> 
     </span>
     <span class='ocr_line' id='line_1_47' title="bbox 989 2374 1806 2428; baseline 0.004 -15"><span class='ocrx_word' id='word_1_355' title='bbox 989 2388 1114 2413; x_wconf 86' lang='lat' dir='ltr'>eorum</span> <span class='ocrx_word' id='word_1_356' title='bbox 1146 2374 1361 2426; x_wconf 84' lang='lat' dir='ltr'>dignitatem</span> <span class='ocrx_word' id='word_1_357' title='bbox 1390 2376 1626 2415; x_wconf 85' lang='lat' dir='ltr'>intrinsecam</span> <span class='ocrx_word' id='word_1_358' title='bbox 1645 2374 1806 2428; x_wconf 85' lang='lat' dir='ltr'>pendere</span> 
     </span>
     <span class='ocr_line' id='line_1_48' title="bbox 989 2439 1806 2493; baseline 0.004 -15"><span class='ocrx_word' id='word_1_359' title='bbox 989 2454 1009 2478; x_wconf 83' lang='lat' dir='ltr'>a</span> <span class='ocrx_word' id='word_1_360' title='bbox 1034 2442 1161 2493; x_wconf 85' lang='lat' dir='ltr'>majori</span> <span class='ocrx_word' id='word_1_361' title='bbox 1184 2439 1241 2479; x_wconf 85' lang='lat' dir='ltr'>vel</span> <span class='ocrx_word' id='word_1_362' title='bbox 1268 2441 1402 2478; x_wconf 88' lang='lat' dir='ltr'>minori</span> <span class='ocrx_word' id='word_1_363' title='bbox 1425 2440 1617 2481; x_wconf 80' lang='lat' dir='ltr'>civitatum</span> <span class='ocrx_word' id='word_1_364' title='bbox 1650 2451 1713 2481; x_wconf 83' lang='lat' dir='ltr'>aut</span> <span class='ocrx_word' id='word_1_365' title='bbox 1735 2442 1806 2482; x_wconf 90' lang='lat' dir='ltr'>Ec-</span> 
     </span>
     <span class='ocr_line' id='line_1_49' title="bbox 989 2506 1474 2559; baseline 0.004 -15"><span class='ocrx_word' id='word_1_366' title='bbox 989 2506 1183 2545; x_wconf 86' lang='lat' dir='ltr'>clesiarum</span> <span class='ocrx_word' id='word_1_367' title='bbox 1211 2507 1474 2559; x_wconf 86' lang='lat' dir='ltr'>amplitudine.</span> 
     </span>
    </p>

    <p class='ocr_par' dir='ltr' id='par_1_11' title="bbox 986 2570 1808 3069">
     <span class='ocr_line' id='line_1_50' title="bbox 1042 2570 1807 2625; baseline 0.003 -15"><span class='ocrx_word' id='word_1_368' title='bbox 1042 2570 1095 2622; x_wconf 84' lang='grc'>(3)</span> <span class='ocrx_word' id='word_1_369' title='bbox 1117 2572 1195 2611; x_wconf 76' lang='lat' dir='ltr'>cfr.</span> <span class='ocrx_word' id='word_1_370' title='bbox 1219 2571 1446 2624; x_wconf 81' lang='lat' dir='ltr'>Binghamus</span> <span class='ocrx_word' id='word_1_371' title='bbox 1463 2600 1474 2622; x_wconf 84' lang='lat'>‚</span> <span class='ocrx_word' id='word_1_372' title='bbox 1497 2572 1702 2625; x_wconf 74' lang='lat' dir='ltr'>Oriyines,</span> <span class='ocrx_word' id='word_1_373' title='bbox 1728 2575 1807 2613; x_wconf 72' lang='lat' dir='ltr'>eine</span> 
     </span>
     <span class='ocr_line' id='line_1_51' title="bbox 987 2637 1804 2691; baseline 0.005 -17"><span class='ocrx_word' id='word_1_374' title='bbox 987 2638 1168 2688; x_wconf 77' lang='lat' dir='ltr'>antiquit.</span> <span class='ocrx_word' id='word_1_375' title='bbox 1185 2637 1473 2687; x_wconf 63' lang='lat' dir='ltr'>ecclesiastic-w,</span> <span class='ocrx_word' id='word_1_376' title='bbox 1492 2638 1564 2678; x_wconf 92' lang='lat' dir='ltr'>lib.</span> <span class='ocrx_word' id='word_1_377' title='bbox 1584 2653 1633 2687; x_wconf 84' lang='lat'>11,</span> <span class='ocrx_word' id='word_1_378' title='bbox 1656 2653 1738 2691; x_wconf 88' lang='lat' dir='ltr'>cap.</span> <span class='ocrx_word' id='word_1_379' title='bbox 1754 2651 1776 2677; x_wconf 69' lang='grc' dir='ltr'>α</span> <span class='ocrx_word' id='word_1_380' title='bbox 1792 2667 1804 2685; x_wconf 85' lang='grc'><em>,</em></span> 
     </span>
     <span class='ocr_line' id='line_1_52' title="bbox 987 2700 1805 2757; baseline 0.002 -16"><span class='ocrx_word' id='word_1_381' title='bbox 987 2700 1008 2754; x_wconf 57' lang='grc' dir='ltr'>ὃ</span> <span class='ocrx_word' id='word_1_382' title='bbox 1035 2715 1083 2752; x_wconf 88' lang='grc'>7,</span> <span class='ocrx_word' id='word_1_383' title='bbox 1120 2711 1154 2742; x_wconf 89' lang='lat' dir='ltr'>et</span> <span class='ocrx_word' id='word_1_384' title='bbox 1187 2717 1269 2755; x_wconf 83' lang='lat' dir='ltr'>cap.</span> <span class='ocrx_word' id='word_1_385' title='bbox 1316 2702 1535 2757; x_wconf 69' lang='lat'>19,§14;</span> <span class='ocrx_word' id='word_1_386' title='bbox 1574 2713 1608 2743; x_wconf 81' lang='lat' dir='ltr'>et</span> <span class='ocrx_word' id='word_1_387' title='bbox 1635 2703 1805 2757; x_wconf 87' lang='lat' dir='ltr'>Theoph.</span> 
     </span>
     <span class='ocr_line' id='line_1_53' title="bbox 986 2766 1805 2822; baseline 0.005 -18"><span class='ocrx_word' id='word_1_388' title='bbox 986 2766 1232 2819; x_wconf 75' lang='lat' dir='ltr'>Raynaudu3‚</span> <span class='ocrx_word' id='word_1_389' title='bbox 1260 2771 1298 2807; x_wconf 87' lang='lat' dir='ltr'>in</span> <span class='ocrx_word' id='word_1_390' title='bbox 1323 2783 1384 2822; x_wconf 87' lang='lat' dir='ltr'>op.</span> <span class='ocrx_word' id='word_1_391' title='bbox 1407 2771 1471 2808; x_wconf 87' lang='lat' dir='ltr'>cit.</span> <span class='ocrx_word' id='word_1_392' title='bbox 1491 2768 1640 2807; x_wconf 77' lang='lat' dir='ltr'>Corona</span> <span class='ocrx_word' id='word_1_393' title='bbox 1659 2782 1779 2808; x_wconf 76' lang='lat' dir='ltr'>aurea</span> <span class='ocrx_word' id='word_1_394' title='bbox 1792 2797 1805 2820; x_wconf 89' lang='lat'>‚</span> 
     </span>
     <span class='ocr_line' id='line_1_54' title="bbox 987 2832 1807 2886; baseline 0.004 -16"><span class='ocrx_word' id='word_1_395' title='bbox 987 2832 1033 2870; x_wconf 87' lang='lat' dir='ltr'>ad</span> <span class='ocrx_word' id='word_1_396' title='bbox 1070 2846 1195 2872; x_wconf 86' lang='lat' dir='ltr'>vocem</span> <span class='ocrx_word' id='word_1_397' title='bbox 1229 2834 1378 2886; x_wconf 69' lang='lat' dir='ltr'>Papae,</span> <span class='ocrx_word' id='word_1_398' title='bbox 1414 2834 1479 2873; x_wconf 88' lang='lat' dir='ltr'>ubi</span> <span class='ocrx_word' id='word_1_399' title='bbox 1508 2834 1697 2882; x_wconf 85' lang='lat' dir='ltr'>observat,</span> <span class='ocrx_word' id='word_1_400' title='bbox 1728 2849 1807 2874; x_wconf 87' lang='lat' dir='ltr'>non</span> 
     </span>
     <span class='ocr_line' id='line_1_55' title="bbox 993 2896 1806 2947; baseline 0.004 -12"><span class='ocrx_word' id='word_1_401' title='bbox 993 2896 1113 2937; x_wconf 81' lang='lat' dir='ltr'>solum</span> <span class='ocrx_word' id='word_1_402' title='bbox 1137 2896 1393 2938; x_wconf 82' lang='lat' dir='ltr'>Sacerdotibus</span> <span class='ocrx_word' id='word_1_403' title='bbox 1412 2913 1550 2938; x_wconf 86' lang='lat' dir='ltr'>nomen</span> <span class='ocrx_word' id='word_1_404' title='bbox 1584 2900 1702 2947; x_wconf 85' lang='lat' dir='ltr'>istud,</span> <span class='ocrx_word' id='word_1_405' title='bbox 1743 2901 1806 2939; x_wconf 80' lang='lat' dir='ltr'>sed</span> 
     </span>
     <span class='ocr_line' id='line_1_56' title="bbox 995 2962 1808 3016; baseline 0.004 -15"><span class='ocrx_word' id='word_1_406' title='bbox 995 2962 1215 3016; x_wconf 84' lang='lat' dir='ltr'>quandoque</span> <span class='ocrx_word' id='word_1_407' title='bbox 1226 2965 1313 3016; x_wconf 80' lang='lat' dir='ltr'>ipsis</span> <span class='ocrx_word' id='word_1_408' title='bbox 1323 2965 1463 3005; x_wconf 83' lang='lat' dir='ltr'>clericis</span> <span class='ocrx_word' id='word_1_409' title='bbox 1473 2966 1654 3004; x_wconf 82' lang='lat' dir='ltr'>inferioris</span> <span class='ocrx_word' id='word_1_410' title='bbox 1669 2964 1808 3004; x_wconf 85' lang='lat' dir='ltr'>ordinis</span> 
     </span>
     <span class='ocr_line' id='line_1_57' title="bbox 998 3028 1323 3069; baseline 0.006 -3"><span class='ocrx_word' id='word_1_411' title='bbox 998 3028 1107 3067; x_wconf 75' lang='lat' dir='ltr'>fuisse</span> <span class='ocrx_word' id='word_1_412' title='bbox 1128 3028 1323 3069; x_wconf 79' lang='lat' dir='ltr'>tributum.</span> 
     </span>
    </p>
   </div>
  </div>
 </body>
</html>
