2028 3354
287 245 415 273 mur.
455 243 485 272 1.
526 241 621 273 cAP.
663 244 690 273 1.
729 243 785 273 nn
820 242 994 273 cnmsrr
1029 243 1150 273 acci.
1192 242 1408 276 msrlrur.
1447 243 1498 272 nr
1534 242 1657 272 onio.
1754 225 1812 271 21

201 358 278 404 36.
316 359 452 421 Resp.
495 355 564 403 Ad
604 357 666 402 11¹¹
682 392 696 415 7
734 355 852 419 Neq.
888 355 1287 421 quemadmodum
1317 354 1442 403 haud
1475 365 1608 403 nutat
1645 356 1816 403 veritas

136 433 352 480 historica
374 448 581 479 romanae
605 430 870 497 reipublicae
887 468 899 491 ‚
929 433 1140 496 quamvis
1159 435 1256 494 ejus
1274 432 1462 479 exordia
1477 468 1490 491 7
1510 431 1556 479 et
1574 448 1675 497 quae
1697 449 1816 498 prae-

135 508 255 556 clare
275 508 323 555 in
352 525 404 555 ea
437 517 561 572 gesta
593 517 702 555 sunt
724 544 736 567 a
773 525 835 554 ne
866 506 1017 553 dicam
1051 517 1154 571 post
1183 524 1351 573 paucos
1386 524 1561 567 annos⁷
1594 507 1676 556 sed
1709 516 1814 574 post

133 585 266 651 plura
297 583 447 631 secula
473 584 653 648 scriptis
675 584 848 630 fuerint
873 582 1151 644 consignata.

199 660 274 708 37.
310 660 380 708 Ad
403 661 469 706 2¹1¹
489 697 500 719 a
536 677 616 706 seu
638 658 697 705 ad
728 660 791 705 111¹
815 657 949 722 prob.
979 657 1101 720 Ney.
1136 657 1315 704 Etenim
1333 693 1345 715 7
1367 658 1546 704 etiamsi
1569 659 1660 706 hoc
1681 676 1818 724 para-

133 737 305 784 doxum
326 754 501 785 novum
528 752 624 781 non
653 734 711 780 sit
727 769 739 792 ‚
770 749 822 779 ac
848 731 1072 796 superiori
1095 731 1249 779 seculo
1269 731 1459 780 labente
1485 732 1543 779 ab
1573 734 1815 782 incredulo

132 811 322 859 homine
346 811 484 857 suerit
503 810 738 857 invectum
755 842 767 866 ‚
790 806 869 870 qui
888 806 938 852 in
958 805 1140 853 Christo
1155 810 1344 872 eJusque
1367 807 1598 872 Apostolis
1616 817 1817 873 systema

133 887 318 935 coeleste
343 884 607 933 adumbrari
631 883 774 929 sensit
795 881 864 946 (l)
882 919 894 941 ‚
925 881 1040 929 adeo
1061 890 1220 930 tamen
1240 883 1495 931 absurdum
1522 893 1616 942 est,
1639 894 1692 931 ut
1714 887 1819 932 nul·

130 963 219 1010 lius
249 980 371 1010 sanae
396 959 562 1008 mentis
588 958 790 1007 hominis
822 958 1092 1022 suffragium
1124 958 1311 1019 tulerit,
1344 977 1430 1007 nec
1454 961 1576 1008 ferre
1604 978 1819 1026 unquam

135 1039 293 1103 possit.
319 1035 620 1085 Existentiam
641 1033 872 1099 siquidem
887 1034 1060 1083 realem
1075 1044 1122 1082 et
1132 1034 1400 1083 historicam
1418 1035 1587 1083 Christi
1608 1037 1814 1095 Domini,

135 1131 186 1162 ac
213 1113 408 1161 conditae
435 1111 632 1177 proinde
657 1128 742 1177 per
766 1128 874 1158 eum
904 1110 1154 1171 societatis,
1192 1111 1362 1159 scilicet
1390 1112 1626 1172 Ecclesiae,
1659 1121 1728 1160 tot
1749 1130 1819 1161 re-

132 1189 347 1252 gionum,
374 1188 524 1236 aetatis
551 1187 674 1235 illius
702 1205 887 1235 morum
905 1223 917 1247 ,
946 1186 1251 1234 traditionum
1272 1187 1571 1253 antiquarum
1587 1225 1600 1248 ,
1631 1188 1785 1252 legum
1801 1225 1814 1248 ,

130 1263 301 1327 linguae
316 1300 329 1325 ‚
369 1264 643 1330 opinionum
687 1263 1013 1330 popularium,
1059 1272 1315 1321 sectarum,
1353 1264 1589 1327 regiminis
1626 1266 1743 1313 sacri
1772 1273 1820 1313 et

134 1340 278 1387 civilis
294 1376 307 1400 ,
332 1340 545 1388 classium
569 1339 858 1389 diversarum
878 1341 906 1387 J
910 1338 1145 1387 udaeorum
1159 1349 1271 1387 tunc
1289 1341 1512 1405 temporis
1532 1341 1789 1404 vigentium
1806 1377 1820 1399 a

133 1416 349 1478 adjuncta
361 1416 629 1481 postulant,
658 1425 711 1462 ut
729 1452 742 1474 ‚
768 1415 847 1462 illa
868 1414 1049 1462 sublata
1063 1450 1077 1475 ‚
1104 1415 1232 1462 nulla
1249 1415 1447 1481 amplius
1470 1417 1664 1464 istorum
1682 1453 1695 1477 a
1717 1433 1819 1481 quae

132 1491 194 1539 ad
212 1492 341 1540 illam
364 1493 633 1540 referuntur
660 1500 707 1539 et
727 1509 833 1539 cum
853 1490 930 1537 illa
959 1507 1168 1538 connexa
1194 1500 1305 1538 sunt
1324 1527 1336 1550 .,
1372 1493 1490 1538 ratio
1518 1492 1619 1539 dari
1645 1493 1790 1557 possit
1806 1528 1819 1552 ‚

133 1584 290 1633 neque
315 1569 516 1630 confingi
534 1567 754 1632 potuerit.
773 1568 910 1614 Gesta
933 1575 1184 1630 praeterea,
1212 1565 1476 1630 praedicatio
1493 1566 1823 1632 Apostolorum

136 1662 187 1692 ac
209 1645 331 1693 vices
352 1653 478 1692 arcto
492 1644 607 1691 adeo
623 1661 746 1691 nexu
760 1643 1081 1690 consociantur
1101 1660 1207 1689 cum
1227 1642 1339 1690 reali
1358 1643 1529 1690 Christi
1548 1645 1816 1702 existentia,

133 1729 272 1785 prout
292 1721 341 1766 in
354 1719 604 1783 Evangelio
622 1728 668 1766 et
686 1720 865 1783 scriptis
886 1717 1211 1783 Apostolorum
1222 1717 1496 1779 exhibetur,
1517 1728 1571 1765 ut
1596 1718 1819 1784 quodam·

132 1795 272 1843 modo
304 1813 411 1842 cum
447 1813 500 1843 ea
535 1795 897 1843 identificentur.
932 1796 1045 1841 Tota
1080 1795 1283 1860 denique
1314 1794 1489 1842 Christi
1522 1795 1732 1842 doctrina
1768 1812 1821 1843 ac

127 1871 340 1935 dogmata
366 1872 594 1937 praecipua
619 1889 644 1918 a
668 1870 783 1918 reali
809 1874 905 1933 ejus
927 1871 1117 1917 historia
1138 1871 1350 1935 pendent
1368 1906 1380 1930 ,
1405 1880 1546 1936 atque
1565 1872 1822 1918 necessario

130 1965 234 1995 eam
260 1957 515 2014 exposcunt
532 1949 601 2011 (2)
618 1946 795 1995 nedum
819 1955 1109 2013 supponunt.
1132 1948 1297 2011 Neque
1323 1945 1509 1994 silentio
1537 1956 1824 2012 praetereun-

130 2023 243 2071 dum
258 2033 346 2084 est7
369 2025 468 2071 fieri
485 2023 759 2071 nullomodo
783 2024 1013 2089 potuisse,
1036 2030 1088 2069 ut
1107 2022 1264 2089 plures
1289 2022 1506 2070 homines
1521 2058 1534 2083 ,
1554 2022 1678 2070 illius
1701 2039 1825 2089 prae-

128 2100 289 2148 sertim
317 2100 486 2147 indolis
512 2109 560 2147 et
589 2098 897 2161 conditionis,
934 2098 1191 2160 cujusmodi
1221 2098 1410 2146 fuerunt
1435 2098 1644 2164 Apostoli
1682 2107 1823 2164 atque

183 2230 235 2282 (l)
265 2230 408 2282 Dupuis
420 2260 434 2280 ‚
458 2230 625 2283 Oriqine
638 2230 682 2268 de
699 2237 781 2268 tous
792 2228 846 2268 les
863 2228 943 2267 cul-

133 2300 209 2341 tes,
246 2308 298 2334 ou
320 2296 500 2347 Religion
524 2294 747 2334 univer-selle
764 2324 776 2344 ‚
814 2295 915 2333 Paris
929 2323 939 2342 ‚

134 2357 207 2396 l'an
227 2373 271 2397 ιιι
292 2361 337 2399 de
371 2361 408 2400 la
428 2360 650 2415 republique
672 2373 748 2399 une
779 2366 816 2398 et
834 2360 943 2398 indi-

136 2423 293 2471 nisime,
318 2426 433 2465 tribus
452 2426 702 2465 voluminibus
720 2428 759 2463 in
775 2423 815 2476 4.
833 2424 943 2463 Haud

137 2489 296 2528 dubium
321 2490 565 2531 nihilominus
591 2500 644 2532 est
658 2522 667 2541 ,
686 2494 943 2543 ingensinter-

136 2557 300 2606 positum
323 2569 399 2594 esse
424 2557 620 2596 discrimen
640 2560 734 2596 inter
752 2572 842 2609 opus
866 2557 945 2595 Du-

137 2622 245 2672 puisii
282 2630 316 2659 et
347 2635 438 2673 opus
470 2622 649 2670 Strausii,
688 2636 773 2661 cum
801 2623 862 2660 ille
886 2622 944 2660 vel

137 2688 254 2739 ipsam
281 2687 367 2726 Jesu
388 2693 426 2727 et
442 2687 700 2739 Apostolorum
716 2689 944 2726 existentiam

139 2753 338 2804 inficietur,
357 2755 425 2792 iste
439 2768 524 2793 vero
543 2766 621 2792 eam
634 2753 804 2791 admittat
821 2767 942 2801 sensu,

141 2831 251 2871 quem
272 2820 378 2857 innui
393 2849 404 2868 ,
424 2833 466 2857 ac
491 2819 600 2870 paulo
629 2826 710 2869 post
739 2819 854 2857 fusius
879 2815 946 2857 ex-

142 2897 292 2935 ponam.
308 2884 471 2937 Uterque
492 2887 679 2937 ingentem
706 2884 946 2933 eruditionem

146 2954 303 2987 ostentat
347 2950 393 2989 ad
420 2963 528 2989 suum
573 2950 753 3002 peculiare
791 2953 947 3002 systema

146 3013 423 3053 adstruendum.

204 3078 257 3129 (2)
282 3078 392 3118 Porro
428 3081 530 3131 juxta
565 3079 711 3118 Strauss
746 3080 950 3132 genealogia

1015 2228 1150 2267 Christi
1167 2259 1178 2278 ,
1197 2227 1276 2281 ejus
1287 2228 1516 2268 admirabilis
1528 2230 1718 2281 conceptio
1733 2257 1743 2276 ‚
1760 2242 1826 2267 na-

1014 2296 1134 2333 tivitas
1166 2323 1176 2342 ,
1204 2293 1388 2341 infantia,
1417 2302 1534 2346 ¹prout
1559 2294 1772 2333 referuntur
1804 2306 1826 2331 a

1014 2357 1079 2398 SS.
1115 2359 1291 2398 Mattliaeo
1334 2372 1376 2397 ac
1411 2359 1509 2397 Luca
1532 2388 1543 2406 ,
1586 2358 1704 2398 multo
1741 2372 1825 2398 vero

1014 2427 1128 2477 magis
1147 2427 1224 2477 ejus
1241 2439 1261 2462 a
1281 2425 1433 2464 mortuis
1444 2427 1660 2464 resurrectio
1674 2454 1684 2472 ,
1702 2438 1829 2463 ascen-

1015 2504 1075 2529 sus
1092 2493 1131 2528 in
1148 2490 1301 2534 coelum,
1315 2498 1384 2528 etc.
1401 2490 1561 2542 mythica
1574 2498 1661 2528 sunt
1679 2492 1825 2538 omnia,

1016 2567 1096 2608 quae
1119 2570 1196 2595 non
1211 2556 1325 2594 aliurn
1343 2555 1503 2594 fundum
1529 2556 1748 2594 historicum
1760 2555 1831 2594 ha-

1013 2620 1119 2669 bent,
1141 2636 1253 2674 qnam
1274 2634 1348 2673 prae
1363 2634 1401 2659 se
1423 2621 1541 2659 ferant
1562 2620 1613 2659 dii
1642 2629 1705 2659 aut
1725 2621 1831 2658 semi-

1016 2685 1068 2723 dii
1089 2694 1124 2725 et
1142 2686 1269 2725 heroes
1282 2699 1431 2737 pagana:
1446 2676 1690 2738 antiquitatis.
1712 2684 1830 2724 Suum

1016 2762 1172 2805 systema
1202 2755 1297 2792 circa
1319 2752 1603 2806 mythicismum
1626 2751 1832 2804 evangelio-

1018 2832 1101 2856 rum
1129 2820 1279 2871 exponit
1299 2820 1338 2856 in
1359 2818 1644 2864 introductione,
1666 2816 1710 2870 ἓξ
1732 2830 1830 2862 xm,

1019 2898 1098 2931 xiv,
1119 2887 1316 2936 praesertim
1362 2898 1446 2923 vero
1471 2881 1493 2936 §
1518 2897 1581 2932 xv,
1614 2883 1834 2923 caracteres

1020 2950 1225 3001 distinctifis
1257 2950 1321 2987 des
1365 2948 1508 3001 mythes
1544 2949 1642 2987 dans
1675 2948 1707 2985 le
1741 2946 1835 2984 reci!

1023 3014 1277 3066 evanqelique.
