2028 3354
252 197 345 245 434

718 207 873 240 TRACT.
914 208 967 236 lm
1003 207 1123 236 mols
1158 208 1456 239 THEOLOGICIS.

316 325 425 373 624.
466 324 568 370 Non
609 319 780 368 desunt
809 320 887 384 qui
925 317 1255 382 gallicanorum
1290 321 1598 379 sententiam,
1634 320 1692 368 de
1724 338 1939 385 suprema

254 399 442 449 Concilii
480 395 705 461 generalis
746 394 1048 452 auctoritate,
1092 394 1170 456 vix
1204 393 1426 442 haereseos
1458 413 1551 443 non
1586 397 1800 443 incusent
1833 397 1937 461 (1);

256 485 364 524 sunt
404 491 428 521 e
455 481 614 520 contra
642 472 723 537 qui
752 488 809 519 ex
837 469 1060 534 gallicana
1089 469 1313 532 ejusmodi
1337 469 1543 520 doctrina
1569 481 1714 520 totam
1737 472 1942 521 Ecclesiae

255 549 560 599 oeconomiam
580 547 786 613 pendere
810 546 1132 610 affir1nent(·2)
1148 581 1160 605 ,
1183 544 1531 612 doctrinamque
1554 549 1791 595 saniorum
1815 548 1943 596 theo-

246 626 458 690 logorum
480 623 537 671 de
561 641 774 688 suprema
794 640 912 669 rom.
938 622 1171 669 Pontificis
1195 621 1465 669 auctoritate
1485 624 1631 672 veluti
1653 624 1942 689 paradoxum

251 701 457 764 rejiciant
488 699 579 763 (3).
611 699 831 746 Nonnulli
865 698 1067 763 denique
1100 699 1223 744 intra
1254 697 1417 744 scholae
1440 708 1570 763 septa
1601 709 1825 765 tanquam
1847 716 1947 747 om-

253 778 367 824 nino
402 775 706 840 adiaphoram
730 784 877 822 totam
906 775 1023 820 hanc
1042 774 1343 839 quaestionem
1371 775 1625 823 amandant
1649 776 1740 840 (4).
1768 777 1944 824 Verum

243 963 419 1003 doctrinae
450 961 707 1000 defensionem
739 959 904 1008 suscepi,
930 971 972 995 eo
1005 956 1061 1007 vel

243 1029 358 1079 magis
375 1057 384 1075 ‚
427 1026 527 1079 quod
567 1036 695 1062 omnes
736 1022 913 1061 haereaeioi
947 1021 1062 1072 hujus

242 1093 439 1144 temporis,
463 1099 503 1129 ut
522 1090 686 1142 loquitur
704 1086 969 1133 Bellarminus‚
987 1086 1060 1124 loc.

240 1160 305 1197 cit.
333 1171 416 1209 cap.
445 1153 514 1205 14,
539 1167 621 1193 eam
642 1152 851 1191 doctrinam
875 1151 1059 1203 complexi

239 1225 312 1261 sint
330 1236 371 1261 ac
388 1221 572 1260 mordicus
598 1226 790 1257 tueantur.

290 1288 347 1340 (1)
362 1287 455 1326 Sane
467 1286 710 1324 Bellarminus
722 1314 733 1335 ‚
747 1299 808 1336 op.
822 1285 883 1322 cit.
897 1297 975 1335 cap.
994 1296 1057 1336 17,

241 1367 328 1393 cum
368 1355 552 1391 statuisset
590 1351 687 1388 hauc
722 1350 1012 1401 propositionem
1046 1361 1058 1387 ε

239 1417 427 1457 Summus
445 1416 628 1467 Pontifeae
648 1414 878 1467 simpliciter
898 1421 933 1452 et
953 1414 1061 1452 abso-

243 1485 320 1523 lute
350 1491 404 1522 est
438 1495 554 1534 supra
592 1479 806 1520 Ecclesiam
841 1481 1061 1518 universam

240 1558 276 1589 et
304 1562 423 1602 supra
449 1545 672 1587 Concilium
695 1544 894 1597 qenerale‚
932 1546 988 1583 ita
1019 1552 1064 1582 ut

241 1616 392 1656 nullam
430 1615 474 1652 in
506 1614 617 1650 terris
651 1625 769 1664 supra
803 1624 841 1649 se
859 1610 1060 1663 judicium

242 1685 445 1734 aquo-scat,
482 1677 611 1730 adjicit
647 1676 781 1716 :Hoec
816 1676 1059 1728 (propositio)

242 1754 297 1785 est
315 1746 397 1797 fere
422 1744 467 1781 de
482 1743 573 1794 fide.

294 1811 347 1861 (2)
379 1810 432 1848 Ita
452 1808 636 1859 Dupinius
650 1835 659 1853 ,
687 1808 750 1845 De
770 1806 893 1856 antiq.
910 1804 950 1843 E
952 1804 1060 1846 ecles.

243 1874 477 1927 disciplina,
501 1877 595 1910 tom.
625 1883 652 1908 11
669 1900 680 1919 ‚
705 1885 790 1923 pag.
824 1884 893 1923 ¹¹7
915 1900 926 1918 ‚
956 1875 993 1909 et
1020 1885 1060 1908 ex

242 1954 290 1980 -eo
316 1938 441 1992 Spitz,
474 1939 514 1975 in
543 1935 656 1974 Nova
679 1935 819 1974 collect.
842 1935 989 1973 dissert.
1016 1936 1060 1972 in

233 2008 308 2057 jas
327 2002 455 2043 eccles.
475 2001 547 2041 vol.
579 2015 590 2038 1
609 2030 619 2048 ‚
645 2015 729 2053 pag.
748 1998 847 2050 204.
865 1999 909 2037 Si
927 2001 1030 2037 enim
1047 2030 1057 2046 ‚

247 2072 375 2118 aiunt,
402 2080 500 2106 rom.
523 2064 707 2115 Pontifex
740 2063 927 2104 conciliis
951 2077 1061 2116 sape-

247 2136 329 2173 rior
351 2138 572 2179 asseratur,
602 2132 684 2168 ruit
720 2131 846 2168 omnis
875 2128 1062 2167 Ecclesioe

247 2201 421 2244 libertas,
446 2194 623 2235 Concilio
645 2208 716 2233 saa
739 2196 963 2233 auctoritate
977 2207 1061 2246 spo-

246 2266 396 2304 liantur
407 2294 417 2311 ‚
436 2274 600 2302 canones
612 2262 657 2298 in
670 2262 826 2299 irritum
841 2261 1059 2307 mittantur,

248 2331 380 2369 omnia
410 2328 462 2367 ad
494 2328 614 2365 unius
634 2325 841 2378 Pontificio
863 2330 1005 2363 nutum'
1027 2332 1063 2363 et

247 2395 450 2434 arbitrium
481 2397 733 2437 revocantum
766 2404 850 2442 quoe
885 2392 921 2428 si
949 2390 1064 2429 semel

250 2459 522 2505 admittantur,
535 2455 719 2496 Ecclesia
732 2455 937 2507 qallicanae
951 2455 1062 2494 liber-

250 2528 346 2563 tates
377 2521 482 2560 nullo
509 2529 624 2573 pacto
659 2522 760 2559 tueri
790 2522 878 2572 qais
901 2522 1058 2573 poterit.

252 2588 312 2628 Sic
332 2589 441 2626 etiam
468 2585 653 2624 Schrtsekh
669 2616 680 2634 ‚
711 2584 937 2625 Christliche
960 2584 1059 2623 Kir-

250 2650 576 2704 chenqeschicffle,
614 2664 676 2689 seu
705 2649 887 2688 Historia
928 2649 966 2687 E
967 2649 1058 2688 ocle-

250 2720 322 2757 ³2·oe
351 2717 597 2764 christianos,
623 2724 715 2767 part.
760 2730 804 2761 v,
833 2729 914 2767 pag.
950 2714 1056 2766 456,

252 2785 386 2836 pariter
407 2797 427 2820 a
450 2782 754 2820 determinatione
769 2782 975 2832 quaestionis
989 2781 1059 2819 hu-

252 2851 311 2902 jus
335 2845 567 2898 disciplinam
592 2844 757 2883 Ecclesiae
784 2853 894 2898 atque
921 2846 1058 2884 hierar·

251 2914 371 2953 chiam
403 2911 612 2963 dependere
642 2918 821 2953 autumat.
857 2910 935 2949 cfr.
960 2911 1057 2963 apud

255 2977 475 3031 Roskovany
486 3004 500 3026 ,
519 2975 582 3014 De
591 2977 768 3028 primata
783 2975 907 3029 Papce
924 3005 934 3024 ‚
958 2975 979 3028 §
995 2974 1056 3030 76.

1180 956 1232 1007 (3)
1264 957 1343 997 Hac
1358 958 1403 996 de
1415 972 1523 999 causa
1539 960 1708 998 nonnulli
1730 961 1941 1019 scriptoresg

1127 1022 1166 1057 iu
1194 1022 1486 1072 ephemeridibus
1510 1026 1721 1077 theologicis
1741 1055 1751 1075 ‚
1778 1025 1944 1079 Tiibing.

1134 1083 1249 1133 1822,
1274 1100 1313 1137 p.
1329 1084 1406 1138 687
1424 1116 1435 1134 ,
1462 1088 1520 1127 Cl.
1540 1089 1723 1129 Comitem
1738 1091 1784 1129 de
1800 1091 1946 1131 Maistre

1127 1153 1293 1189 censoria
1349 1150 1453 1202 virga
1501 1157 1790 1205 perstrinxerunt
1813 1169 1824 1206 3
1870 1158 1945 1196 imo

1126 1214 1462 1255 Droste-Hiilshoff
1477 1245 1491 1265 ‚
1522 1220 1561 1256 in
1595 1232 1657 1271 op.
1699 1220 1946 1261 Grundsatze

1127 1280 1191 1319 des
1212 1280 1508 1320 Kirchenrechts
1521 1311 1535 1332 ,
1566 1297 1631 1321 seu
1652 1286 1863 1337 Principia
1873 1290 1946 1339 ju-

1127 1347 1183 1384 ris
1207 1347 1413 1394 canonici,
1434 1356 1523 1385 tom.
1548 1362 1575 1386 11
1591 1378 1601 1396 ‚
1622 1364 1706 1401 pag.
1736 1348 1830 1399 153,
1859 1366 1945 1390 nar-

1129 1420 1197 1459 rat,
1216 1427 1252 1451 se
1272 1424 1317 1449 ex
1333 1419 1435 1450 certa
1454 1414 1615 1451 scientia
1640 1417 1820 1466 accepisse
1840 1430 1945 1455 eum-

1128 1477 1213 1515 dem
1249 1491 1350 1515 com.
1384 1477 1440 1515 De
1473 1478 1622 1517 Maistre
1636 1508 1648 1527 ‚
1686 1480 1734 1518 ob
1766 1481 1946 1532 paradoxa

1128 1545 1311 1595 quaepiam
1335 1543 1501 1592 adserta,
1523 1558 1548 1582 a
1571 1546 1742 1583 romanis
1766 1545 1944 1599 theoloqis

1127 1608 1171 1646 in
1188 1607 1317 1646 album
1335 1608 1600 1648 haereticoram
1617 1611 1755 1650 referri.
1770 1611 1843 1663 Ego
1860 1626 1943 1651 vere

1128 1675 1256 1724 ignoro
1268 1703 1278 1721 ‚
1296 1687 1315 1711 a
1334 1673 1557 1725 quibusnam
1582 1677 1743 1713 romanis
1768 1676 1942 1729 theologis

1128 1739 1214 1776 talia
1226 1741 1404 1789 acceperit
1415 1749 1540 1778 auctor
1552 1742 1630 1778 iste.
1646 1740 1831 1792 Equidem
1848 1755 1940 1791 reor,

1127 1804 1249 1855 ipsum
1264 1806 1417 1842 nomine
1431 1817 1672 1843 romanorum
1687 1805 1942 1855 theologorum

1129 1869 1285 1907 voluisse
1313 1868 1523 1919 siguificare
1562 1870 1704 1922 aliquos
1724 1872 1942 1921 janseniana

1127 1932 1187 1970 lue
1209 1933 1384 1983 infectos;
1408 1934 1502 1971 illud
1522 1936 1621 1972 enim
1653 1941 1755 1972 certa
1780 1935 1942 1975 scientia

1127 2000 1226 2045 novi,
1238 2012 1347 2050 opera
1361 2010 1458 2037 eom.
1468 2000 1513 2038 de
1527 2000 1674 2039 Maistre
1687 1999 1810 2037 Romae
1822 2003 1942 2052 magni

1127 2065 1205 2103 fieri
1217 2093 1227 2111 ,
1240 2066 1315 2103 imo
1330 2079 1421 2116 opus
1441 2064 1501 2103 De
1517 2064 1628 2118 Papa
1645 2080 1731 2104 cum
1744 2067 1823 2103 aliis
1839 2068 1942 2117 ejus-

1127 2130 1210 2167 dem
1262 2130 1308 2168 cl.
1351 2133 1512 2168 auctoris
1555 2130 1725 2182 operibus
1753 2130 1863 2168 fuisse
1896 2145 1939 2170 ex

1126 2195 1257 2246 gallico
1285 2196 1324 2232 in
1347 2194 1509 2233 italicum
1539 2196 1673 2233 idioma
1691 2196 1909 2234 translatum
1926 2224 1938 2248 ‚

1127 2273 1170 2298 ac
1195 2261 1291 2311 typis
1313 2260 1453 2298 editum
1473 2273 1558 2298 cum
1580 2260 1876 2299 adnotationibus
1890 2260 1938 2300 cl.

1127 2324 1338 2363 Marchetti.
1373 2325 1538 2363 Isidorus
1569 2324 1773 2374 Guzmiez,
1805 2326 1937 2365 Theol-

1129 2388 1269 2426 Christ.
1295 2388 1476 2439 fiendam.
1512 2404 1593 2442 pag.
1626 2388 1705 2440 348
1718 2419 1729 2440 ‚
1765 2392 1937 2431 eumdem

1124 2462 1310 2492 auctorem
1324 2467 1372 2493 ex
1394 2468 1437 2493 eo
1460 2459 1620 2494 severius
1642 2465 1769 2495 notare
1784 2469 1861 2495 non
1874 2457 1939 2495 du.

1124 2519 1277 2569 bitavit‚
1301 2518 1404 2572 quod
1432 2529 1560 2560 contra
1584 2528 1727 2560 rectam
1755 2519 1936 2560 Ecclesiam

1123 2584 1347 2623 christianae
1395 2587 1585 2625 notionem
1633 2598 1937 2637 communemque

1124 2663 1276 2688 sensam
1290 2650 1531 2703 paradoaeam
1543 2652 1588 2690 de
1602 2653 1824 2690 auctoritate
1835 2663 1932 2690 rom.

1127 2715 1345 2767 Pontifici3‚
1357 2722 1542 2767 quatenus
1552 2730 1596 2755 ea
1607 2716 1826 2762 afflator-itali
1836 2715 1935 2753 Con-

1123 2781 1210 2820 cilii
1231 2781 1424 2833 qeneralis
1447 2785 1679 2837 opponitur,
1706 2783 1935 2820 sententiam

1129 2848 1354 2898 defenderit.
1383 2847 1463 2886 cfr.
1488 2848 1583 2900 apud
1605 2846 1844 2899 Rolkovauy‚
1870 2861 1933 2900 op.

1126 2911 1240 3027 eltlhg)
1269 2926 1331 3016 lt7a
1354 2974 1514 3025 Scheill,
1554 2975 1751 3016 Kriticher
1786 2976 1931 3016 Comm.
