2028 3354
1784 192 1877 241 527

475 217 597 247 PAR-r.
629 214 661 243 1.
696 212 816 243 SECT.
855 212 904 242 11.
943 211 1041 241 GAP.
1080 210 1143 242 IV.
1177 209 1232 239 DE
1275 208 1418 238 DOTIB.
1459 207 1578 238 PRIM.

181 330 437 397 seponendi
454 337 564 377 sunt
580 327 736 393 lapsus
756 327 800 373 S.
817 325 943 373 Petri
966 333 1013 372 et
1036 322 1232 380 Liberii3
1253 320 1290 368 si
1314 321 1506 387 quidem
1524 322 1575 368 in
1595 321 1731 387 lapsu
1754 323 1881 370 Petri

182 408 310 455 nulla
345 407 451 454 data
480 406 568 452 fuit
599 403 808 451 definitio
843 401 979 461 fidei,
1024 417 1133 448 cum
1172 416 1325 463 neque
1364 398 1562 446 Ecclesia
1595 397 1735 446 fuerit
1769 407 1883 446 tunc

183 484 406 549 temporis
421 481 696 529 solemniter
713 479 927 526 instituta
939 514 952 540 ,
972 495 1059 525 nec
1076 478 1307 543 primatus
1327 484 1433 523 actu
1454 474 1649 522 collatus
1666 475 1712 522 S,
1728 476 1884 533 Petro,

181 560 264 607 sed
301 559 451 606 solum
489 558 775 624 promissus,
817 555 867 602 in
909 558 1037 617 cujus
1081 552 1226 617 gratia
1262 551 1348 598 hac
1389 550 1739 599 infallibilitatis
1777 550 1886 600 dote

179 636 401 702 praeditus
431 643 501 682 est
532 636 631 700 ipse
658 650 710 679 ac
739 648 1020 679 successores
1051 633 1147 691 ejus
1177 627 1263 692 (l).
1294 627 1430 686 Quod
1461 645 1573 676 vero
1605 628 1666 675 ad
1693 627 1884 694 lapsum

180 713 351 759 attinet
372 711 540 759 Liberii
559 747 571 770 .,
601 717 916 775 praeterquam
940 706 1068 771 quod
1095 722 1191 751 non
1216 712 1379 767 agatur
1404 703 1470 750 ibi
1497 705 1556 752 de
1582 704 1689 752 fidei
1720 705 1890 753 defini-
1946 713 1957 718 ”

183 790 312 836 tione
341 789 449 835 data
482 788 541 835 ad
567 787 834 835 universam
863 782 1138 842 Ecclesiam,
1174 778 1256 826 sed
1287 778 1345 825 de
1375 777 1510 843 lapsu
1543 781 1780 844 personali
1803 798 1889 847 per

185 865 574 930 subscriptionem
602 863 648 911 vi
678 858 933 924 fraudeque
956 849 1217 915 extortam,
1239 864 1287 903 et
1321 854 1514 920 quidem
1548 856 1758 904 formulae
1794 858 1891 905 Sir-

184 943 380 1003 miensi7
408 960 513 1009 quae
538 955 728 989 sensum
758 935 1039 983 catholicum
1069 951 1164 1000 prae
1195 950 1244 980 se
1274 932 1480 993 ferebat,
1506 951 1633 981 nunc
1657 934 1785 1000 apud
1806 936 1892 982 cri-

186 1021 299 1067 ticos
323 1019 615 1085 exploratum
647 1022 740 1074 est,
770 1011 998 1074 ejusmodi
1023 1011 1209 1077 lapsum
1240 1010 1617 1058 commentitium
1646 1028 1746 1059 esse
1765 1048 1778 1071 ‚
1813 1019 1894 1058 aut

187 1097 351 1145 saltem
390 1096 453 1141 ita
493 1092 723 1150 dubium,
765 1097 818 1135 ut
850 1087 1030 1134 nullam
1067 1086 1343 1136 adversariis
1385 1086 1667 1134 criminandi
1707 1104 1895 1136 causam

193 1172 402 1238 praebere
426 1169 572 1234 possit
598 1167 687 1229 (2).
704 1167 863 1213 Restat
881 1173 1130 1230 propterea
1149 1180 1269 1209 unus
1297 1163 1529 1209 Honorius
1546 1199 1559 1222 a
1589 1163 1649 1211 de
1673 1181 1766 1230 quo
1789 1182 1896 1212 sus-

185 1248 329 1314 picari
353 1245 583 1312 possimus
605 1258 810 1291 errorem
830 1241 880 1288 in
900 1241 992 1288 suis
1013 1240 1073 1288 ad
1096 1239 1306 1302 Sergium
1334 1239 1557 1304 epistolis.

190 1435 423 1474 defenderint
458 1439 682 1478 constanter,
720 1438 782 1468 aut
809 1443 884 1467 non
918 1430 1003 1467 satis

190 1508 313 1553 aperte
322 1499 581 1552 explicaverint
592 1497 802 1535 doctrinam
815 1493 917 1533 fidei.
931 1493 1003 1532 Sed

188 1567 326 1621 juverit
353 1574 494 1604 textum
513 1567 594 1616 ejus
606 1576 690 1601 vere
711 1561 1005 1614 pulcherrimum

193 1632 233 1671 in
257 1632 419 1671 medium
447 1631 576 1670 afferre
600 1642 611 1667 t
633 1628 739 1667 C'est
758 1634 850 1666 cette
871 1625 1008 1678 quise

192 1699 388 1744 romaine‚
417 1698 542 1749 inquit
557 1726 568 1745 ,
589 1695 659 1746 qui
670 1724 681 1742 ,
712 1695 912 1745 enseiqnee
929 1705 1010 1745 par

192 1766 296 1803 caint
328 1765 465 1802 Pier-re
496 1770 532 1801 et
564 1774 623 1800 ses
658 1773 918 1809 succenseam,
961 1772 1010 1798 ne

191 1830 347 1869 connoit
363 1829 476 1881 point
497 1827 725 1869 d’heresie0..
757 1826 832 1864 Les
847 1825 1010 1864 here-sies

195 1901 259 1933 ont
272 1909 329 1947 pu
343 1909 369 1947 y
377 1907 513 1947 passer
523 1923 534 1941 ‚
558 1894 660 1932 mais
678 1905 757 1930 non
771 1905 843 1945 pas
856 1906 882 1943 y
893 1904 1008 1944 pren-

197 1960 264 1998 dre
289 1962 438 1999 racine.
458 1960 545 2013 Que
562 1965 689 1998 contre
713 1957 750 1997 la
771 1964 946 1997 coutume
965 1957 1012 1996 de

198 2031 281 2063 tous
309 2024 409 2063 leurs
426 2025 711 2077 predecesseurs
724 2053 737 2074 ‚
765 2037 821 2062 un
840 2037 891 2062 ou
910 2024 1012 2062 deux

197 2089 636 2141 Souverains-Pontifiaes
648 2119 658 2136 ‚
675 2102 724 2126 ou
731 2102 810 2141 par
819 2089 986 2128 violence
997 2118 1009 2137 ,

199 2171 249 2196 ou
254 2171 333 2210 par
346 2158 538 2209 surprise,
558 2154 703 2194 n’aient
709 2168 785 2208 pas
801 2168 909 2193 assez
922 2168 1012 2194 con-

200 2230 400 2262 stamment
432 2230 592 2262 soutenu
606 2251 618 2270 ‚
655 2235 705 2260 ou
738 2235 844 2260 assez
866 2221 1015 2274 pleine-

202 2294 304 2327 ment
332 2288 507 2342 explique
538 2287 576 2326 la
603 2287 774 2325 doctrine
806 2287 852 2325 de
874 2286 911 2326 la
929 2289 1013 2339 fhi,·

202 2352 387 2392 consultes
397 2354 443 2393 de
452 2359 553 2393 toute
565 2351 603 2391 la
616 2359 712 2391 terre
723 2380 734 2400 ,
754 2359 790 2390 et
802 2353 1015 2406 rependant

204 2419 347 2457 durant
372 2426 454 2458 tant
482 2420 528 2458 de
551 2419 682 2459 siecles
706 2419 732 2458 ὰ
759 2425 878 2457 tontes
901 2427 1017 2457 sortes

204 2485 250 2524 de
259 2486 451 2538 questions
462 2485 508 2523 de
523 2487 693 2524 doctrine
703 2513 715 2533 ‚
730 2485 776 2523 de
793 2485 1014 2538 discipline,

208 2551 253 2590 de
271 2551 503 2590 ceremonias
517 2580 527 2597 ‚
551 2550 692 2602 qu’une
718 2549 818 2588 seule
845 2550 891 2589 de
919 2551 1019 2589 leurs

207 2620 382 2670 repenses
406 2630 444 2654 se
463 2623 593 2655 trouve
612 2619 716 2654 notee
732 2629 812 2669 par
835 2615 873 2654 la
889 2609 1025 2655 sative-²

209 2684 320 2722 raine
345 2684 503 2735 riqueur
523 2681 618 2720 d’un
643 2680 798 2719 Concile
813 2684 1020 2720 oecumeni-

204 2763 302 2802 que;
326 2763 385 2787 ces
406 2749 531 2800 fantes
546 2746 816 2800 partic-aliems
840 2746 944 2786 n'ont
959 2761 1019 2801 pu

202 2816 305 2867 faire
322 2827 475 2854 aucune
487 2814 715 2866 imprcasion
729 2812 828 2852 dans
838 2811 876 2852 la
888 2813 1017 2852 chaire

208 2881 255 2920 de
276 2883 383 2920 caint
395 2878 542 2920 Pierre.
569 2878 611 2919 U
610 2893 636 2916 n
653 2879 829 2918 vaisseau
843 2879 1019 2932 quisend

208 2945 259 2984 lec
284 2960 384 2985 eauoe
406 2946 476 2999 n'y
496 2945 610 2984 laissa
623 2957 699 2997 pas
721 2945 846 2984 moino
871 2944 917 2983 de
936 2958 1017 2983 ves-

206 3014 300 3065 tiqes
329 3013 375 3051 de
407 3026 476 3052 con
495 3025 704 3066 passaqe...
720 3010 845 3050 Ainei
859 3009 1017 3064 l’quise

1070 1427 1245 1465 romaine
1282 1432 1337 1463 est
1366 1427 1539 1478 toujours
1572 1428 1698 1480 vierqe
1717 1441 1734 1476 ,·
1771 1427 1809 1466 la
1836 1428 1898 1480 foi

1071 1492 1246 1531 romaine
1258 1498 1312 1529 est
1327 1493 1498 1544 toujours
1518 1491 1555 1530 la
1568 1493 1629 1544 soi
1640 1493 1686 1532 de
1701 1493 1865 1546 I’quise
1884 1508 1897 1545 ;

1072 1572 1123 1597 on
1149 1558 1246 1596 croit
1271 1559 1443 1610 toujours
1470 1571 1511 1596 ce
1541 1557 1661 1609 qu'on
1685 1572 1710 1597 a
1734 1573 1832 1611 cru3
1859 1559 1899 1600 la

1073 1625 1193 1664 meme
1215 1624 1306 1661 voioe
1326 1624 1484 1661 retentit
1494 1631 1679 1676 partout3
1697 1632 1733 1664 et
1753 1626 1894 1664 Pierre

1074 1690 1250 1728 demeare
1276 1689 1375 1727 dans
1408 1703 1466 1727 ses
1497 1703 1733 1730 successeurs
1757 1691 1791 1731 le
1808 1691 1898 1743 fim-

1075 1756 1227 1795 dement
1252 1756 1316 1793 des
1332 1756 1476 1806 fideles.
1501 1757 1605 1796 C’est
1628 1756 1898 1798 Jews-Christ

1075 1824 1144 1875 qui
1165 1820 1218 1860 l'a
1236 1822 1316 1873 dit3
1338 1829 1373 1860 et
1395 1821 1428 1860 le
1448 1822 1522 1860 ciel
1541 1830 1577 1861 et
1600 1823 1639 1861 la
1659 1830 1756 1862 terre
1763 1837 1899 1877 passe-

1077 1896 1163 1928 ront
1171 1887 1299 1942 plut&
1307 1902 1380 1940 que
1393 1902 1437 1927 aa
1445 1889 1593 1942 parole.
1608 1889 1709 1943 Opp.
1723 1893 1788 1930 cit.
1799 1890 1893 1930 edit.

1079 1963 1171 1994 tom.
1196 1967 1245 1991 xv
1261 1984 1271 2000 ‚
1300 1968 1383 2006 pag.
1409 1953 1481 1993 501
1513 1964 1549 1994 et
1574 1970 1653 2009 seq.

1134 2020 1185 2072 (l)
1216 2019 1353 2058 Mirum
1376 2022 1532 2072 proinde
1546 2028 1600 2060 est
1618 2050 1630 2069 ,
1647 2023 1808 2074 potuisse
1836 2023 1900 2062 ad-

1078 2086 1154 2124 huc
1186 2086 1354 2137 archiep.
1387 2086 1669 2135 Turonensem,
1705 2087 1900 2142 Aloysium

1080 2152 1132 2190 M.
1155 2152 1201 2191 de
1222 2152 1370 2201 Barral‚
1385 2155 1425 2192 in
1448 2168 1510 2207 op.
1526 2153 1693 2207 Defense
1704 2155 1768 2193 des
1781 2154 1899 2194 liber-

1080 2222 1135 2258 tes
1157 2218 1202 2257 de
1224 2217 1590 2272 I’quiseqallicane
1612 2229 1647 2260 et
1669 2221 1714 2260 de
1729 2221 1899 2261 Panem-

1081 2284 1160 2323 blee
1173 2284 1225 2322 du
1237 2283 1358 2336 clerqe
1371 2286 1415 2324 de
1423 2287 1578 2325 Franco
1591 2294 1703 2325 tenue
1713 2285 1896 2337 en‹1682,

1083 2351 1184 2391 Paris
1222 2350 1344 2405 1817,
1366 2366 1448 2404 pag.
1473 2352 1550 2407 327
1583 2362 1617 2392 et
1639 2369 1743 2407 seqq.
1772 2354 1819 2393 ad
1836 2367 1901 2393 os-

1084 2418 1308 2457 tendendam
1326 2417 1606 2470 fallibilitatem
1630 2433 1729 2460 rom.
1758 2418 1898 2459 Ponti-

1080 2485 1219 2536 ficum,
1242 2484 1375 2523 afferre
1394 2485 1540 2537 lapsum
1554 2485 1593 2526 S.
1611 2485 1729 2535 Petri,
1745 2486 1900 2539 perinde

1086 2564 1130 2590 ac
1146 2552 1175 2589 si
1188 2548 1316 2598 Petrus
1333 2564 1421 2588 cum
1444 2551 1536 2589 dixit
1555 2552 1700 2591 ancillae
1718 2553 1871 2590 ostiariae
1886 2564 1900 2590 ε

1085 2630 1165 2655 non
1180 2617 1273 2655 novi
1291 2616 1484 2655 hominem
1506 2619 1623 2656 ictum
1636 2648 1645 2666 ‚
1661 2618 1820 2657 dedisset
1833 2618 1900 2656 de-

1085 2683 1293 2722 finitionem
1324 2683 1574 2737 dogmaticam
1608 2696 1656 2722 eat
1699 2683 1894 2732 cathedra,

1085 2762 1199 2801 quam
1225 2749 1396 2787 nondum
1421 2748 1599 2789 habebat.

1141 2814 1192 2865 (2)
1222 2814 1304 2854 cfr.
1333 2813 1554 2867 Stiltingus‚
1587 2813 1689 2854 Acta
1717 2814 1898 2854 Sanctor-

1085 2887 1180 2920 tom.
1202 2894 1239 2919 vl
1255 2910 1266 2929 ‚
1291 2894 1410 2919 mens·
1431 2880 1639 2932 Septembr.
1663 2880 1722 2919 die
1737 2880 1811 2927 23,
1835 2878 1900 2918 De

1086 2944 1131 2986 S.
1146 2945 1300 2984 Liber-io
1313 2942 1426 2998 Papa
1440 2975 1450 2993 ‚
1474 2944 1590 2997 Conf.
1614 2944 1747 2984 Romoe
1758 2973 1771 2994 ‚
1799 2956 1900 2983 com-

1084 3011 1301 3051 mentarius
1314 3010 1681 3060 critico-historicae,
1695 3026 1714 3050 a
1728 3008 1894 3065 pag.572
