2028 3354
249 272 375 302 mar.
416 273 447 301 1.
486 272 605 302 sacr.
646 272 699 302 11.
735 272 831 301 CAP.
867 271 935 301 111.
960 271 1014 299 mv.
1053 271 1155 299 NAT.
1195 270 1247 300 ET
1282 270 1381 300 Jun.
1410 271 1536 301 Pam.
1640 253 1730 300 441

127 386 235 433 634.
261 386 331 433 Ad
348 386 432 442 ΒΜ,
454 387 576 433 Dist.
605 386 688 432 Ubi
713 386 806 432 duo
826 385 901 434 vel
922 394 1014 432 tres
1034 385 1207 432 fuerint
1223 385 1487 448 congregati
1504 387 1707 449 legitime
1720 420 1733 445 ,

59 461 109 508 id
125 472 221 522 est,
243 479 347 508 cum
373 479 454 509 suo
478 464 626 527 capite
641 499 653 521 .,
678 479 835 515 cone.,·
863 461 1099 526 illegitime
1128 469 1174 508 et
1194 460 1414 510 adversus
1439 470 1577 527 caput
1597 497 1609 521 ,
1636 478 1737 524 neq.

60 537 274 601 Alioquin
302 536 509 584 Christus
536 538 586 583 in
619 538 774 585 medio
801 538 959 584 fuisset
987 535 1277 584 conciliabuli
1301 536 1520 600 Ephesini
1545 538 1612 596 11,
1637 536 1739 583 Ari·

60 613 283 660 minensis
307 648 319 671 ,
355 613 853 679 Constantinopolitani
885 630 909 658 a
942 612 1106 658 Photio
1139 611 1360 670 adunati,
1395 620 1481 659 etc.
1518 610 1738 671 Accedit,

58 688 108 734 in
145 688 515 735 adversariorum
544 689 928 753 interpretatione
952 704 1048 733 non
1077 684 1225 732 solum
1251 686 1452 733 Concilia
1480 686 1738 749 generalia⁷

58 780 224 811 verum
256 765 393 811 etiam
431 765 730 828 provincialia
757 762 1101 827 supereminere
1126 761 1330 807 Pontifici
1347 778 1556 808 romano.

127 840 235 887 635.
272 841 343 888 Ad
364 841 449 898 3¹1¹,
478 843 605 889 Dist.
633 842 860 886 Praesente
888 839 1024 884 Petro
1046 873 1060 896 ,
1091 837 1300 902 adeoque
1331 854 1448 884 rom.
1491 838 1739 896 Pontifice,

60 934 187 964 conc.
201 933 217 970 ,·
245 919 379 963 Petro
413 916 624 974 absente,
654 915 747 961 imo
771 931 881 962 vero
905 912 1184 974 obsistente,
1208 930 1310 976 neq.
1336 913 1590 978 Responsio
1613 920 1742 978 patet

61 1009 117 1039 ex
146 992 294 1039 dictis.

129 1067 235 1114 636.
275 1067 377 1130 Obj.
417 1066 632 1115 secunda.
664 1066 833 1131 Opinio
860 1067 919 1114 de
949 1065 1299 1131 praeeminentia
1338 1065 1571 1112 Pontificis
1605 1081 1743 1130 supra

64 1144 318 1190 Concilium
349 1142 621 1190 adversatur
651 1142 736 1188 toti
767 1143 1045 1207 antiquitati.
1076 1143 1126 1187 10
1155 1144 1459 1205 Compertum
1489 1143 1618 1190 enim
1646 1150 1741 1198 est„

61 1219 251 1265 Asianos
284 1218 715 1283 quartodecimanos
764 1218 987 1265 restitisse
1031 1217 1228 1265 Victoris
1262 1218 1475 1276 decreto3
1522 1217 1745 1265 restitisse

62 1295 172 1341 item
204 1295 247 1340 S.
285 1295 568 1359 Cyprianum
595 1312 702 1341 cum
726 1292 958 1360 Episcopis
990 1294 1167 1341 Asianis
1197 1303 1244 1340 et
1264 1293 1483 1340 Africanis
1499 1329 1511 1353 a
1535 1294 1615 1359 qui
1634 1292 1745 1340 alio-

63 1370 174 1434 quin
204 1370 445 1417 cessissent
473 1370 742 1417 oecumenici
765 1370 955 1417 Concilii
972 1369 1171 1417 decretO.
1202 1369 1331 1416 Idem
1353 1369 1531 1416 dicatur
1562 1377 1746 1434 oportet

61 1445 119 1493 de
150 1446 287 1508 gestis
310 1447 357 1492 in
392 1463 524 1492 causa
547 1446 895 1493 Donatistarum
914 1482 927 1505 ,
957 1447 1036 1510 qui
1071 1445 1252 1492 defectu
1276 1444 1474 1510 plenarii
1511 1443 1704 1491 Concilii
1729 1479 1744 1503 ,

61 1530 114 1568 ut
139 1523 306 1586 passim
342 1529 537 1569 testatur
566 1524 609 1568 S.
645 1523 923 1586 Augustinus
947 1523 1023 1586 (1)
1041 1558 1052 1580 ,
1087 1522 1146 1568 ad
1165 1521 1394 1568 unitatem
1423 1521 1630 1569 revocari
1649 1537 1746 1567 non

62 1606 316 1660 potuerunt
339 1633 351 1656 .,
392 1599 602 1662 quamvis
634 1598 766 1663 plura
807 1597 901 1645 lata
932 1607 1086 1645 essent
1126 1615 1151 1644 a
1182 1615 1301 1645 rom.
1332 1596 1628 1644 Pontificibus
1662 1596 1747 1644 de-

63 1682 213 1731 creta3
245 1690 330 1720 nec
354 1691 449 1720 non
474 1674 531 1720 de
555 1674 691 1737 gestis
710 1675 758 1720 in
776 1691 908 1721 causa
940 1674 1111 1738 Apiarii
1140 1675 1333 1720 Romam
1362 1691 1384 1720 a
1416 1674 1647 1720 sententia
1669 1690 1747 1736 sy-

61 1749 173 1795 nodi
207 1750 498 1813 provincialis
534 1749 811 1815 appellantis
838 1786 851 1809 7
892 1749 1057 1797 eodem
1108 1750 1154 1797 S.
1205 1749 1460 1812 Augustino
1500 1758 1615 1796 teste
1655 1748 1742 1813 (2).

59 1824 113 1870 2⁰
139 1824 343 1888 Idipsum
375 1826 546 1873 evincit
578 1825 823 1872 celebratio
862 1825 1170 1873 Conciliorum
1199 1825 1485 1888 generalium
1513 1825 1573 1872 ad
1605 1825 1747 1872 haere·

60 1901 147 1946 sim
180 1901 560 1966 compescendam
600 1903 826 1961 Nestorii,
853 1901 1116 1966 Eutychetis
1139 1938 1151 1961 ,
1191 1894 1629 1960 Monothelitarum‚
1668 1902 1748 1966 qui

60 1975 168 2023 licet
198 1977 405 2024 damnati
424 1982 520 2039 jam
544 1978 737 2025 fuissent
764 1995 787 2024 a
814 1995 932 2024 rom.
956 1977 1281 2036 Pontificibus,
1309 1979 1479 2025 iterum
1498 1994 1523 2023 a
1544 1976 1748 2024 Concilio

60 2053 343 2100 oecumenico
388 2053 531 2101 veluti
573 2070 791 2118 supremo
839 2052 1062 2100 tribunali
1109 2053 1371 2101 debuerunt
1414 2052 1661 2112 damnari,
1697 2058 1749 2098 ut

61 2144 193 2175 causa
225 2130 357 2176 finita
385 2129 471 2176 dici
513 2139 680 2193 posset.
714 2130 767 2176 30
794 2132 944 2187 Quare
969 2131 1015 2176 S.
1045 2131 1288 2193 Gregorius
1318 2131 1381 2177 M.
1414 2130 1530 2176 mire
1567 2126 1749 2175 extollit

63 2204 369 2252 Conciliorum
391 2207 780 2253 oecumenicorum
805 2206 1124 2253 auctoritatem
1147 2205 1236 2268 (3).
1259 2205 1311 2253 4ο
1326 2204 1620 2253 Innocentius
1637 2218 1749 2252 vero

65 2280 128 2325 111
154 2289 311 2344 aperte
331 2282 559 2347 professus
580 2291 675 2341 est,
703 2281 961 2329 Concilium
979 2282 1189 2344 generale
1216 2282 1303 2328 sibi
1322 2282 1623 2347 praeeminere
1637 2315 1651 2338 .‚
1674 2295 1749 2326 se-

64 2371 155 2418 que
193 2354 251 2400 ab
287 2368 340 2403 eo
372 2357 567 2404 coerceri
597 2359 735 2404 etiam
766 2374 925 2422 posse3
963 2359 1025 2404 sic
1053 2358 1179 2405 enim
1227 2358 1349 2405 inter
1379 2356 1467 2403 alia
1503 2354 1661 2403 scribit
1691 2352 1751 2401 ad

65 2430 332 2496 Philippum
365 2437 618 2497 Augustum
661 2435 915 2482 Galliarum
938 2452 1094 2499 regem
1128 2453 1138 2481 τ
1185 2438 1364 2483 Veram
1402 2438 1448 2481 si
1473 2450 1617 2497 super
1636 2433 1749 2490 hoe,

64 2572 210 2612 axioma
234 2585 245 2610 :
270 2569 406 2610 Prima
428 2573 542 2612 Sedes
556 2589 579 2613 a
601 2576 751 2613 nemine
762 2577 877 2628 judi·
920 2628 922 2630 Ι
942 2576 994 2616 al.
1009 2590 1115 2616 cmi.
1129 2575 1181 2615 ad
1196 2575 1399 2624 Gloriam,
1420 2574 1627 2614 Eleusium
1641 2601 1654 2622 ‚
1677 2580 1749 2613 etc.

47 2646 193 2687 'catum
219 2638 264 2678 de
289 2654 362 2692 quo
387 2640 551 2693 loquitur
570 2641 628 2680 vel
650 2643 727 2692 ipse
745 2642 876 2681 Maim-
941 2657 1019 2695 cap.
1046 2656 1066 2693 7
1088 2673 1098 2690 ‚
1124 2658 1166 2682 n.
1204 2656 1264 2696 ¹9·

65 2706 201 2756 bourg,
217 2708 256 2744 in
265 2705 510 2756 op.Histoire
520 2705 572 2744 du
580 2706 709 2757 qrand
716 2706 876 2745 schisme
996 2707 1048 2759 (2)
1080 2708 1120 2746 ln
1160 2707 1291 2760 Epist.
1311 2706 1479 2745 Concilii
1499 2706 1682 2757 Africam
1702 2701 1754 2741 ad

65 2769 296 2808 d’Oceident
307 2800 318 2817 ‚
333 2769 433 2808 Paris
451 2768 548 2809 1680
563 2801 573 2818 ‚
587 2778 679 2809 tom.
693 2784 719 2808 u
731 2778 745 2818 ‚⁴
753 2771 819 2809 liv.
833 2771 872 2818 5,
941 2772 1096 2823 Papam
1128 2772 1374 2811 Coelestinum
1390 2801 1401 2820 ,
1435 2772 1534 2824 apud
1562 2768 1750 2810 Harduin.

66 2848 150 2886 pag.
167 2835 345 2875 305.Csr.
363 2849 444 2889 quae
462 2835 571 2887 paulo
588 2845 670 2875 ante
685 2836 874 2875 retulimus
941 2837 1040 2876 Acca
1069 2837 1185 2877 Cone.
1209 2847 1299 2877 tom.
1323 2852 1336 2876 1
1352 2867 1362 2886 ‚
1392 2838 1464 2876 eol.
1487 2835 1564 2890 947
1590 2843 1626 2875 et
1648 2847 1752 2886 seqq.

67 2914 110 2938 ex
136 2899 253 2939 Cone.
277 2902 539 2952 generali'vm.
998 2901 1053 2953 (3)
1080 2902 1163 2942 Lib.
1189 2917 1222 2951 1,
1241 2901 1368 2955 Epist.
1395 2915 1490 2951 xxv,
1519 2901 1609 2941 edit.
1630 2899 1752 2938 Maur.

124 2965 176 3015 (1)
207 2964 471 3019 DeBaptismo
483 2966 874 3016 eontr.Donat.lib.1‚
944 2968 1030 3007 alias
1055 2980 1167 3018 xxiv,
1192 2969 1263 3007 col.
1291 2965 1385 3006 515.

68 3043 142 3081 cap.
160 3044 198 3083 7,
217 3039 253 3069 et
266 3031 333 3071 lib.
348 3045 388 3078 n,
403 3047 482 3085 cap.
495 3045 536 3084 9,
555 3042 623 3073 etc.
640 3032 771 3086 Epist.
783 3047 877 3073 xuu.
