2028 3354
206 196 300 245 424
667 216 819 248 TRACT.
857 218 910 255 ¹³13
948 219 1066 249 noeis
1103 222 1399 256 rnnozocxcis.

206 331 361 377 unitas
399 329 608 377 Ecclesiae
644 329 933 394 particularis
956 331 1015 378 ab
1049 334 1257 399 Episcopi
1291 340 1468 387 unitate
1501 341 1702 405 pendet,
1738 344 1800 390 sic
1820 344 1896 392 *ab

207 406 417 471 Episcopi
451 406 659 470 supremi
696 416 744 453 et
774 407 1049 455 universalis
1084 412 1264 459 unitate
1296 415 1471 477 pendet
1507 418 1661 465 unitas
1690 419 1896 469 Ecclesiae

205 481 346 546 ipsius
373 481 597 552 universae
618 500 633 545 3
664 482 1041 548 quandoquidem
1059 522 1071 545 7
1095 495 1144 533 ut
1164 486 1369 552 loquitur
1385 491 1427 538 S,
1442 493 1749 559 Hieronymus
1768 514 1778 544 :
1796 497 1897 543 Ec-

204 559 346 604 clesia
370 575 468 605 ⁹non
487 568 576 614 est,
593 577 700 621 quoe
730 577 825 607 non
852 562 992 608 hahet
1011 565 1266 611 sacerdotes
1283 565 1352 629 (l)
1369 603 1381 625 7
1414 569 1636 619 nimirum
1655 574 1898 639 Episcopos

205 634 284 698 qui
320 651 424 681 eam
453 645 616 700 regant
639 672 651 695 7
693 636 904 702 adeoque
932 640 1208 705 Episcopum
1236 659 1506 707 supremum
1524 682 1535 704 7
1561 649 1640 711 qui
1671 650 1900 698 universae

204 711 363 774 praesit
402 711 625 760 Ecclesiae.
671 712 884 778 Alioquin
912 714 1199 763 haberentur
1237 718 1427 782 quidem
1460 721 1667 771 Ecclesiae
1697 727 1901 790 particu-

202 785 322 833 lares
347 823 359 846 7
414 805 659 853 nunquam
701 798 858 837 autem
909 789 1161 839 haberetur
1208 794 1404 842 Ecclesia
1451 798 1754 859 universalis,
1793 819 1898 866 quae

204 878 297 908 una
328 863 414 922 sit7
454 880 560 911 cum
599 864 697 911 sine
735 866 986 912 universali
1023 868 1246 933 Episcopo
1288 872 1560 920 universalis
1598 892 1693 922 non
1723 877 1783 923 sit
1817 878 1902 924 Ec-

202 935 335 984 clesia
355 939 441 1003 (⁶2).

270 1013 380 1061 607.
421 1015 526 1063 Sive
556 1015 697 1078 igitur
727 1017 987 1081 Scripturas
1026 1019 1286 1083 expendas,
1320 1023 1414 1072 sive
1435 1035 1728 1075 constantem
1748 1028 1905 1077 Eccle—

204 1089 282 1136 siae
301 1090 602 1139 traditionem
621 1126 635 1153 7
670 1092 768 1139 sive
800 1103 1077 1158 perpetuam
1111 1112 1164 1143 ac
1191 1099 1353 1159 jugem
1381 1100 1656 1150 Pontificum
1681 1122 1905 1152 romano-

204 1183 310 1211 rum
347 1167 530 1231 praxim
550 1202 564 1227 7
592 1167 688 1215 sive
723 1168 926 1234 denique
954 1170 1161 1219 Ecclesiae
1186 1181 1404 1219 naturam
1434 1183 1480 1221 et
1500 1179 1905 1243 constitutionem,

204 1251 417 1301 constat,
439 1243 564 1309 quod
584 1243 643 1290 ab
660 1244 793 1292 initio
817 1248 1170 1311 proposuimus7
1199 1249 1428 1313 primatus
1456 1251 1627 1300 scilicet
1656 1257 1907 1304 auctorita-

204 1327 328 1378 tem7
358 1337 500 1384 quam
528 1320 687 1369 divino
705 1325 810 1384 jure
842 1322 985 1370 habet
1022 1342 1140 1371 rom.
1179 1325 1420 1386 Pontifex,
1462 1329 1786 1379 auctoritatem
1809 1349 1907 1380 esse

206 1395 541 1461 episcopalem7
579 1415 682 1462 quae
714 1416 876 1446 omnes
901 1400 1072 1447 Christi
1105 1400 1292 1462 fideles7
1315 1402 1457 1449 etiam
1495 1405 1740 1471 Episcopos
1770 1424 1903 1454 com-

204 1470 422 1535 plectitur
444 1472 530 1536 (3).

869 1586 1261 1621 DIFPICULTATES.

275 1704 385 1752 608.
424 1705 525 1768 Obj.
559 1706 724 1770 prima.
754 1707 805 1753 10
842 1708 890 1754 Si
922 1709 1150 1773 primatus
1187 1709 1393 1772 ejusdem
1436 1721 1554 1760 esset
1590 1715 1767 1777 generis
1803 1732 1907 1762 cum

209 1781 458 1847 episcopali
496 1783 797 1843 auctoritate,
847 1801 1004 1831 secum
1045 1787 1144 1851 ipse
1174 1797 1428 1852 pugnarem,
1473 1790 1580 1854 quia
1615 1791 1753 1838 simul
1786 1801 1905 1840 esset

208 1854 436 1903 limitibus
479 1858 851 1924 circumscriptus
887 1869 934 1907 et
963 1860 1250 1910 indefinitus,
1295 1864 1348 1909 20
1395 1865 1629 1927 Pugnaret
1663 1883 1769 1914 cum
1806 1866 1904 1914 aliis

209 2031 356 2069 ibimus
366 2031 393 2069 Ρ
413 2030 586 2070 Verbum
604 2034 692 2071 vitoe
712 2040 865 2073 oeteroezae
890 2035 1022 2084 habe&

210 2105 245 2134 ot
274 2110 343 2135 ‘nos
367 2098 558 2137 oredimus
580 2106 615 2136 et
631 2103 876 2150 coqnovz'mus
891 2132 901 2145 ,
934 2116 1025 2153 quo-

211 2165 323 2201 niam
346 2169 387 2202 tu
405 2178 442 2202 es
468 2165 603 2203 Filius
622 2165 702 2204 Dei
726 2168 832 2215 vivi,
867 2169 1019 2208 subdit:

212 2223 405 2280 Loquitur
448 2230 527 2270 illic
564 2227 703 2269 Petrus
719 2262 729 2279 7
767 2246 881 2285 super
914 2247 1023 2285 quem

212 2294 439 2346 oedv'ficanda
460 2297 593 2348 fuerat
611 2295 788 2336 Ecclesia
804 2328 814 2341 7
840 2297 1025 2339 Ecclesiae

211 2362 367 2399 nomine
379 2361 516 2411 docens
536 2370 570 2401 et
591 2364 799 2413 ostendens,
823 2367 931 2416 quia,
955 2369 1028 2406 etsi

212 2432 418 2465 contumax
434 2440 480 2465 ac
500 2428 666 2480 superba
685 2428 869 2468 obaudire
894 2433 1027 2470 nolen-

212 2490 310 2527 tium
326 2490 530 2530 nzultitudo
550 2492 743 2542 discedat,
770 2494 944 2534 Ecclesia
969 2505 1026 2535 ta-

215 2567 303 2591 men
316 2568 341 2591 a
356 2554 509 2595 Christo
522 2571 602 2596 non
618 2559 758 2597 recedit
771 2589 781 2608 7
807 2567 842 2598 et
858 2560 921 2600 illi
936 2570 1028 2601 sum

215 2616 391 2658 Ecclesia
412 2621 518 2674 plebs
543 2620 744 2673 Sacerdoti
769 2626 967 2673 adunata,
993 2635 1028 2667 et

209 2688 360 2736 pastori
382 2700 449 2725 suo
470 2700 562 2739 yrex
584 2688 796 2729 adhaerens.

269 2750 317 2800 (l)
352 2752 458 2792 Dial.
481 2754 570 2792 adv.
596 2754 768 2804 Lucifer.
792 2771 832 2795 n.
854 2769 919 2795 21.

269 2815 320 2866 (ἢ)
351 2816 434 2856 Huc
448 2821 578 2870 pariter
591 2820 799 2859 referuntur
807 2850 820 2870 ,
835 2835 916 2874 quae
936 2826 1026 2862 scri-

215 2880 325 2920 bitS.
339 2881 493 2935 Opb-itus
504 2912 516 2932 ,
538 2881 596 2922 De
623 2884 820 2925 schismat.
833 2885 1026 2928 Donatist.

217 2945 286 2985 lib.
306 2960 331 2984 η
355 2961 366 2985 :
389 2950 500 2988 Certa
525 2950 691 2989 membra
716 2965 789 2989 cua
811 2951 920 2991 habet
945 2954 1027 2993 Ec-

215 3010 353 3063 clena,
380 3013 611 3068 Episcopos,
636 3016 901 3071 Presbyteroe,
928 3017 1028 3059 Dia-

1089 2049 1202 2075 conos
1216 2066 1225 2084 7
1256 2038 1455 2077 ministros
1475 2046 1508 2076 et
1531 2038 1685 2077 turbam
1701 2038 1872 2090 fidelium
1885 2067 1898 2088 ,

1090 2103 1180 2141 edit.
1199 2103 1386 2154 Albaspin.
1411 2119 1495 2156 pag.
1519 2102 1583 2143 53.
1611 2105 1689 2143 Nisi
1713 2112 1901 2156 propterea

1089 2182 1218 2207 omnes
1247 2170 1304 2206 isti
1333 2169 1531 2221 Episcopi,
1562 2170 1786 2222 Presbyteri,
1812 2169 1902 2208 Dia-

1087 2238 1196 2281 coni7
1225 2236 1382 2272 ministri
1412 2249 1455 2273 ac
1486 2235 1651 2274 fidelium
1682 2236 1792 2274 turba
1818 2237 1903 2273 uni-

1089 2300 1217 2339 versali
1250 2300 1519 2352 subjicerentur
1540 2301 1719 2353 Episcopo
1745 2332 1755 2350 7
1789 2315 1903 2340 unam

1089 2364 1289 2403 Ecclesiam
1314 2379 1390 2403 non
1412 2368 1693 2406 constituerent.

1144 2429 1196 2482 (3)
1226 2431 1300 2469 Cfr.
1322 2431 1367 2469 de
1391 2432 1463 2470 hoc
1490 2442 1704 2484 argumento
1721 2433 1871 2484 Bolgeni
1888 2465 1902 2481 ,

1089 2499 1128 2535 in
1140 2510 1200 2547 op.
1220 2498 1282 2535 cit.
1298 2495 1554 2550 I‘Episcopato
1566 2529 1576 2546 7
1600 2507 1691 2539 tom.
1706 2513 1738 2548 1,
1755 2513 1836 2551 cap.
1854 2496 1900 2548 4,

1090 2571 1156 2602 art.
1176 2575 1190 2600 1
1208 2575 1219 2612 3
1246 2565 1335 2601 item
1353 2563 1541 2613 Zaccaria,
1553 2567 1594 2604 in
1607 2565 1898 2618 Antisebronio‚

1089 2637 1182 2667 tom.
1211 2642 1265 2676 n,
1296 2630 1382 2669 diss.
1411 2642 1460 2679 2,
1486 2645 1569 2682 cap.
1602 2644 1624 2669 2
1657 2640 1692 2670 et
1721 2632 1770 2680 33
1794 2637 1829 2668 et
1861 2630 1900 2666 in

1091 2693 1364 2745 Antisebrom'o
1378 2695 1587 2744 vindicato,
1602 2705 1743 2741 tom-11,
1763 2691 1899 2743 diss.4,

1094 2774 1174 2811 cap.
1193 2758 1243 2809 43
1268 2774 1337 2798 nec
1360 2775 1436 2798 non
1462 2761 1573 2801 Card.
1598 2761 1704 2807 Orsi,
1725 2757 1783 2798 De
1803 2771 1900 2798 rom.

1092 2821 1297 2876 Pontificis
1318 2827 1362 2864 in
1373 2823 1546 2878 Synodos
1566 2825 1818 2864 oecumenicas
1831 2837 1902 2876 po-

1092 2896 1220 2928 testate
1234 2920 1244 2937 7
1272 2890 1395 2930 Romae
1417 2888 1538 2943 1740,
1565 2898 1657 2941 part.
1682 2904 1729 2938 n,
1747 2888 1901 2939 liban,

1094 2968 1175 3007 cap.
1203 2953 1241 2993 5.
1289 2988 1292 2993 ,
