<?xml version="1.0" encoding="UTF-8"?>
<!DOCTYPE html PUBLIC "-//W3C//DTD XHTML 1.0 Transitional//EN"
    "http://www.w3.org/TR/xhtml1/DTD/xhtml1-transitional.dtd">
<html xmlns="http://www.w3.org/1999/xhtml" xml:lang="en" lang="en">
 <head>
  <title>
</title>
<meta http-equiv="Content-Type" content="text/html;charset=utf-8" />
  <meta name='ocr-system' content='tesseract 3.04.00' />
  <meta name='ocr-capabilities' content='ocr_page ocr_carea ocr_par ocr_line ocrx_word'/>
</head>
<body>
  <div class='ocr_page' id='page_1' title='image "./praelectionestheo08perruoft/praelectionestheo08perruoft_0054.png"; bbox 0 0 2028 3354; ppageno 0'>
   <div class='ocr_carea' id='block_1_1' title="bbox 198 212 264 258">
    <p class='ocr_par' dir='ltr' id='par_1_1' title="bbox 198 212 264 258">
     <span class='ocr_line' id='line_1_1' title="bbox 198 212 264 258; baseline 0 0"><span class='ocrx_word' id='word_1_1' title='bbox 198 212 264 258; x_wconf 58' lang='lat'><strong>142</strong></span> 
     </span>
    </p>
   </div>
   <div class='ocr_carea' id='block_1_2' title="bbox 677 233 1419 270">
    <p class='ocr_par' dir='ltr' id='par_1_2' title="bbox 677 233 1419 270">
     <span class='ocr_line' id='line_1_2' title="bbox 677 233 1419 270; baseline 0.008 -8"><span class='ocrx_word' id='word_1_2' title='bbox 677 233 830 263; x_wconf 78' lang='lat' dir='ltr'>TRACT.</span> <span class='ocrx_word' id='word_1_3' title='bbox 870 234 926 265; x_wconf 79' lang='lat' dir='ltr'><strong>DE</strong></span> <span class='ocrx_word' id='word_1_4' title='bbox 961 236 1080 267; x_wconf 74' lang='lat' dir='ltr'><strong>Locis</strong></span> <span class='ocrx_word' id='word_1_5' title='bbox 1116 239 1419 270; x_wconf 79' lang='lat' dir='ltr'>THEOLOGICIS.</span> 
     </span>
    </p>
   </div>
   <div class='ocr_carea' id='block_1_3' title="bbox 189 344 1891 2011">
    <p class='ocr_par' dir='ltr' id='par_1_3' title="bbox 195 344 1890 928">
     <span class='ocr_line' id='line_1_3' title="bbox 201 344 1884 415; baseline 0.008 -25"><span class='ocrx_word' id='word_1_6' title='bbox 201 344 520 409; x_wconf 84' lang='lat' dir='ltr'><strong>resipiscentes</strong></span> <span class='ocrx_word' id='word_1_7' title='bbox 544 345 604 391; x_wconf 90' lang='lat' dir='ltr'><strong>ad</strong></span> <span class='ocrx_word' id='word_1_8' title='bbox 629 345 960 408; x_wconf 86' lang='lat' dir='ltr'><strong>poenitentiam</strong></span> <span class='ocrx_word' id='word_1_9' title='bbox 979 384 991 407; x_wconf 78' lang='lat'>‚</span> <span class='ocrx_word' id='word_1_10' title='bbox 1021 351 1282 415; x_wconf 83' lang='lat' dir='ltr'><strong>expellendi</strong></span> <span class='ocrx_word' id='word_1_11' title='bbox 1304 371 1329 401; x_wconf 88' lang='lat' dir='ltr'><strong>e</strong></span> <span class='ocrx_word' id='word_1_12' title='bbox 1351 356 1455 401; x_wconf 91' lang='lat' dir='ltr'><strong>sinu</strong></span> <span class='ocrx_word' id='word_1_13' title='bbox 1479 372 1561 401; x_wconf 90' lang='lat' dir='ltr'><strong>suo</strong></span> <span class='ocrx_word' id='word_1_14' title='bbox 1587 363 1884 403; x_wconf 85' lang='lat' dir='ltr'><strong>contumaces</strong></span> 
     </span>
     <span class='ocr_line' id='line_1_4' title="bbox 199 420 1889 497; baseline 0.007 -29"><span class='ocrx_word' id='word_1_15' title='bbox 199 437 251 468; x_wconf 90' lang='lat' dir='ltr'><strong>ac</strong></span> <span class='ocrx_word' id='word_1_16' title='bbox 279 420 501 480; x_wconf 79' lang='lat' dir='ltr'><strong>rebelles,</strong></span> <span class='ocrx_word' id='word_1_17' title='bbox 531 421 748 483; x_wconf 76' lang='lat' dir='ltr'><strong>regendi,</strong></span> <span class='ocrx_word' id='word_1_18' title='bbox 787 420 1105 485; x_wconf 80' lang='lat' dir='ltr'><strong>gubernandi,</strong></span> <span class='ocrx_word' id='word_1_19' title='bbox 1135 427 1313 493; x_wconf 85' lang='lat' dir='ltr'><strong>aliaque</strong></span> <span class='ocrx_word' id='word_1_20' title='bbox 1341 430 1564 492; x_wconf 86' lang='lat' dir='ltr'><strong>ejusmodi</strong></span> <span class='ocrx_word' id='word_1_21' title='bbox 1595 449 1681 496; x_wconf 90' lang='lat' dir='ltr'><strong>pro</strong></span> <span class='ocrx_word' id='word_1_22' title='bbox 1712 449 1889 497; x_wconf 88' lang='lat' dir='ltr'><strong>oppor-</strong></span> 
     </span>
     <span class='ocr_line' id='line_1_5' title="bbox 197 496 1886 562; baseline 0.007 -19"><span class='ocrx_word' id='word_1_23' title='bbox 197 497 399 544; x_wconf 77' lang='lat' dir='ltr'><strong>tunitate</strong></span> <span class='ocrx_word' id='word_1_24' title='bbox 415 496 649 543; x_wconf 85' lang='lat' dir='ltr'><strong>statuendi</strong></span> <span class='ocrx_word' id='word_1_25' title='bbox 663 534 675 557; x_wconf 42' lang='grc' dir='ltr'><strong><em>τ</em></strong></span> <span class='ocrx_word' id='word_1_26' title='bbox 696 515 799 562; x_wconf 85' lang='lat' dir='ltr'><strong>quae</strong></span> <span class='ocrx_word' id='word_1_27' title='bbox 820 498 879 546; x_wconf 85' lang='lat' dir='ltr'><strong>ad</strong></span> <span class='ocrx_word' id='word_1_28' title='bbox 893 498 1014 549; x_wconf 87' lang='lat' dir='ltr'><strong>bene</strong></span> <span class='ocrx_word' id='word_1_29' title='bbox 1027 501 1321 551; x_wconf 74' lang='lat' dir='ltr'>constitutam</span> <span class='ocrx_word' id='word_1_30' title='bbox 1345 507 1607 554; x_wconf 81' lang='lat' dir='ltr'><strong>societatem</strong></span> <span class='ocrx_word' id='word_1_31' title='bbox 1632 507 1886 555; x_wconf 88' lang='lat' dir='ltr'><strong>necessaria</strong></span> 
     </span>
     <span class='ocr_line' id='line_1_6' title="bbox 198 572 1888 641; baseline 0.006 -22"><span class='ocrx_word' id='word_1_32' title='bbox 198 582 328 619; x_wconf 88' lang='lat' dir='ltr'><strong>sunt.</strong></span> <span class='ocrx_word' id='word_1_33' title='bbox 346 572 374 618; x_wconf 88' lang='lat' dir='ltr'><strong>J</strong></span> <span class='ocrx_word' id='word_1_34' title='bbox 378 589 454 618; x_wconf 89' lang='lat' dir='ltr'><strong>am</strong></span> <span class='ocrx_word' id='word_1_35' title='bbox 475 589 604 631; x_wconf 75' lang='lat' dir='ltr'><strong>vero,</strong></span> <span class='ocrx_word' id='word_1_36' title='bbox 627 573 666 620; x_wconf 90' lang='lat' dir='ltr'><strong>si</strong></span> <span class='ocrx_word' id='word_1_37' title='bbox 684 573 769 620; x_wconf 91' lang='lat' dir='ltr'><strong>soli</strong></span> <span class='ocrx_word' id='word_1_38' title='bbox 783 576 898 636; x_wconf 85' lang='lat' dir='ltr'><strong>justi</strong></span> <span class='ocrx_word' id='word_1_39' title='bbox 916 576 1207 639; x_wconf 78' lang='lat' dir='ltr'><strong>pertinerent</strong></span> <span class='ocrx_word' id='word_1_40' title='bbox 1228 578 1287 623; x_wconf 90' lang='lat' dir='ltr'><strong>ad</strong></span> <span class='ocrx_word' id='word_1_41' title='bbox 1305 580 1546 629; x_wconf 79' lang='lat' dir='ltr'><strong>Ecclesiam</strong></span> <span class='ocrx_word' id='word_1_42' title='bbox 1564 620 1576 641; x_wconf 42' lang='lat'><em>5</em></span> <span class='ocrx_word' id='word_1_43' title='bbox 1598 600 1704 630; x_wconf 88' lang='lat' dir='ltr'><strong>cum</strong></span> <span class='ocrx_word' id='word_1_44' title='bbox 1723 582 1773 629; x_wconf 90' lang='lat' dir='ltr'><strong>hi</strong></span> <span class='ocrx_word' id='word_1_45' title='bbox 1792 601 1888 629; x_wconf 88' lang='lat' dir='ltr'><strong>non</strong></span> 
     </span>
     <span class='ocr_line' id='line_1_7' title="bbox 198 648 1888 716; baseline 0.007 -23"><span class='ocrx_word' id='word_1_46' title='bbox 198 657 532 711; x_wconf 80' lang='lat' dir='ltr'>cognoscantur</span> <span class='ocrx_word' id='word_1_47' title='bbox 547 685 559 707; x_wconf 63' lang='lat' dir='ltr'>v</span> <span class='ocrx_word' id='word_1_48' title='bbox 586 648 781 697; x_wconf 83' lang='lat' dir='ltr'><strong>Ecclesia</strong></span> <span class='ocrx_word' id='word_1_49' title='bbox 813 652 945 698; x_wconf 89' lang='lat' dir='ltr'><strong>fieret</strong></span> <span class='ocrx_word' id='word_1_50' title='bbox 966 670 1154 716; x_wconf 86' lang='lat' dir='ltr'><strong>prorsus</strong></span> <span class='ocrx_word' id='word_1_51' title='bbox 1179 653 1422 701; x_wconf 86' lang='lat' dir='ltr'><strong>invisibilis</strong></span> <span class='ocrx_word' id='word_1_52' title='bbox 1444 674 1493 703; x_wconf 90' lang='lat' dir='ltr'><strong>ac</strong></span> <span class='ocrx_word' id='word_1_53' title='bbox 1512 658 1696 706; x_wconf 87' lang='lat' dir='ltr'><strong>nullum</strong></span> <span class='ocrx_word' id='word_1_54' title='bbox 1718 677 1888 705; x_wconf 89' lang='lat' dir='ltr'><strong>munus</strong></span> 
     </span>
     <span class='ocr_line' id='line_1_8' title="bbox 197 728 1889 799; baseline 0.006 -29"><span class='ocrx_word' id='word_1_55' title='bbox 197 740 411 771; x_wconf 81' lang='lat' dir='ltr'><strong>exercere</strong></span> <span class='ocrx_word' id='word_1_56' title='bbox 446 734 616 790; x_wconf 88' lang='lat' dir='ltr'><strong>posset.</strong></span> <span class='ocrx_word' id='word_1_57' title='bbox 642 728 882 773; x_wconf 87' lang='lat' dir='ltr'><strong>Incertum</strong></span> <span class='ocrx_word' id='word_1_58' title='bbox 904 744 1090 793; x_wconf 87' lang='lat' dir='ltr'><strong>semper</strong></span> <span class='ocrx_word' id='word_1_59' title='bbox 1111 729 1302 793; x_wconf 86' lang='lat' dir='ltr'><strong>quidem</strong></span> <span class='ocrx_word' id='word_1_60' title='bbox 1333 740 1477 791; x_wconf 74' lang='lat' dir='ltr'><strong>esset,</strong></span> <span class='ocrx_word' id='word_1_61' title='bbox 1500 742 1659 782; x_wconf 88' lang='lat' dir='ltr'><strong>utrum</strong></span> <span class='ocrx_word' id='word_1_62' title='bbox 1683 734 1781 794; x_wconf 73' lang='lat' dir='ltr'><strong>illi,</strong></span> <span class='ocrx_word' id='word_1_63' title='bbox 1810 736 1889 799; x_wconf 85' lang='lat' dir='ltr'><strong>qui</strong></span> 
     </span>
     <span class='ocr_line' id='line_1_9' title="bbox 195 800 1890 874; baseline 0.007 -28"><span class='ocrx_word' id='word_1_64' title='bbox 195 800 421 863; x_wconf 82' lang='lat' dir='ltr'><strong>ejusmodi</strong></span> <span class='ocrx_word' id='word_1_65' title='bbox 444 801 601 848; x_wconf 89' lang='lat' dir='ltr'><strong>munia</strong></span> <span class='ocrx_word' id='word_1_66' title='bbox 623 812 861 862; x_wconf 68' lang='lat' dir='ltr'><strong>exercent,</strong></span> <span class='ocrx_word' id='word_1_67' title='bbox 880 804 974 850; x_wconf 90' lang='lat' dir='ltr'><strong>sint</strong></span> <span class='ocrx_word' id='word_1_68' title='bbox 995 804 1053 850; x_wconf 88' lang='lat' dir='ltr'><strong>de</strong></span> <span class='ocrx_word' id='word_1_69' title='bbox 1075 804 1270 852; x_wconf 83' lang='lat' dir='ltr'><strong>Ecclesia</strong></span> <span class='ocrx_word' id='word_1_70' title='bbox 1298 823 1384 853; x_wconf 85' lang='lat' dir='ltr'><strong>nec</strong></span> <span class='ocrx_word' id='word_1_71' title='bbox 1407 825 1483 856; x_wconf 88' lang='lat' dir='ltr'><strong>ne.</strong></span> <span class='ocrx_word' id='word_1_72' title='bbox 1511 809 1645 866; x_wconf 83' lang='lat' dir='ltr'><strong>Quod-</strong></span> <span class='ocrx_word' id='word_1_73' title='bbox 1656 810 1793 874; x_wconf 86' lang='lat' dir='ltr'><strong>plane</strong></span> <span class='ocrx_word' id='word_1_74' title='bbox 1812 809 1890 857; x_wconf 85' lang='lat' dir='ltr'><strong>ad-</strong></span> 
     </span>
     <span class='ocr_line' id='line_1_10' title="bbox 195 877 1284 928; baseline 0.003 -4"><span class='ocrx_word' id='word_1_75' title='bbox 195 886 408 924; x_wconf 81' lang='lat' dir='ltr'><strong>versatur</strong></span> <span class='ocrx_word' id='word_1_76' title='bbox 436 877 625 924; x_wconf 82' lang='lat' dir='ltr'><strong>consilio</strong></span> <span class='ocrx_word' id='word_1_77' title='bbox 650 878 821 926; x_wconf 82' lang='lat' dir='ltr'><strong>Christi</strong></span> <span class='ocrx_word' id='word_1_78' title='bbox 840 879 890 925; x_wconf 92' lang='lat' dir='ltr'><strong>in</strong></span> <span class='ocrx_word' id='word_1_79' title='bbox 911 897 963 926; x_wconf 88' lang='lat' dir='ltr'><strong>ea</strong></span> <span class='ocrx_word' id='word_1_80' title='bbox 985 879 1284 928; x_wconf 85' lang='lat' dir='ltr'><strong>instituenda.</strong></span> 
     </span>
    </p>

    <p class='ocr_par' dir='ltr' id='par_1_4' title="bbox 189 954 1891 2011">
     <span class='ocr_line' id='line_1_11' title="bbox 260 954 1891 1008; baseline 0.006 -9"><span class='ocrx_word' id='word_1_81' title='bbox 260 954 340 1000; x_wconf 89' lang='grc'><strong>70.</strong></span> <span class='ocrx_word' id='word_1_82' title='bbox 381 955 501 1001; x_wconf 86' lang='lat' dir='ltr'><strong>Sane</strong></span> <span class='ocrx_word' id='word_1_83' title='bbox 536 954 745 1001; x_wconf 85' lang='lat' dir='ltr'><strong>Christus</strong></span> <span class='ocrx_word' id='word_1_84' title='bbox 770 955 857 1002; x_wconf 92' lang='lat' dir='ltr'><strong>sub</strong></span> <span class='ocrx_word' id='word_1_85' title='bbox 890 956 1099 1003; x_wconf 85' lang='lat' dir='ltr'><strong>sensibili</strong></span> <span class='ocrx_word' id='word_1_86' title='bbox 1121 957 1269 1004; x_wconf 86' lang='lat' dir='ltr'><strong>forma</strong></span> <span class='ocrx_word' id='word_1_87' title='bbox 1299 959 1562 1006; x_wconf 82' lang='lat' dir='ltr'><strong>doctrinam</strong></span> <span class='ocrx_word' id='word_1_88' title='bbox 1590 977 1722 1007; x_wconf 89' lang='lat' dir='ltr'><strong>suam</strong></span> <span class='ocrx_word' id='word_1_89' title='bbox 1753 961 1891 1008; x_wconf 42' lang='lat' dir='ltr'><strong>disci*</strong></span> 
     </span>
     <span class='ocr_line' id='line_1_12' title="bbox 194 1029 1887 1102; baseline 0.005 -27"><span class='ocrx_word' id='word_1_90' title='bbox 194 1029 317 1095; x_wconf 90' lang='lat' dir='ltr'><strong>pulis</strong></span> <span class='ocrx_word' id='word_1_91' title='bbox 347 1030 669 1096; x_wconf 85' lang='lat' dir='ltr'><strong>consignavit,</strong></span> <span class='ocrx_word' id='word_1_92' title='bbox 701 1032 752 1077; x_wconf 90' lang='lat' dir='ltr'><strong>in</strong></span> <span class='ocrx_word' id='word_1_93' title='bbox 776 1040 983 1096; x_wconf 90' lang='lat' dir='ltr'><strong>posteros</strong></span> <span class='ocrx_word' id='word_1_94' title='bbox 1007 1032 1091 1079; x_wconf 91' lang='lat' dir='ltr'><strong>sub</strong></span> <span class='ocrx_word' id='word_1_95' title='bbox 1113 1033 1318 1081; x_wconf 83' lang='lat' dir='ltr'><strong>sensibili</strong></span> <span class='ocrx_word' id='word_1_96' title='bbox 1340 1052 1524 1100; x_wconf 83' lang='lat' dir='ltr'><strong>quoque</strong></span> <span class='ocrx_word' id='word_1_97' title='bbox 1546 1035 1693 1083; x_wconf 85' lang='lat' dir='ltr'><strong>forma</strong></span> <span class='ocrx_word' id='word_1_98' title='bbox 1714 1054 1887 1102; x_wconf 83' lang='lat' dir='ltr'><strong>propa-</strong></span> 
     </span>
     <span class='ocr_line' id='line_1_13' title="bbox 192 1106 1889 1178; baseline 0.004 -25"><span class='ocrx_word' id='word_1_99' title='bbox 192 1106 424 1170; x_wconf 70' lang='lat' dir='ltr'><strong>gandam3</strong></span> <span class='ocrx_word' id='word_1_100' title='bbox 466 1106 553 1153; x_wconf 89' lang='lat' dir='ltr'><strong>sub</strong></span> <span class='ocrx_word' id='word_1_101' title='bbox 582 1107 731 1154; x_wconf 86' lang='lat' dir='ltr'><strong>forma</strong></span> <span class='ocrx_word' id='word_1_102' title='bbox 767 1108 975 1156; x_wconf 88' lang='lat' dir='ltr'><strong>sensibili</strong></span> <span class='ocrx_word' id='word_1_103' title='bbox 1006 1126 1057 1156; x_wconf 87' lang='lat' dir='ltr'><strong>ac</strong></span> <span class='ocrx_word' id='word_1_104' title='bbox 1087 1109 1256 1158; x_wconf 88' lang='lat' dir='ltr'><strong>visibili</strong></span> <span class='ocrx_word' id='word_1_105' title='bbox 1294 1111 1490 1175; x_wconf 85' lang='lat' dir='ltr'><strong>Spiritus</strong></span> <span class='ocrx_word' id='word_1_106' title='bbox 1525 1112 1718 1159; x_wconf 88' lang='lat' dir='ltr'><strong>Sanctus</strong></span> <span class='ocrx_word' id='word_1_107' title='bbox 1751 1130 1889 1178; x_wconf 86' lang='lat' dir='ltr'><strong>super</strong></span> 
     </span>
     <span class='ocr_line' id='line_1_14' title="bbox 191 1183 1886 1252; baseline 0.002 -22"><span class='ocrx_word' id='word_1_108' title='bbox 191 1184 380 1231; x_wconf 86' lang='lat' dir='ltr'><strong>eosdem</strong></span> <span class='ocrx_word' id='word_1_109' title='bbox 413 1183 663 1249; x_wconf 87' lang='lat' dir='ltr'><strong>discipulos</strong></span> <span class='ocrx_word' id='word_1_110' title='bbox 692 1184 742 1230; x_wconf 90' lang='lat' dir='ltr'><strong>in</strong></span> <span class='ocrx_word' id='word_1_111' title='bbox 772 1202 922 1232; x_wconf 87' lang='lat' dir='ltr'><strong>unum</strong></span> <span class='ocrx_word' id='word_1_112' title='bbox 952 1195 1249 1249; x_wconf 79' lang='lat' dir='ltr'><strong>congregatos</strong></span> <span class='ocrx_word' id='word_1_113' title='bbox 1280 1204 1378 1233; x_wconf 88' lang='lat' dir='ltr'><strong>sese</strong></span> <span class='ocrx_word' id='word_1_114' title='bbox 1415 1187 1602 1234; x_wconf 83' lang='lat' dir='ltr'><strong>diffudit</strong></span> <span class='ocrx_word' id='word_1_115' title='bbox 1635 1188 1706 1252; x_wconf 87' lang='lat'><strong>(1)</strong></span> <span class='ocrx_word' id='word_1_116' title='bbox 1726 1223 1738 1246; x_wconf 83' lang='lat'><strong>.,</strong></span> <span class='ocrx_word' id='word_1_117' title='bbox 1778 1204 1886 1235; x_wconf 87' lang='lat' dir='ltr'><strong>cum</strong></span> 
     </span>
     <span class='ocr_line' id='line_1_15' title="bbox 195 1260 1888 1329; baseline 0.003 -23"><span class='ocrx_word' id='word_1_118' title='bbox 195 1277 368 1325; x_wconf 88' lang='lat' dir='ltr'><strong>nempe</strong></span> <span class='ocrx_word' id='word_1_119' title='bbox 395 1260 606 1308; x_wconf 68' lang='lat' dir='ltr'><strong>Ecclesiae</strong></span> <span class='ocrx_word' id='word_1_120' title='bbox 633 1261 820 1325; x_wconf 88' lang='lat' dir='ltr'><strong>proprie</strong></span> <span class='ocrx_word' id='word_1_121' title='bbox 849 1260 980 1309; x_wconf 80' lang='lat' dir='ltr'><strong>dictae</strong></span> <span class='ocrx_word' id='word_1_122' title='bbox 1008 1262 1193 1309; x_wconf 84' lang='lat' dir='ltr'><strong>exordia</strong></span> <span class='ocrx_word' id='word_1_123' title='bbox 1221 1273 1493 1328; x_wconf 72' lang='lat' dir='ltr'><strong>coeperunt3</strong></span> <span class='ocrx_word' id='word_1_124' title='bbox 1529 1264 1737 1311; x_wconf 87' lang='lat' dir='ltr'><strong>Christus</strong></span> <span class='ocrx_word' id='word_1_125' title='bbox 1766 1281 1888 1329; x_wconf 76' lang='lat' dir='ltr'><strong>prae-</strong></span> 
     </span>
     <span class='ocr_line' id='line_1_16' title="bbox 194 1335 1888 1404; baseline 0.002 -22"><span class='ocrx_word' id='word_1_126' title='bbox 194 1345 322 1383; x_wconf 84' lang='lat' dir='ltr'><strong>terea</strong></span> <span class='ocrx_word' id='word_1_127' title='bbox 358 1335 538 1383; x_wconf 89' lang='lat' dir='ltr'><strong>visibile</strong></span> <span class='ocrx_word' id='word_1_128' title='bbox 572 1335 906 1398; x_wconf 82' lang='lat' dir='ltr'><strong>sacerdotium,</strong></span> <span class='ocrx_word' id='word_1_129' title='bbox 949 1346 995 1384; x_wconf 87' lang='lat' dir='ltr'><strong>et</strong></span> <span class='ocrx_word' id='word_1_130' title='bbox 1030 1355 1265 1385; x_wconf 88' lang='lat' dir='ltr'><strong>sacrorum</strong></span> <span class='ocrx_word' id='word_1_131' title='bbox 1299 1339 1640 1399; x_wconf 88' lang='lat' dir='ltr'><strong>ministerium,</strong></span> <span class='ocrx_word' id='word_1_132' title='bbox 1679 1339 1888 1404; x_wconf 87' lang='lat' dir='ltr'><strong>illudque</strong></span> 
     </span>
     <span class='ocr_line' id='line_1_17' title="bbox 193 1411 1887 1478; baseline 0.001 -20"><span class='ocrx_word' id='word_1_133' title='bbox 193 1421 476 1478; x_wconf 80' lang='lat' dir='ltr'><strong>perpetuum</strong></span> <span class='ocrx_word' id='word_1_134' title='bbox 494 1448 506 1470; x_wconf 89' lang='lat'><strong>.,</strong></span> <span class='ocrx_word' id='word_1_135' title='bbox 539 1422 591 1458; x_wconf 86' lang='lat' dir='ltr'><strong>ut</strong></span> <span class='ocrx_word' id='word_1_136' title='bbox 619 1430 702 1458; x_wconf 86' lang='lat' dir='ltr'><strong>suo</strong></span> <span class='ocrx_word' id='word_1_137' title='bbox 728 1411 829 1459; x_wconf 91' lang='lat' dir='ltr'><strong>loco</strong></span> <span class='ocrx_word' id='word_1_138' title='bbox 849 1412 1142 1460; x_wconf 87' lang='lat' dir='ltr'><strong>ostendimus</strong></span> <span class='ocrx_word' id='word_1_139' title='bbox 1161 1414 1231 1477; x_wconf 74' lang='lat'><strong>(2)</strong></span> <span class='ocrx_word' id='word_1_140' title='bbox 1250 1451 1262 1474; x_wconf 63' lang='lat' dir='ltr'>a</span> <span class='ocrx_word' id='word_1_141' title='bbox 1293 1414 1343 1460; x_wconf 85' lang='lat' dir='ltr'><strong>in</strong></span> <span class='ocrx_word' id='word_1_142' title='bbox 1368 1415 1531 1463; x_wconf 88' lang='lat' dir='ltr'><strong>eadem</strong></span> <span class='ocrx_word' id='word_1_143' title='bbox 1551 1415 1778 1475; x_wconf 77' lang='lat' dir='ltr'><strong>instituit3</strong></span> <span class='ocrx_word' id='word_1_144' title='bbox 1804 1416 1887 1461; x_wconf 87' lang='lat' dir='ltr'><strong>Sa-</strong></span> 
     </span>
     <span class='ocr_line' id='line_1_18' title="bbox 189 1487 1883 1553; baseline 0.001 -18"><span class='ocrx_word' id='word_1_145' title='bbox 189 1496 431 1535; x_wconf 85' lang='lat' dir='ltr'><strong>cramenta</strong></span> <span class='ocrx_word' id='word_1_146' title='bbox 454 1487 684 1552; x_wconf 69' lang='lat' dir='ltr'><strong>denique,</strong></span> <span class='ocrx_word' id='word_1_147' title='bbox 720 1504 823 1552; x_wconf 83' lang='lat' dir='ltr'><strong>quae</strong></span> <span class='ocrx_word' id='word_1_148' title='bbox 853 1497 1008 1535; x_wconf 85' lang='lat' dir='ltr'><strong>essent</strong></span> <span class='ocrx_word' id='word_1_149' title='bbox 1037 1488 1235 1536; x_wconf 87' lang='lat' dir='ltr'><strong>visibilia</strong></span> <span class='ocrx_word' id='word_1_150' title='bbox 1266 1490 1393 1553; x_wconf 80' lang='lat' dir='ltr'><strong>signa</strong></span> <span class='ocrx_word' id='word_1_151' title='bbox 1419 1490 1480 1536; x_wconf 88' lang='lat' dir='ltr'><strong>ad</strong></span> <span class='ocrx_word' id='word_1_152' title='bbox 1509 1491 1803 1537; x_wconf 87' lang='lat' dir='ltr'><strong>sanctitatem</strong></span> <span class='ocrx_word' id='word_1_153' title='bbox 1835 1490 1883 1536; x_wconf 89' lang='lat' dir='ltr'><strong>in</strong></span> 
     </span>
     <span class='ocr_line' id='line_1_19' title="bbox 193 1554 1888 1631; baseline 0.002 -21"><span class='ocrx_word' id='word_1_154' title='bbox 193 1554 462 1612; x_wconf 86' lang='lat' dir='ltr'><strong>hominibus</strong></span> <span class='ocrx_word' id='word_1_155' title='bbox 503 1564 796 1613; x_wconf 85' lang='lat' dir='ltr'><strong>efficiendam</strong></span> <span class='ocrx_word' id='word_1_156' title='bbox 825 1601 837 1624; x_wconf 73' lang='grc'><em>,</em></span> <span class='ocrx_word' id='word_1_157' title='bbox 878 1564 1141 1629; x_wconf 82' lang='lat' dir='ltr'><strong>augendam</strong></span> <span class='ocrx_word' id='word_1_158' title='bbox 1180 1576 1260 1616; x_wconf 83' lang='lat' dir='ltr'><strong>aut</strong></span> <span class='ocrx_word' id='word_1_159' title='bbox 1296 1566 1613 1631; x_wconf 83' lang='lat' dir='ltr'><strong>reparandam</strong></span> <span class='ocrx_word' id='word_1_160' title='bbox 1649 1566 1752 1630; x_wconf 66' lang='lat'><strong>(3),</strong></span> <span class='ocrx_word' id='word_1_161' title='bbox 1792 1583 1888 1613; x_wconf 88' lang='lat' dir='ltr'><strong>esse</strong></span> 
     </span>
     <span class='ocr_line' id='line_1_20' title="bbox 194 1640 1884 1706; baseline 0.001 -18"><span class='ocrx_word' id='word_1_162' title='bbox 194 1640 358 1688; x_wconf 87' lang='lat' dir='ltr'><strong>voluit.</strong></span> <span class='ocrx_word' id='word_1_163' title='bbox 384 1642 678 1706; x_wconf 86' lang='lat' dir='ltr'><strong>Quapropter</strong></span> <span class='ocrx_word' id='word_1_164' title='bbox 697 1640 959 1688; x_wconf 85' lang='lat' dir='ltr'><strong>luculenter</strong></span> <span class='ocrx_word' id='word_1_165' title='bbox 970 1651 1101 1706; x_wconf 87' lang='lat' dir='ltr'><strong>patet</strong></span> <span class='ocrx_word' id='word_1_166' title='bbox 1117 1678 1129 1694; x_wconf 43' lang='lat'><em>2</em></span> <span class='ocrx_word' id='word_1_167' title='bbox 1153 1643 1204 1688; x_wconf 91' lang='lat' dir='ltr'><strong>in</strong></span> <span class='ocrx_word' id='word_1_168' title='bbox 1229 1642 1423 1690; x_wconf 86' lang='lat' dir='ltr'><strong>Ecclesia</strong></span> <span class='ocrx_word' id='word_1_169' title='bbox 1438 1641 1678 1689; x_wconf 86' lang='lat' dir='ltr'><strong>fundanda</strong></span> <span class='ocrx_word' id='word_1_170' title='bbox 1699 1641 1884 1689; x_wconf 84' lang='lat' dir='ltr'><strong>Christo</strong></span> 
     </span>
     <span class='ocr_line' id='line_1_21' title="bbox 193 1716 1886 1783; baseline 0.001 -21"><span class='ocrx_word' id='word_1_171' title='bbox 193 1716 388 1763; x_wconf 87' lang='lat' dir='ltr'><strong>minime</strong></span> <span class='ocrx_word' id='word_1_172' title='bbox 418 1718 706 1782; x_wconf 87' lang='lat' dir='ltr'><strong>propositum</strong></span> <span class='ocrx_word' id='word_1_173' title='bbox 736 1717 903 1776; x_wconf 85' lang='lat' dir='ltr'><strong>fuisse,</strong></span> <span class='ocrx_word' id='word_1_174' title='bbox 940 1718 1204 1765; x_wconf 84' lang='lat' dir='ltr'><strong>societatem</strong></span> <span class='ocrx_word' id='word_1_175' title='bbox 1241 1719 1395 1765; x_wconf 89' lang='lat' dir='ltr'><strong>nescio</strong></span> <span class='ocrx_word' id='word_1_176' title='bbox 1428 1736 1568 1783; x_wconf 89' lang='lat' dir='ltr'><strong>quam</strong></span> <span class='ocrx_word' id='word_1_177' title='bbox 1602 1717 1886 1765; x_wconf 87' lang='lat' dir='ltr'><strong>invisibilem</strong></span> 
     </span>
     <span class='ocr_line' id='line_1_22' title="bbox 193 1794 1885 1860; baseline 0.001 -20"><span class='ocrx_word' id='word_1_178' title='bbox 193 1795 465 1853; x_wconf 78' lang='lat' dir='ltr'><strong>instituere,</strong></span> <span class='ocrx_word' id='word_1_179' title='bbox 500 1794 582 1842; x_wconf 89' lang='lat' dir='ltr'><strong>sed</strong></span> <span class='ocrx_word' id='word_1_180' title='bbox 611 1812 798 1859; x_wconf 87' lang='lat' dir='ltr'><strong>prorsus</strong></span> <span class='ocrx_word' id='word_1_181' title='bbox 834 1794 1064 1842; x_wconf 86' lang='lat' dir='ltr'><strong>visibilem</strong></span> <span class='ocrx_word' id='word_1_182' title='bbox 1097 1813 1198 1842; x_wconf 86' lang='lat' dir='ltr'><strong>eam</strong></span> <span class='ocrx_word' id='word_1_183' title='bbox 1229 1795 1508 1843; x_wconf 84' lang='lat' dir='ltr'><strong>constituere</strong></span> <span class='ocrx_word' id='word_1_184' title='bbox 1534 1794 1730 1842; x_wconf 89' lang='lat' dir='ltr'><strong>voluisse</strong></span> <span class='ocrx_word' id='word_1_185' title='bbox 1753 1832 1764 1853; x_wconf 62' lang='lat' dir='ltr'>a</span> <span class='ocrx_word' id='word_1_186' title='bbox 1800 1812 1885 1860; x_wconf 89' lang='lat' dir='ltr'><strong>per</strong></span> 
     </span>
     <span class='ocr_line' id='line_1_23' title="bbox 192 1871 1886 1936; baseline 0.001 -20"><span class='ocrx_word' id='word_1_187' title='bbox 192 1888 334 1935; x_wconf 86' lang='lat' dir='ltr'><strong>quam</strong></span> <span class='ocrx_word' id='word_1_188' title='bbox 365 1871 517 1935; x_wconf 89' lang='lat' dir='ltr'><strong>potius</strong></span> <span class='ocrx_word' id='word_1_189' title='bbox 546 1880 772 1936; x_wconf 83' lang='lat' dir='ltr'><strong>tanquam</strong></span> <span class='ocrx_word' id='word_1_190' title='bbox 809 1889 893 1936; x_wconf 89' lang='lat' dir='ltr'><strong>per</strong></span> <span class='ocrx_word' id='word_1_191' title='bbox 939 1889 1164 1935; x_wconf 79' lang='lat' dir='ltr'><strong>organum</strong></span> <span class='ocrx_word' id='word_1_192' title='bbox 1206 1881 1253 1919; x_wconf 90' lang='lat' dir='ltr'><strong>et</strong></span> <span class='ocrx_word' id='word_1_193' title='bbox 1288 1872 1658 1919; x_wconf 83' lang='lat' dir='ltr'><strong>instrumentum</strong></span> <span class='ocrx_word' id='word_1_194' title='bbox 1692 1871 1886 1918; x_wconf 82' lang='lat' dir='ltr'><strong>interior</strong></span> 
     </span>
     <span class='ocr_line' id='line_1_24' title="bbox 193 1946 1884 2011; baseline 0.001 -19"><span class='ocrx_word' id='word_1_195' title='bbox 193 1955 240 1992; x_wconf 85' lang='lat' dir='ltr'><strong>et</strong></span> <span class='ocrx_word' id='word_1_196' title='bbox 269 1947 513 1993; x_wconf 84' lang='lat' dir='ltr'><strong>invisibilis</strong></span> <span class='ocrx_word' id='word_1_197' title='bbox 547 1946 892 2008; x_wconf 82' lang='lat' dir='ltr'><strong>efformaretur,</strong></span> <span class='ocrx_word' id='word_1_198' title='bbox 934 1965 1016 1994; x_wconf 92' lang='lat' dir='ltr'><strong>seu</strong></span> <span class='ocrx_word' id='word_1_199' title='bbox 1048 1948 1313 2011; x_wconf 78' lang='lat' dir='ltr'><strong>gigneretur</strong></span> <span class='ocrx_word' id='word_1_200' title='bbox 1351 1948 1569 1995; x_wconf 89' lang='lat' dir='ltr'><strong>sanctitas</strong></span> <span class='ocrx_word' id='word_1_201' title='bbox 1607 1948 1656 1993; x_wconf 89' lang='lat' dir='ltr'><strong>in</strong></span> <span class='ocrx_word' id='word_1_202' title='bbox 1687 1946 1884 1994; x_wconf 81' lang='lat' dir='ltr'><strong>Ecclesia</strong></span> 
     </span>
    </p>
   </div>
   <div class='ocr_carea' id='block_1_4' title="bbox 194 2020 485 2085">
    <p class='ocr_par' dir='ltr' id='par_1_5' title="bbox 194 2020 485 2085">
     <span class='ocr_line' id='line_1_25' title="bbox 194 2020 485 2085; baseline 0 -17"><span class='ocrx_word' id='word_1_203' title='bbox 194 2020 364 2069; x_wconf 68' lang='lat' dir='ltr'><strong>visibili</strong></span> <span class='ocrx_word' id='word_1_204' title='bbox 396 2021 485 2085; x_wconf 78' lang='lat'>(4).</span> 
     </span>
    </p>
   </div>
   <div class='ocr_carea' id='block_1_5' title="bbox 193 2171 1004 2623">
    <p class='ocr_par' dir='ltr' id='par_1_6' title="bbox 247 2171 721 2226">
     <span class='ocr_line' id='line_1_26' title="bbox 247 2171 721 2226; baseline 0 -16"><span class='ocrx_word' id='word_1_205' title='bbox 247 2174 303 2224; x_wconf 85' lang='lat'><strong>(1)</strong></span> <span class='ocrx_word' id='word_1_206' title='bbox 331 2171 414 2211; x_wconf 78' lang='lat' dir='ltr'><strong>Act.</strong></span> <span class='ocrx_word' id='word_1_207' title='bbox 440 2185 495 2220; x_wconf 81' lang='lat'><strong>11,</strong></span> <span class='ocrx_word' id='word_1_208' title='bbox 515 2186 536 2211; x_wconf 85' lang='lat'><strong>2</strong></span> <span class='ocrx_word' id='word_1_209' title='bbox 559 2181 596 2211; x_wconf 89' lang='lat' dir='ltr'><strong>et</strong></span> <span class='ocrx_word' id='word_1_210' title='bbox 620 2187 721 2226; x_wconf 71' lang='lat' dir='ltr'><strong>seqq,</strong></span> 
     </span>
    </p>

    <p class='ocr_par' dir='ltr' id='par_1_7' title="bbox 193 2237 1003 2358">
     <span class='ocr_line' id='line_1_27' title="bbox 249 2237 1003 2291; baseline 0.001 -15"><span class='ocrx_word' id='word_1_211' title='bbox 249 2239 305 2291; x_wconf 66' lang='grc' dir='ltr'><strong>(Ξ)</strong></span> <span class='ocrx_word' id='word_1_212' title='bbox 333 2238 376 2276; x_wconf 84' lang='lat' dir='ltr'><strong>ln</strong></span> <span class='ocrx_word' id='word_1_213' title='bbox 408 2246 513 2277; x_wconf 78' lang='lat' dir='ltr'><strong>tract.</strong></span> <span class='ocrx_word' id='word_1_214' title='bbox 546 2237 607 2277; x_wconf 81' lang='lat' dir='ltr'><strong>De</strong></span> <span class='ocrx_word' id='word_1_215' title='bbox 635 2238 810 2288; x_wconf 78' lang='lat' dir='ltr'><strong>Ordine,</strong></span> <span class='ocrx_word' id='word_1_216' title='bbox 834 2254 874 2277; x_wconf 87' lang='lat' dir='ltr'><strong>n.</strong></span> <span class='ocrx_word' id='word_1_217' title='bbox 898 2237 948 2277; x_wconf 85' lang='lat'><strong>26</strong></span> <span class='ocrx_word' id='word_1_218' title='bbox 968 2248 1003 2278; x_wconf 82' lang='lat' dir='ltr'><strong>et</strong></span> 
     </span>
     <span class='ocr_line' id='line_1_28' title="bbox 193 2304 690 2358; baseline 0.002 -15"><span class='ocrx_word' id='word_1_219' title='bbox 193 2320 301 2358; x_wconf 78' lang='lat' dir='ltr'><strong>seqq.</strong></span> <span class='ocrx_word' id='word_1_220' title='bbox 329 2314 420 2345; x_wconf 76' lang='lat' dir='ltr'><strong>tom.</strong></span> <span class='ocrx_word' id='word_1_221' title='bbox 451 2319 503 2344; x_wconf 83' lang='lat' dir='ltr'><strong>vn</strong></span> <span class='ocrx_word' id='word_1_222' title='bbox 521 2335 530 2352; x_wconf 86' lang='lat'><em>‚</em></span> <span class='ocrx_word' id='word_1_223' title='bbox 555 2319 594 2356; x_wconf 86' lang='lat' dir='ltr'><strong>p.</strong></span> <span class='ocrx_word' id='word_1_224' title='bbox 625 2304 690 2344; x_wconf 85' lang='lat'><strong>85.</strong></span> 
     </span>
    </p>

    <p class='ocr_par' dir='ltr' id='par_1_8' title="bbox 193 2370 1004 2493">
     <span class='ocr_line' id='line_1_29' title="bbox 250 2370 1004 2423; baseline 0 -13"><span class='ocrx_word' id='word_1_225' title='bbox 250 2372 304 2423; x_wconf 90' lang='grc'><strong>(3)</strong></span> <span class='ocrx_word' id='word_1_226' title='bbox 333 2372 397 2410; x_wconf 83' lang='lat' dir='ltr'><strong>Cfr</strong></span> <span class='ocrx_word' id='word_1_227' title='bbox 431 2380 537 2410; x_wconf 78' lang='lat' dir='ltr'><strong>tract.</strong></span> <span class='ocrx_word' id='word_1_228' title='bbox 562 2370 812 2410; x_wconf 77' lang='lat' dir='ltr'><strong>DeSacram.</strong></span> <span class='ocrx_word' id='word_1_229' title='bbox 831 2372 875 2408; x_wconf 80' lang='lat' dir='ltr'><strong>in</strong></span> <span class='ocrx_word' id='word_1_230' title='bbox 893 2384 1004 2421; x_wconf 78' lang='lat' dir='ltr'><strong>qene-</strong></span> 
     </span>
     <span class='ocr_line' id='line_1_30' title="bbox 193 2440 892 2493; baseline 0.004 -18"><span class='ocrx_word' id='word_1_231' title='bbox 193 2452 232 2476; x_wconf 84' lang='lat' dir='ltr'><strong>re</strong></span> <span class='ocrx_word' id='word_1_232' title='bbox 248 2468 258 2486; x_wconf 89' lang='lat'>‚</span> <span class='ocrx_word' id='word_1_233' title='bbox 278 2454 318 2477; x_wconf 89' lang='lat' dir='ltr'><strong>n.</strong></span> <span class='ocrx_word' id='word_1_234' title='bbox 352 2453 365 2477; x_wconf 82' lang='grc'>1</span> <span class='ocrx_word' id='word_1_235' title='bbox 397 2449 431 2479; x_wconf 85' lang='lat' dir='ltr'><strong>et</strong></span> <span class='ocrx_word' id='word_1_236' title='bbox 448 2455 550 2493; x_wconf 88' lang='lat' dir='ltr'><strong>seqq.</strong></span> <span class='ocrx_word' id='word_1_237' title='bbox 571 2449 700 2479; x_wconf 75' lang='lat' dir='ltr'><strong>tom.v</strong></span> <span class='ocrx_word' id='word_1_238' title='bbox 715 2470 725 2487; x_wconf 87' lang='lat'><strong>‚</strong></span> <span class='ocrx_word' id='word_1_239' title='bbox 741 2453 778 2491; x_wconf 83' lang='lat' dir='ltr'><strong>p.</strong></span> <span class='ocrx_word' id='word_1_240' title='bbox 799 2440 892 2479; x_wconf 80' lang='lat'><strong>301.</strong></span> 
     </span>
    </p>

    <p class='ocr_par' dir='ltr' id='par_1_9' title="bbox 193 2503 1001 2623">
     <span class='ocr_line' id='line_1_31' title="bbox 248 2503 1001 2557; baseline 0.004 -16"><span class='ocrx_word' id='word_1_241' title='bbox 248 2505 297 2554; x_wconf 67' lang='lat' dir='ltr'><strong>(la)</strong></span> <span class='ocrx_word' id='word_1_242' title='bbox 327 2503 427 2543; x_wconf 87' lang='lat' dir='ltr'><strong>Hine</strong></span> <span class='ocrx_word' id='word_1_243' title='bbox 452 2508 588 2557; x_wconf 78' lang='lat' dir='ltr'><strong>optime</strong></span> <span class='ocrx_word' id='word_1_244' title='bbox 615 2505 804 2553; x_wconf 64' lang='lat' dir='ltr'><strong>moehler,</strong></span> <span class='ocrx_word' id='word_1_245' title='bbox 843 2519 904 2556; x_wconf 88' lang='lat' dir='ltr'><strong>op.</strong></span> <span class='ocrx_word' id='word_1_246' title='bbox 939 2507 1001 2544; x_wconf 84' lang='lat' dir='ltr'><strong>cit.</strong></span> 
     </span>
     <span class='ocr_line' id='line_1_32' title="bbox 193 2569 1001 2623; baseline -0.001 -14"><span class='ocrx_word' id='word_1_247' title='bbox 193 2570 215 2623; x_wconf 59' lang='grc' dir='ltr'><strong>ἓ</strong></span> <span class='ocrx_word' id='word_1_248' title='bbox 240 2570 288 2622; x_wconf 86' lang='grc'><strong>37</strong></span> <span class='ocrx_word' id='word_1_249' title='bbox 315 2569 416 2608; x_wconf 73' lang='lat' dir='ltr'><strong>:Les</strong></span> <span class='ocrx_word' id='word_1_250' title='bbox 441 2578 582 2623; x_wconf 74' lang='lat' dir='ltr'><strong>temps,</strong></span> <span class='ocrx_word' id='word_1_251' title='bbox 607 2572 754 2622; x_wconf 81' lang='lat' dir='ltr'><strong>inquit,</strong></span> <span class='ocrx_word' id='word_1_252' title='bbox 785 2571 926 2608; x_wconf 71' lang='lat' dir='ltr'><strong>etaient</strong></span> <span class='ocrx_word' id='word_1_253' title='bbox 939 2584 1001 2608; x_wconf 84' lang='lat' dir='ltr'><strong>ac-</strong></span> 
     </span>
    </p>
   </div>
   <div class='ocr_carea' id='block_1_6' title="bbox 192 2634 1034 2688">
    <p class='ocr_par' dir='ltr' id='par_1_10' title="bbox 192 2634 1034 2688">
     <span class='ocr_line' id='line_1_33' title="bbox 192 2634 1034 2688; baseline 0 -14"><span class='ocrx_word' id='word_1_254' title='bbox 192 2634 354 2688; x_wconf 72' lang='lat' dir='ltr'><strong>complis</strong></span> <span class='ocrx_word' id='word_1_255' title='bbox 366 2663 378 2683; x_wconf 89' lang='lat'>‚</span> <span class='ocrx_word' id='word_1_256' title='bbox 408 2634 705 2687; x_wconf 71' lang='lat' dir='ltr'><strong>l’Esprit-Sat&#39;nt</strong></span> <span class='ocrx_word' id='word_1_257' title='bbox 724 2649 762 2673; x_wconf 81' lang='lat' dir='ltr'><strong>se</strong></span> <span class='ocrx_word' id='word_1_258' title='bbox 782 2637 1003 2674; x_wconf 78' lang='lat' dir='ltr'><strong>communi·</strong></span> <span class='ocrx_word' id='word_1_259' title='bbox 1028 2649 1034 2657; x_wconf 91' lang='grc'><strong><em>’</em></strong></span> 
     </span>
    </p>
   </div>
   <div class='ocr_carea' id='block_1_7' title="bbox 188 2701 1010 3080">
    <p class='ocr_par' dir='ltr' id='par_1_11' title="bbox 188 2701 1010 3080">
     <span class='ocr_line' id='line_1_34' title="bbox 192 2701 1003 2753; baseline 0 -15"><span class='ocrx_word' id='word_1_260' title='bbox 192 2714 263 2753; x_wconf 83' lang='lat' dir='ltr'><strong>que</strong></span> <span class='ocrx_word' id='word_1_261' title='bbox 288 2713 367 2739; x_wconf 74' lang='lat' dir='ltr'><strong>aux</strong></span> <span class='ocrx_word' id='word_1_262' title='bbox 391 2701 538 2753; x_wconf 69' lang='lat' dir='ltr'><strong>apocres</strong></span> <span class='ocrx_word' id='word_1_263' title='bbox 562 2707 598 2739; x_wconf 79' lang='lat' dir='ltr'><strong>et</strong></span> <span class='ocrx_word' id='word_1_264' title='bbox 627 2714 706 2739; x_wconf 75' lang='lat' dir='ltr'><strong>aux</strong></span> <span class='ocrx_word' id='word_1_265' title='bbox 735 2708 862 2739; x_wconf 76' lang='lat' dir='ltr'><strong>autres</strong></span> <span class='ocrx_word' id='word_1_266' title='bbox 882 2701 1003 2739; x_wconf 77' lang='lat' dir='ltr'><strong>disci-</strong></span> 
     </span>
     <span class='ocr_line' id='line_1_35' title="bbox 188 2765 1008 2819; baseline 0.001 -16"><span class='ocrx_word' id='word_1_267' title='bbox 188 2765 273 2819; x_wconf 77' lang='lat' dir='ltr'><strong>ples</strong></span> <span class='ocrx_word' id='word_1_268' title='bbox 294 2765 348 2803; x_wconf 85' lang='lat' dir='ltr'><strong>du</strong></span> <span class='ocrx_word' id='word_1_269' title='bbox 371 2766 560 2805; x_wconf 76' lang='lat' dir='ltr'><strong>Saaveur.</strong></span> <span class='ocrx_word' id='word_1_270' title='bbox 582 2765 750 2819; x_wconf 81' lang='lat' dir='ltr'><strong>Lorsque</strong></span> <span class='ocrx_word' id='word_1_271' title='bbox 771 2766 804 2805; x_wconf 84' lang='lat' dir='ltr'><strong>Ie</strong></span> <span class='ocrx_word' id='word_1_272' title='bbox 828 2767 1008 2806; x_wconf 79' lang='lat' dir='ltr'><strong>Paraclet</strong></span> 
     </span>
     <span class='ocr_line' id='line_1_36' title="bbox 197 2831 1008 2885; baseline 0.001 -17"><span class='ocrx_word' id='word_1_273' title='bbox 197 2831 391 2869; x_wconf 75' lang='lat' dir='ltr'><strong>descendit</strong></span> <span class='ocrx_word' id='word_1_274' title='bbox 412 2845 480 2870; x_wconf 86' lang='lat' dir='ltr'><strong>sur</strong></span> <span class='ocrx_word' id='word_1_275' title='bbox 496 2845 571 2870; x_wconf 70' lang='lat' dir='ltr'><strong>eux</strong></span> <span class='ocrx_word' id='word_1_276' title='bbox 590 2861 605 2878; x_wconf 91' lang='lat'><em>,</em></span> <span class='ocrx_word' id='word_1_277' title='bbox 622 2832 671 2870; x_wconf 73' lang='lat' dir='ltr'><strong>ile</strong></span> <span class='ocrx_word' id='word_1_278' title='bbox 695 2832 876 2871; x_wconf 69' lang='lat' dir='ltr'><strong>‘n&#39;etaient</strong></span> <span class='ocrx_word' id='word_1_279' title='bbox 892 2834 1008 2885; x_wconf 76' lang='lat' dir='ltr'><strong>point</strong></span> 
     </span>
     <span class='ocr_line' id='line_1_37' title="bbox 197 2896 1007 2949; baseline 0.002 -15"><span class='ocrx_word' id='word_1_280' title='bbox 197 2896 384 2949; x_wconf 67' lang='lat' dir='ltr'><strong>disperses</strong></span> <span class='ocrx_word' id='word_1_281' title='bbox 399 2927 410 2945; x_wconf 89' lang='lat'>,</span> <span class='ocrx_word' id='word_1_282' title='bbox 436 2899 536 2935; x_wconf 72' lang='lat' dir='ltr'><strong>maie</strong></span> <span class='ocrx_word' id='word_1_283' title='bbox 555 2899 688 2936; x_wconf 64' lang='lat' dir='ltr'><strong>reunia</strong></span> <span class='ocrx_word' id='word_1_284' title='bbox 704 2897 802 2935; x_wconf 78' lang='lat' dir='ltr'><strong>dam</strong></span> <span class='ocrx_word' id='word_1_285' title='bbox 819 2910 876 2935; x_wconf 75' lang='lat' dir='ltr'><strong>un</strong></span> <span class='ocrx_word' id='word_1_286' title='bbox 889 2900 1007 2936; x_wconf 65' lang='lat' dir='ltr'><strong>meme</strong></span> 
     </span>
     <span class='ocr_line' id='line_1_38' title="bbox 195 2962 1010 3015; baseline 0.001 -16"><span class='ocrx_word' id='word_1_287' title='bbox 195 2962 277 3000; x_wconf 83' lang='lat' dir='ltr'><strong>lieu</strong></span> <span class='ocrx_word' id='word_1_288' title='bbox 291 2993 301 3011; x_wconf 80' lang='lat'>‚</span> <span class='ocrx_word' id='word_1_289' title='bbox 323 2971 361 3001; x_wconf 81' lang='lat' dir='ltr'><strong>et</strong></span> <span class='ocrx_word' id='word_1_290' title='bbox 374 2976 421 3002; x_wconf 79' lang='lat' dir='ltr'><strong>no</strong></span> <span class='ocrx_word' id='word_1_291' title='bbox 439 2963 614 3014; x_wconf 77' lang='lat' dir='ltr'><strong>formant</strong></span> <span class='ocrx_word' id='word_1_292' title='bbox 630 2964 749 3015; x_wconf 78' lang='lat' dir='ltr'><strong>qu&#39;uu</strong></span> <span class='ocrx_word' id='word_1_293' title='bbox 771 2964 891 3003; x_wconf 64' lang='lat' dir='ltr'><strong>meme</strong></span> <span class='ocrx_word' id='word_1_294' title='bbox 906 2976 1010 3002; x_wconf 85' lang='lat' dir='ltr'><strong>caeur</strong></span> 
     </span>
     <span class='ocr_line' id='line_1_39' title="bbox 200 3026 1009 3080; baseline 0 -14"><span class='ocrx_word' id='word_1_295' title='bbox 200 3027 493 3080; x_wconf 42' lang='lat' dir='ltr'><strong>(o‘pcossvpmdo‘rk</strong></span> <span class='ocrx_word' id='word_1_296' title='bbox 513 3028 544 3069; x_wconf 71' lang='lat' dir='ltr'><strong>il</strong></span> <span class='ocrx_word' id='word_1_297' title='bbox 574 3028 658 3068; x_wconf 80' lang='lat' dir='ltr'><strong>leur</strong></span> <span class='ocrx_word' id='word_1_298' title='bbox 683 3026 790 3068; x_wconf 57' lang='lat' dir='ltr'><strong>avait</strong></span> <span class='ocrx_word' id='word_1_299' title='bbox 809 3030 929 3067; x_wconf 55' lang='lat' dir='ltr'><strong>meme</strong></span> <span class='ocrx_word' id='word_1_300' title='bbox 954 3031 1009 3067; x_wconf 70' lang='grc' dir='ltr'><strong>έίἐ</strong></span> 
     </span>
    </p>
   </div>
   <div class='ocr_carea' id='block_1_8' title="bbox 1063 2174 1883 3014">
    <p class='ocr_par' dir='ltr' id='par_1_12' title="bbox 1063 2174 1883 3014">
     <span class='ocr_line' id='line_1_40' title="bbox 1065 2174 1882 2227; baseline 0 -14"><span class='ocrx_word' id='word_1_301' title='bbox 1065 2175 1345 2227; x_wconf 79' lang='lat' dir='ltr'><strong>formellement</strong></span> <span class='ocrx_word' id='word_1_302' title='bbox 1391 2174 1558 2213; x_wconf 63' lang='lat' dir='ltr'><strong>ordonna</strong></span> <span class='ocrx_word' id='word_1_303' title='bbox 1603 2174 1816 2213; x_wconf 76' lang='lat' dir='ltr'><strong>d’attendre</strong></span> <span class='ocrx_word' id='word_1_304' title='bbox 1851 2174 1882 2213; x_wconf 84' lang='lat' dir='ltr'><strong>Ie</strong></span> 
     </span>
     <span class='ocr_line' id='line_1_41' title="bbox 1068 2238 1881 2292; baseline -0.002 -13"><span class='ocrx_word' id='word_1_305' title='bbox 1068 2238 1356 2292; x_wconf 75' lang='lat' dir='ltr'><strong>Saint-Esprit</strong></span> <span class='ocrx_word' id='word_1_306' title='bbox 1380 2241 1406 2279; x_wconf 83' lang='grc' dir='ltr'><em>ὰ</em></span> <span class='ocrx_word' id='word_1_307' title='bbox 1435 2239 1665 2279; x_wconf 62' lang='lat' dir='ltr'><strong>Jerusalem.</strong></span> <span class='ocrx_word' id='word_1_308' title='bbox 1690 2238 1748 2278; x_wconf 84' lang='lat' dir='ltr'><strong>De</strong></span> <span class='ocrx_word' id='word_1_309' title='bbox 1761 2238 1854 2292; x_wconf 79' lang='lat' dir='ltr'><strong>plus</strong></span> <span class='ocrx_word' id='word_1_310' title='bbox 1871 2270 1881 2286; x_wconf 88' lang='lat'>‚</span> 
     </span>
     <span class='ocr_line' id='line_1_42' title="bbox 1068 2306 1880 2359; baseline -0.002 -14"><span class='ocrx_word' id='word_1_311' title='bbox 1068 2306 1244 2359; x_wconf 76' lang='lat' dir='ltr'><strong>l’Espric</strong></span> <span class='ocrx_word' id='word_1_312' title='bbox 1276 2306 1389 2345; x_wconf 75' lang='lat' dir='ltr'><strong>divin</strong></span> <span class='ocrx_word' id='word_1_313' title='bbox 1411 2307 1498 2358; x_wconf 79' lang='lat' dir='ltr'><strong>prit</strong></span> <span class='ocrx_word' id='word_1_314' title='bbox 1527 2319 1605 2344; x_wconf 79' lang='lat' dir='ltr'><strong>une</strong></span> <span class='ocrx_word' id='word_1_315' title='bbox 1628 2306 1751 2358; x_wconf 79' lang='lat' dir='ltr'><strong>forme</strong></span> <span class='ocrx_word' id='word_1_316' title='bbox 1782 2308 1880 2343; x_wconf 69' lang='lat' dir='ltr'><strong>exte}-</strong></span> 
     </span>
     <span class='ocr_line' id='line_1_43' title="bbox 1067 2370 1877 2423; baseline -0.001 -13"><span class='ocrx_word' id='word_1_317' title='bbox 1067 2373 1220 2418; x_wconf 78' lang='lat' dir='ltr'><strong>rieure,</strong></span> <span class='ocrx_word' id='word_1_318' title='bbox 1254 2371 1291 2409; x_wconf 84' lang='lat' dir='ltr'><strong>la</strong></span> <span class='ocrx_word' id='word_1_319' title='bbox 1316 2372 1439 2423; x_wconf 83' lang='lat' dir='ltr'><strong>forme</strong></span> <span class='ocrx_word' id='word_1_320' title='bbox 1472 2370 1518 2410; x_wconf 85' lang='lat' dir='ltr'><strong>de</strong></span> <span class='ocrx_word' id='word_1_321' title='bbox 1546 2370 1685 2422; x_wconf 67' lang='lat' dir='ltr'><strong>lamque</strong></span> <span class='ocrx_word' id='word_1_322' title='bbox 1718 2370 1763 2409; x_wconf 82' lang='lat' dir='ltr'><strong>de</strong></span> <span class='ocrx_word' id='word_1_323' title='bbox 1783 2371 1877 2421; x_wconf 78' lang='lat' dir='ltr'><strong>seu,</strong></span> 
     </span>
     <span class='ocr_line' id='line_1_44' title="bbox 1067 2436 1881 2490; baseline -0.001 -14"><span class='ocrx_word' id='word_1_324' title='bbox 1067 2436 1230 2490; x_wconf 76' lang='lat' dir='ltr'><strong>symbole</strong></span> <span class='ocrx_word' id='word_1_325' title='bbox 1264 2437 1309 2475; x_wconf 82' lang='lat' dir='ltr'><strong>de</strong></span> <span class='ocrx_word' id='word_1_326' title='bbox 1338 2450 1382 2475; x_wconf 79' lang='lat' dir='ltr'><strong>sa</strong></span> <span class='ocrx_word' id='word_1_327' title='bbox 1411 2443 1521 2475; x_wconf 73' lang='lat' dir='ltr'><strong>verm</strong></span> <span class='ocrx_word' id='word_1_328' title='bbox 1549 2439 1620 2489; x_wconf 80' lang='lat' dir='ltr'><strong>qui</strong></span> <span class='ocrx_word' id='word_1_329' title='bbox 1651 2438 1798 2489; x_wconf 74' lang='lat' dir='ltr'><strong>purifie</strong></span> <span class='ocrx_word' id='word_1_330' title='bbox 1828 2436 1881 2475; x_wconf 70' lang='lat' dir='ltr'><strong>lea</strong></span> 
     </span>
     <span class='ocr_line' id='line_1_45' title="bbox 1067 2502 1879 2542; baseline -0.005 0"><span class='ocrx_word' id='word_1_331' title='bbox 1067 2516 1188 2542; x_wconf 70' lang='lat' dir='ltr'><strong>caeurs</strong></span> <span class='ocrx_word' id='word_1_332' title='bbox 1199 2502 1244 2540; x_wconf 84' lang='lat' dir='ltr'><strong>de</strong></span> <span class='ocrx_word' id='word_1_333' title='bbox 1267 2509 1366 2541; x_wconf 77' lang='lat' dir='ltr'><strong>toute</strong></span> <span class='ocrx_word' id='word_1_334' title='bbox 1380 2503 1519 2542; x_wconf 74' lang='lat' dir='ltr'><strong>malie-e</strong></span> <span class='ocrx_word' id='word_1_335' title='bbox 1531 2509 1567 2541; x_wconf 81' lang='lat' dir='ltr'><strong>et</strong></span> <span class='ocrx_word' id='word_1_336' title='bbox 1577 2503 1629 2541; x_wconf 70' lang='lat' dir='ltr'><strong>les</strong></span> <span class='ocrx_word' id='word_1_337' title='bbox 1640 2505 1770 2541; x_wconf 62' lang='lat' dir='ltr'><strong>rhun—it</strong></span> <span class='ocrx_word' id='word_1_338' title='bbox 1781 2502 1879 2540; x_wconf 80' lang='lat' dir='ltr'><strong>dam</strong></span> 
     </span>
     <span class='ocr_line' id='line_1_46' title="bbox 1067 2566 1879 2621; baseline -0.002 -16"><span class='ocrx_word' id='word_1_339' title='bbox 1067 2568 1240 2606; x_wconf 84' lang='lat' dir='ltr'><strong>l&#39;amour.</strong></span> <span class='ocrx_word' id='word_1_340' title='bbox 1257 2568 1305 2605; x_wconf 87' lang='lat' dir='ltr'><strong>Il</strong></span> <span class='ocrx_word' id='word_1_341' title='bbox 1322 2582 1371 2606; x_wconf 79' lang='lat' dir='ltr'><strong>ne</strong></span> <span class='ocrx_word' id='word_1_342' title='bbox 1393 2569 1524 2608; x_wconf 80' lang='lat' dir='ltr'><strong>voulut</strong></span> <span class='ocrx_word' id='word_1_343' title='bbox 1539 2582 1613 2621; x_wconf 78' lang='lat' dir='ltr'><strong>pas</strong></span> <span class='ocrx_word' id='word_1_344' title='bbox 1640 2570 1752 2608; x_wconf 77' lang='lat' dir='ltr'><strong>venir</strong></span> <span class='ocrx_word' id='word_1_345' title='bbox 1765 2566 1879 2604; x_wconf 78' lang='lat' dir='ltr'><strong>d’une</strong></span> 
     </span>
     <span class='ocr_line' id='line_1_47' title="bbox 1068 2633 1883 2681; baseline -0.001 -10"><span class='ocrx_word' id='word_1_346' title='bbox 1068 2633 1245 2672; x_wconf 66' lang='lat' dir='ltr'><strong>muniere</strong></span> <span class='ocrx_word' id='word_1_347' title='bbox 1265 2633 1470 2673; x_wconf 77' lang='lat' dir='ltr'><strong>seulement</strong></span> <span class='ocrx_word' id='word_1_348' title='bbox 1493 2636 1699 2673; x_wconf 57' lang='lat' dir='ltr'><strong>interieure</strong></span> <span class='ocrx_word' id='word_1_349' title='bbox 1711 2658 1725 2681; x_wconf 89' lang='lat'><strong>,</strong></span> <span class='ocrx_word' id='word_1_350' title='bbox 1743 2645 1883 2670; x_wconf 83' lang='lat' dir='ltr'><strong>comme</strong></span> 
     </span>
     <span class='ocr_line' id='line_1_48' title="bbox 1063 2696 1882 2753; baseline -0.006 -15"><span class='ocrx_word' id='word_1_351' title='bbox 1063 2713 1167 2752; x_wconf 79' lang='lat' dir='ltr'><strong>pour</strong></span> <span class='ocrx_word' id='word_1_352' title='bbox 1195 2700 1368 2753; x_wconf 79' lang='lat' dir='ltr'><strong>affermir</strong></span> <span class='ocrx_word' id='word_1_353' title='bbox 1398 2713 1475 2738; x_wconf 82' lang='lat' dir='ltr'><strong>une</strong></span> <span class='ocrx_word' id='word_1_354' title='bbox 1503 2702 1636 2746; x_wconf 72' lang='grc' dir='ltr'><em>εορίἑιέ</em></span> <span class='ocrx_word' id='word_1_355' title='bbox 1663 2696 1845 2735; x_wconf 70' lang='lat' dir='ltr'><strong>invisible</strong></span> <span class='ocrx_word' id='word_1_356' title='bbox 1865 2712 1882 2743; x_wconf 82' lang='lat'><strong>,-</strong></span> 
     </span>
     <span class='ocr_line' id='line_1_49' title="bbox 1068 2762 1882 2817; baseline -0.004 -15"><span class='ocrx_word' id='word_1_357' title='bbox 1068 2766 1169 2803; x_wconf 79' lang='lat' dir='ltr'><strong>mais</strong></span> <span class='ocrx_word' id='word_1_358' title='bbox 1184 2766 1228 2804; x_wconf 84' lang='lat' dir='ltr'><strong>de</strong></span> <span class='ocrx_word' id='word_1_359' title='bbox 1248 2766 1367 2815; x_wconf 62' lang='lat' dir='ltr'><strong>meme</strong></span> <span class='ocrx_word' id='word_1_360' title='bbox 1385 2779 1456 2817; x_wconf 80' lang='lat' dir='ltr'><strong>que</strong></span> <span class='ocrx_word' id='word_1_361' title='bbox 1474 2764 1507 2803; x_wconf 81' lang='lat' dir='ltr'><strong>le</strong></span> <span class='ocrx_word' id='word_1_362' title='bbox 1527 2763 1572 2801; x_wconf 90' lang='lat' dir='ltr'><em>V</em></span> <span class='ocrx_word' id='word_1_363' title='bbox 1568 2763 1652 2802; x_wconf 76' lang='lat' dir='ltr'><strong>erbe</strong></span> <span class='ocrx_word' id='word_1_364' title='bbox 1665 2762 1790 2800; x_wconf 56' lang='lat' dir='ltr'><strong>dez-tait</strong></span> <span class='ocrx_word' id='word_1_365' title='bbox 1802 2762 1882 2813; x_wconf 76' lang='lat' dir='ltr'><strong>fait</strong></span> 
     </span>
     <span class='ocr_line' id='line_1_50' title="bbox 1068 2825 1883 2885; baseline -0.005 -16"><span class='ocrx_word' id='word_1_366' title='bbox 1068 2830 1180 2869; x_wconf 76' lang='lat' dir='ltr'><strong>chair</strong></span> <span class='ocrx_word' id='word_1_367' title='bbox 1194 2862 1204 2880; x_wconf 87' lang='lat'>‚</span> <span class='ocrx_word' id='word_1_368' title='bbox 1228 2830 1394 2885; x_wconf 72' lang='lat' dir='ltr'><strong>l’Esprit</strong></span> <span class='ocrx_word' id='word_1_369' title='bbox 1416 2832 1499 2868; x_wconf 80' lang='lat' dir='ltr'><strong>vim</strong></span> <span class='ocrx_word' id='word_1_370' title='bbox 1524 2829 1548 2867; x_wconf 83' lang='grc' dir='ltr'>ὰ</span> <span class='ocrx_word' id='word_1_371' title='bbox 1566 2841 1635 2866; x_wconf 78' lang='lat' dir='ltr'><strong>son</strong></span> <span class='ocrx_word' id='word_1_372' title='bbox 1658 2833 1744 2866; x_wconf 81' lang='lat' dir='ltr'><strong>tour</strong></span> <span class='ocrx_word' id='word_1_373' title='bbox 1767 2825 1883 2865; x_wconf 80' lang='lat' dir='ltr'><strong>d&#39;une</strong></span> 
     </span>
     <span class='ocr_line' id='line_1_51' title="bbox 1070 2894 1881 2942; baseline -0.005 -8"><span class='ocrx_word' id='word_1_374' title='bbox 1070 2898 1241 2936; x_wconf 63' lang='lat' dir='ltr'><strong>muniere</strong></span> <span class='ocrx_word' id='word_1_375' title='bbox 1264 2894 1463 2936; x_wconf 69' lang='lat' dir='ltr'><strong>accessible</strong></span> <span class='ocrx_word' id='word_1_376' title='bbox 1492 2907 1571 2932; x_wconf 73' lang='lat' dir='ltr'><strong>aua:</strong></span> <span class='ocrx_word' id='word_1_377' title='bbox 1598 2906 1682 2932; x_wconf 73' lang='lat' dir='ltr'><strong>sens</strong></span> <span class='ocrx_word' id='word_1_378' title='bbox 1701 2922 1711 2942; x_wconf 84' lang='lat'>‚</span> <span class='ocrx_word' id='word_1_379' title='bbox 1735 2906 1881 2931; x_wconf 82' lang='lat' dir='ltr'><strong>accom-</strong></span> 
     </span>
     <span class='ocr_line' id='line_1_52' title="bbox 1064 2956 1883 3014; baseline -0.005 -14"><span class='ocrx_word' id='word_1_380' title='bbox 1064 2965 1195 3014; x_wconf 71' lang='lat' dir='ltr'><strong>payne</strong></span> <span class='ocrx_word' id='word_1_381' title='bbox 1225 2961 1320 3000; x_wconf 77' lang='lat' dir='ltr'><strong>d’un</strong></span> <span class='ocrx_word' id='word_1_382' title='bbox 1347 2959 1473 3012; x_wconf 78' lang='lat' dir='ltr'><strong>qrand</strong></span> <span class='ocrx_word' id='word_1_383' title='bbox 1507 2959 1635 3007; x_wconf 79' lang='lat' dir='ltr'><strong>bruit,</strong></span> <span class='ocrx_word' id='word_1_384' title='bbox 1680 2956 1883 2997; x_wconf 71' lang='lat' dir='ltr'><strong>semblable</strong></span> 
     </span>
    </p>
   </div>
   <div class='ocr_carea' id='block_1_9' title="bbox 1073 3027 1533 3078">
    <p class='ocr_par' dir='ltr' id='par_1_13' title="bbox 1073 3027 1533 3078">
     <span class='ocr_line' id='line_1_53' title="bbox 1073 3027 1533 3078; baseline -0.002 -13"><span class='ocrx_word' id='word_1_385' title='bbox 1073 3027 1098 3065; x_wconf 85' lang='grc' dir='ltr'>ὰ</span> <span class='ocrx_word' id='word_1_386' title='bbox 1122 3041 1177 3066; x_wconf 78' lang='lat' dir='ltr'><strong>un</strong></span> <span class='ocrx_word' id='word_1_387' title='bbox 1195 3034 1282 3067; x_wconf 75' lang='lat' dir='ltr'><strong>vent</strong></span> <span class='ocrx_word' id='word_1_388' title='bbox 1298 3028 1533 3078; x_wconf 68' lang='lat' dir='ltr'><strong>impetuosum.</strong></span> 
     </span>
    </p>
   </div>
  </div>
 </body>
</html>
