2028 3354
457 191 583 237 mar.
623 191 656 219 1.
692 190 814 234 sac'r.
838 189 888 219 11.
929 189 983 218 ns
1009 188 1196 218 nonime
1219 188 1466 219 pow‘mrxcn.
1739 173 1837 220 295

131 314 298 351 notum
324 323 463 370 porro
493 312 580 359 est,
601 302 714 368 quid
735 301 970 350 catholicis
993 304 1042 348 in
1064 302 1241 350 ditione
1270 303 1541 369 Principum
1569 312 1834 369 protestan-

132 383 249 428 tium
276 381 362 428 hac
381 381 439 429 de
460 397 594 427 causa
614 381 825 428 evenerit
840 416 853 439 ,
886 388 1002 444 quot
1024 380 1348 427 vexationibus
1367 379 1673 443 subjiciantur
1687 417 1699 440 a
1723 390 1838 446 quot

132 458 345 505 oriantur
362 456 570 504 dissidia.
594 457 690 503 Hac
711 457 891 503 ratione
911 456 1106 502 istorum
1121 456 1390 521 Principum
1408 458 1721 522 patrocinium
1740 475 1837 505 non

130 533 274 581 semel
306 534 506 582 vertitur
531 534 581 579 in
613 542 829 597 apertum
858 549 998 596 super
1026 532 1275 579 Ecclesiam
1306 532 1602 580 dominatum
1620 572 1631 594 a
1668 533 1835 582 alicubi

134 627 244 656 vero
276 611 324 656 in
359 611 595 674 vigentem
627 610 1018 674 persecutionem.

195 686 307 733 442.
351 688 419 734 Ad
450 687 515 733 4¹¹¹
536 723 548 747 ,
580 688 706 734 Dist.
752 689 818 732 Ita
851 693 904 730 ut
929 684 1075 748 possit
1104 684 1191 730 alia
1224 684 1430 748 legitima
1463 686 1644 734 ratione
1676 688 1839 753 reipu-

127 761 262 810 blicae
288 762 414 810 bono
438 763 639 829 prospici
657 798 669 820 7
702 777 866 815 conc.,·
892 760 955 806 ita
986 769 1039 806 ut
1060 759 1148 807 alia
1168 761 1242 808 via
1264 779 1361 807 non
1386 771 1607 827 suppetat
1623 800 1635 821 7
1660 781 1762 826 neq.
1791 764 1837 811 Si

128 838 255 885 enim
293 857 423 886 casus
452 839 526 885 hic
554 838 875 900 contingeret„
902 837 952 882 in
985 837 1182 900 negotiis
1208 839 1471 903 praesertim
1502 839 1687 900 mixtis,
1727 857 1839 904 pos-

127 923 233 961 sent
264 915 501 980 Principes
534 912 762 976 ejusmodi
796 914 1096 960 incommoda
1127 916 1264 961 Rom.
1304 915 1517 962 Pontifici
1542 916 1832 981 patefacere,

127 991 208 1055 qui
240 1009 324 1056 pro
353 1009 435 1038 sua
462 991 514 1037 in
543 990 724 1037 bonum
765 990 1028 1038 universale
1057 990 1405 1051 sollicitudine7
1440 993 1478 1039 si
1512 1010 1615 1040 rem
1645 993 1711 1039 ita
1737 1010 1837 1040 esse

129 1069 407 1132 compererit
429 1104 441 1127 7
472 1067 636 1132 procul
664 1067 806 1114 dubio
836 1068 1097 1114 sanctiones
1126 1068 1454 1116 ecclesiasticas
1472 1106 1484 1129 7
1512 1069 1594 1116 ubi
1612 1069 1660 1116 id
1684 1087 1840 1136 posce-

127 1151 236 1190 rent
265 1160 426 1190 rerum
468 1143 718 1205 adjuncta,
760 1153 841 1191 aut
874 1143 1009 1191 tollet
1059 1154 1140 1191 aut
1177 1144 1443 1209 mitigabit,
1476 1156 1619 1211 prout
1652 1163 1839 1212 semper

127 1220 345 1284 praestitit
368 1221 412 1267 S.
433 1220 574 1267 Sedes
590 1256 603 1278 a
632 1221 745 1284 quin
775 1238 891 1285 opus
911 1221 971 1267 sit
995 1220 1257 1269 indebitam
1282 1221 1370 1268 sibi
1393 1240 1609 1286 arrogare
1638 1225 1835 1270 auctori-

125 1304 298 1356 tatem,
331 1306 382 1342 ut
415 1295 548 1343 aulici
568 1296 880 1344 contendunt.

190 1372 303 1419 443.
344 1374 371 1420 J
378 1373 530 1421 uverit
557 1373 884 1438 gravissimum
910 1373 999 1420 hoc
1020 1384 1351 1438 argumentum
1384 1374 1628 1425 absolvere
1655 1376 1838 1439 verbis,

129 1447 298 1513 quibus
330 1448 551 1496 utebatur
583 1451 629 1496 S.
653 1449 855 1497 Hilarius
883 1450 1184 1498 pictaviensis
1204 1488 1215 1509 .,
1249 1452 1299 1498 in
1330 1441 1411 1499 lib.
1442 1462 1604 1500 contra
1645 1456 1841 1502 Auxen—

131 1525 251 1570 tium
284 1542 295 1570 ε
335 1527 575 1573 ,miserari
612 1527 721 1573 licet
753 1535 927 1574 nostrae
967 1530 1124 1580 oetatis
1159 1530 1403 1585 laborem,
1441 1538 1485 1575 et
1517 1533 1840 1593 praesentium

128 1608 396 1663 temporum
432 1603 603 1648 stultas
638 1606 882 1666 opiniones
921 1605 1258 1667 inyemiscere,
1300 1605 1481 1667 quibas
1519 1609 1843 1669 patrocinari

127 1677 227 1722 Deo
253 1677 473 1723 humana
500 1679 791 1735 creduntur,
814 1688 857 1725 et
879 1680 948 1725 ad
967 1682 1198 1728 tuendam
1227 1681 1413 1729 Christi
1439 1682 1708 1730 Ecclesiam
1731 1701 1842 1730 am>⁴

127 1752 305 1799 haione
326 1753 559 1800 saeculari
581 1755 838 1801 laboratur
857 1755 947 1820 (l).

617 1952 876 2000 SECTIO
928 1954 1341 2002 POSTERIOR.

708 2096 766 2127 DE
790 2096 975 2129 RoiiANo
1001 2073 1255 2146 pomnen(

201 2243 311 2290 444.
350 2246 475 2292 Licet
505 2262 557 2292 ea
577 2280 589 2304 ,
623 2262 726 2310 quae
753 2244 978 2293 hactenus
1010 2246 1398 2310 pertractavimus
1419 2282 1431 2306 ,
1470 2246 1723 2295 Ecclesiam
1762 2249 1839 2296 in—

135 2328 312 2382 tegram
343 2330 482 2387 atque
519 2321 776 2387 perfectam
810 2321 1042 2381 afficiant,
1079 2339 1159 2369 seu
1198 2322 1469 2370 societatem
1504 2324 1776 2373 universam
1810 2344 1837 2374 a

140 2393 323 2443 Christo
359 2398 416 2444 ad
456 2399 603 2445 instar
638 2390 871 2448 individui
904 2398 1104 2447 viventis
1136 2399 1467 2459 constitutam,
1498 2417 1550 2447 ac
1587 2410 1839 2467 propterea

140 2472 291 2537 capite
326 2489 376 2519 ac
408 2474 633 2522 membris
661 2484 985 2536 constante1n3
1014 2482 1223 2523 attamen
1248 2480 1386 2538 juxta
1424 2478 1661 2541 praemissa
1700 2496 1838 2543 agere

138 2549 379 2613 speciatim
408 2548 468 2597 de
493 2550 702 2599 Ecclesiae
739 2553 890 2617 capite
926 2549 1060 2598 nobis
1089 2552 1417 2618 proposuimus
1437 2589 1449 2613 ,
1478 2554 1578 2603 sive
1613 2554 1674 2603 ob
1704 2572 1842 2620 argu-

141 2737 219 2761 rem
239 2724 478 2773 documenta,
502 2737 586 2776 quae
611 2738 753 2776 possem
768 2727 829 2764 hic
851 2725 952 2765 exhi·
1017 2740 1060 2765 ac
1079 2728 1119 2766 in
1142 2731 1359 2768 universum
1382 2730 1568 2783 religionis
1591 2733 1775 2779 ministri,
1800 2740 1843 2770 ut

144 2788 234 2828 bere
251 2819 262 2837 ‚
281 2788 355 2828 nisi
381 2797 549 2841 ageretur
574 2790 621 2829 de
654 2804 694 2829 re
725 2793 915 2833 notissima
937 2804 949 2841 ;
1017 2801 1158 2833 constat
1169 2809 1211 2834 ex
1227 2793 1389 2847 publicis
1401 2796 1702 2848 ephemeridibus
1716 2826 1726 2844 ,
1742 2809 1836 2848 prae-

144 2868 218 2907 quo
242 2855 285 2893 fit
303 2863 346 2893 ut
368 2855 548 2894 catholica
570 2855 731 2895 Ecclesia
756 2857 824 2896 sub
843 2857 950 2896 Prin-
1017 2860 1141 2898 sertim
1162 2874 1247 2899 vero
1268 2874 1313 2900 ex
1339 2858 1492 2899 L'Ami
1507 2861 1553 2900 de
1574 2861 1612 2901 Ia
1626 2861 1818 2912 Reliqion.

145 2920 289 2971 cipibus
316 2921 604 2973 protestantibus
632 2923 701 2961 hac
715 2923 762 2962 de
785 2937 894 2963 causa
911 2931 952 2961 ut
1072 2923 1125 2975 (1)
1153 2925 1262 2966 Tom.
1278 2938 1307 2964 11
1321 2954 1333 2973 ‚
1359 2926 1432 2965 col.
1453 2924 1534 2980 594
1545 2955 1558 2977 ,
1577 2942 1615 2966 n.
1635 2927 1657 2966 3
1674 2957 1685 2976 ‚
1702 2926 1839 2965 Veron·

145 2986 347 3038 plurimum
372 2996 540 3036 vexetur,
574 2997 753 3029 vexentur
778 2989 949 3043 Episcopi
1023 2990 1141 3041 1730,
1168 3006 1256 3045 opp.
1278 2990 1368 3031 edit.
1392 2990 1516 3031 Maur.
