2028 3354
231 245 323 293 370

718 251 872 282 TnAc'r.
913 250 965 277 DE
1002 249 1119 278 LOCIS
1154 247 1452 279 THEOLOGICIS.

233 388 463 441 regnum,
497 383 672 429 corpus
695 362 981 419 instituerit7
1015 371 1154 425 atque
1179 359 1247 406 illi
1284 362 1588 424 assignaverit
1623 359 1922 421 fundamen-

233 465 363 506 tum,
407 442 855 510 patremfamilias,
896 432 1159 501 pastorem,
1202 440 1501 500 principem,
1544 445 1692 498 capnt
1727 434 1786 482 ad
1822 451 1925 481 eam

235 519 590 575 sustentandam
618 527 664 565 et
696 514 1050 580 gubernandam
1068 550 1080 573 7
1119 529 1200 560 seu
1220 513 1475 578 primatum
1511 514 1645 560 Petro
1675 510 1929 559 contulerit

234 604 293 652 ad
323 603 421 649 haec
448 593 711 663 praestanda
731 629 742 651 7
784 592 1145 639 fundamentum
1183 607 1294 637 vero
1326 599 1486 653 suapte
1521 599 1688 636 natura
1719 588 1778 635 ad
1808 587 1929 635 illud
1973 644 1975 646 ,
2018 573 2028 645 ἶ

240 696 387 728 unum
403 674 668 731 aedificiun17
694 670 821 736 quod
842 671 1263 733 eisuperstructum
1288 675 1375 724 est,
1395 666 1771 724 sustentandum7
1798 673 1931 730 pater

236 755 429 804 familias
463 750 523 798 ad
556 749 786 796 unitatem
830 746 1022 803 domus7
1060 752 1218 809 pastor
1248 742 1306 789 ad
1338 743 1564 789 unitatem
1599 743 1759 801 ovilis7
1799 740 1932 806 prin-

238 850 344 898 ceps
358 830 417 877 ad
433 827 663 874 unitatem
675 824 804 887 regni
818 858 831 883 7
856 830 995 886 caput
1014 821 1075 868 ad
1090 822 1317 866 unitatem
1337 818 1539 882 corporis
1558 817 1932 865 constituendam

240 919 288 958 et
310 902 679 956 conservandam
700 900 912 947 ordinata
932 898 1025 945 sint
1043 934 1054 956 7
1083 913 1284 961 pronum
1305 904 1374 942 est
1395 895 1557 942 inferri
1576 894 1663 940 hac
1685 894 1743 941 de
1769 910 1902 940 causa
1920 930 1931 953 7

239 986 298 1034 ob
323 987 464 1031 finem
494 979 667 1026 scilicet
697 976 781 1041 ipsi
809 975 1029 1039 primatui
1052 973 1243 1019 insitum
1263 1009 1273 1029 7
1295 971 1553 1036 primatum
1577 987 1674 1017 esse
1698 988 1723 1016 a
1754 969 1935 1031 Christo

238 1062 538 1114 institutumg
579 1052 840 1119 praesertim
858 1068 985 1107 cum,
1006 1050 1044 1096 si
1075 1048 1201 1114 quod
1220 1048 1373 1094 adhuc
1408 1046 1605 1094 dubium
1642 1053 1933 1110 superesset7

239 1158 294 1187 ex
325 1153 460 1185 sensu
490 1128 776 1181 traditionali
806 1136 1036 1194 perpetuo
1062 1136 1110 1173 et
1142 1124 1376 1172 constanti
1409 1123 1646 1169 sublatum
1681 1123 1835 1170 suerit.
1888 1161 1890 1163 .

309 1214 420 1261 540.
465 1210 532 1257 Ad
583 1210 677 1266 “2¹³7
724 1206 842 1269 Nec).
894 1202 1134 1268 Siquidem
1177 1217 1418 1265 nunquam
1474 1208 1554 1246 aut
1598 1200 1819 1246 Veronius
1861 1208 1941 1245 aut

242 1295 487 1340 Bossuetus
509 1294 588 1333 aut
612 1283 862 1349 quisquam
883 1280 998 1326 alius
1017 1277 1267 1327 catholicus
1282 1276 1524 1340 theologus
1548 1275 1657 1322 talia
1681 1285 1940 1340 posuerunt

243 1365 468 1434 principia
492 1402 503 1421 7
524 1380 581 1411 ex
601 1359 769 1425 quibus
786 1357 945 1404 inferri
959 1359 1063 1418 jure
1087 1364 1227 1420 queat
1244 1391 1255 1412 7
1292 1354 1524 1401 motivum
1542 1351 1812 1400 instituendi
1843 1352 1941 1414 pri-

245 1453 396 1491 matus
421 1457 517 1487 non
553 1454 687 1503 posse
719 1435 823 1481 fidei
860 1435 1102 1481 materiam
1133 1448 1253 1500 esse7
1287 1446 1438 1494 neque
1469 1428 1664 1475 fundare
1694 1427 1943 1476 articulum

247 1520 379 1579 fidei7
407 1517 474 1563 uti
499 1521 712 1562 autumat
744 1510 1052 1559 adversarius.
1082 1509 1143 1554 Ut
1169 1509 1295 1554 enim
1321 1506 1586 1552 insistamus
1614 1506 1809 1568 Reyuloe
1829 1505 1947 1567 fidei

247 1594 462 1652 Veronii7
494 1592 564 1638 his
595 1588 747 1637 verbis
783 1588 841 1635 ab
873 1605 926 1634 eo
962 1587 1238 1652 proponitur
1266 1601 1276 1631 e
1300 1584 1436 1631 Illud
1463 1599 1599 1630 omne
1630 1590 1675 1628 et
1699 1583 1853 1628 solum
1881 1591 1949 1629 est

249 1676 305 1721 de
336 1672 427 1735 fide
449 1706 463 1730 7
495 1668 625 1732 quod
643 1675 711 1713 est
726 1667 984 1712 revelatum
1004 1667 1058 1709 in
1093 1663 1227 1708 verbo
1267 1664 1375 1715 Dez‘,
1400 1669 1444 1706 ec
1467 1661 1769 1723 propositum
1797 1661 1949 1704 omni-

249 1754 337 1798 bus
376 1749 444 1795 ad
460 1747 677 1794 Ecclesia
711 1744 943 1791 catholica
979 1742 1071 1804 fide
1099 1740 1269 1786 divina
1303 1738 1591 1784 credendum
1613 1737 1700 1799 (l).
1730 1735 1948 1782 Animad-

253 1826 395 1876 vertit
421 1832 577 1870 autem
599 1858 610 1879 7
641 1819 816 1884 aliquid
840 1835 974 1884 posse
994 1834 1090 1864 esse
1118 1815 1378 1864 revelatum
1400 1831 1426 1860 a
1441 1816 1536 1861 Deo
1560 1816 1703 1860 etia-m
1726 1815 1777 1858 in
1809 1813 1948 1859 verbo

251 1920 336 1950 suo
355 1902 552 1949 obscure
567 1933 579 1956 7
615 1913 666 1943 ac
687 1895 883 1943 Ecclesia
905 1895 1162 1957 interprete
1190 1908 1321 1955 egere
1339 1928 1350 1949 7
1374 1908 1398 1936 a
1423 1907 1513 1954 qua
1544 1897 1835 1954 proponatur
1854 1905 1949 1936 cre-

252 1976 461 2026 dendum
493 1975 562 2021 u'ti
594 1971 879 2029 revelatum7
908 1987 1013 2016 cum
1046 1967 1252 2015 Ecclesiae
1283 1968 1343 2013 sit
1374 1983 1566 2013 sensum
1595 1967 1731 2012 verbi
1761 1966 1852 2011 Dei
1867 1981 1947 2011 seu

254 2058 427 2121 scripti
457 2069 538 2099 seu
569 2051 742 2098 traditi
769 2048 947 2113 aperire
979 2048 1067 2110 (2)
1105 2047 1165 2092 Ex
1200 2045 1284 2091 bac
1319 2044 1475 2106 regula
1509 2042 1649 2089 infert
1679 2043 1776 2107 ipse
1808 2042 1948 2088 Vero-

315 2269 367 2318 (Ι)
400 2263 544 2316 Requla
560 2261 656 2314 fidei
678 2258 875 2298 catholiam
892 2289 900 2304 ‚
927 2271 1006 2309 cap.
1038 2270 1072 2303 ι,

314 2347 350 2371 ι.

262 2332 283 2385 S
316 2398 370 2448 (2)
402 2395 495 2433 lbid.
521 2393 543 2447 ξ
572 2406 612 2432 2.
639 2392 709 2430 Hic
728 2404 812 2430 vero
841 2388 1075 2426 animadver-

263 2464 420 2503 tendum
458 2468 534 2509 est,
573 2472 647 2512 quo
684 2457 816 2495 melius
850 2453 1077 2505 intelligatur

264 2528 460 2567 adversarii
486 2539 590 2564 mens
607 2554 616 2571 7
645 2523 735 2561 dum
755 2527 861 2572 urget
881 2521 1079 2557 auctorita-

267 2602 339 2633 tem
365 2591 542 2637 Veronii,
564 2592 684 2641 ipsum
710 2587 797 2625 alibi
824 2588 932 2623 citare
960 2584 1077 2623 Vero-

268 2662 372 2698 nium
391 2687 401 2705 7
420 2657 485 2709 qui
501 2656 675 2700 affirmat,
690 2652 765 2690 duo
779 2653 914 2703 requiri
928 2650 974 2691 ad
991 2664 1079 2688 con-

266 2722 495 2764 stituendum
509 2718 719 2758 articulum
729 2717 824 2767 fi'dei
837 2744 848 2763 ‚
864 2730 906 2754 ac
924 2722 959 2753 1⁰
977 2714 1079 2768 quod

268 2788 466 2828 revelatum
500 2797 520 2821 a
563 2784 638 2822 Deo
674 2784 720 2821 sit
756 2795 820 2834 per
854 2780 1075 2832 Prophetas,

270 2852 458 2906 Apostolos
482 2863 546 2888 seu
568 2848 744 2887 authores
768 2848 971 2885 canonicos
997 2845 1075 2896 (al-

269 2919 399 2958 ludens
426 2916 613 2956 evidenter
643 2914 697 2952 ad
730 2911 954 2964 Scripturas
971 2913 1008 2962 );
1033 2917 1075 2948 2⁰

269 2984 369 3037 quod
396 2984 622 3035 propositum
645 2981 691 3017 sit
715 2978 763 3016 ab
788 2977 966 3016 Ecclesia.
990 2976 1073 3015 Jam

269 3062 354 3088 vero
387 3047 589 3093 Vetonina,
628 3048 666 3082 in
697 3057 774 3095 reg.
804 3046 868 3082 cit.
901 3042 1027 3081 scribit
1059 3054 1071 3079 .·.

1140 2254 1240 2306 quod
1261 2251 1464 2291 revelatum
1486 2253 1585 2290 sitin
1609 2263 1719 2288 vsnso
1745 2262 1821 2298 um,
1848 2249 1949 2301 quod

1141 2327 1260 2371 potest
1274 2333 1350 2358 esse
1364 2320 1440 2356 sive
1453 2318 1636 2368 scriptum
1654 2319 1728 2353 sive
1741 2313 1925 2352 traditum
1937 2326 1949 2364 3

1141 2393 1195 2424 ast
1218 2387 1288 2424 hoc
1307 2382 1492 2423 Palmerio
1515 2396 1590 2420 non
1617 2382 1768 2420 arridet.
1793 2379 1944 2432 Quodsi

1114 2453 1181 2488 ‘in
1214 2450 1459 2490 declaratione
1499 2447 1631 2499 regulae
1665 2460 1738 2485 suae
1771 2446 1950 2484 Veronius

1143 2517 1314 2554 meminit
1359 2514 1657 2566 Prophetarum,
1694 2511 1950 2565 Apostolorum

1143 2590 1206 2620 seu
1240 2581 1445 2619 authorum
1470 2580 1766 2623 caowniwrum,
1795 2589 1873 2614 non
1904 2589 1948 2614 eo

1143 2648 1216 2686 fine
1238 2649 1312 2685 haec
1323 2646 1449 2685 scribit
1461 2676 1472 2694 ‚
1499 2654 1539 2684 ut
1561 2644 1733 2685 excludat
1758 2642 1924 2681 veritates
1938 2670 1948 2689 ‚
2001 2684 2019 2689 .‚

1143 2727 1226 2766 quae
1246 2727 1308 2764 per
1328 2713 1443 2751 solam
1463 2712 1694 2750 traditionem
1710 2707 1756 2746 ad
1776 2718 1843 2744 nos
1866 2720 1950 2757 per-

1144 2787 1276 2817 verunt
1292 2809 1301 2825 7
1325 2779 1388 2817 sed
1410 2786 1451 2816 ut
1464 2782 1623 2828 opponat
1635 2771 1917 2811 revelationibus
1931 2801 1942 2820 ‚

1142 2859 1222 2896 quae
1253 2852 1332 2896 post
1374 2851 1536 2894 tempora
1574 2839 1830 2890 Apostolorum
1861 2839 1945 2889 qui-

1144 2909 1299 2948 busdam
1341 2907 1484 2945 Sanctis
1522 2902 1631 2944 factae
1672 2903 1913 2955 perhibentur
1928 2931 1941 2948 ‚

1142 2975 1334 3013 Ambrosio
1362 2985 1423 3011 ex.
1454 2985 1511 3022 gr.
1547 2971 1735 3022 Cypriano
1759 2982 1822 3007 seu
1857 2967 1943 3007 aliis

1140 3041 1302 3092 antiquis
1314 3038 1385 3077 illis
1398 3045 1461 3075 aut
1474 3036 1737 3075 recentioribus
1754 3065 1764 3084 ‚
1782 3035 1835 3073 uti
1847 3032 1941 3072 ibid.
1984 3031 1992 3041 ³

1988 3215 2006 3327 ἴσᾳ-Νὺξ
1992 3159 1997 3173 1>
1994 3138 2002 3146 z
1994 3082 1997 3083 ¹
1994 2946 1998 2950 ’

2009 3335 2028 3347 ’“ἷ
2010 3270 2028 3324 *ssim*
2013 3198 2028 3259 §mam
2025 3164 2028 3167 .
2015 3061 2028 3069 ,n
2015 3030 2026 3032 κ
2020 3012 2022 3014 «
2002 2940 2028 2970 ομ-
2018 2922 2028 2929 v.
