2028 3354
0 3120 24 3354 Wxfiffl‘n-:ff
0 3007 25 3114 §my-„³2⁹
4 2985 15 2999 r
3 2971 8 2979 ‘
3 2955 11 2966 -„
3 2942 9 2950 ⁵
0 2899 16 2910 -‘

521 199 647 228 PAR'r.
684 201 715 229 1.
752 200 850 230 CAP.
890 202 957 232 111.

996 205 1049 233 DE
1085 207 1163 237 ECC
1169 208 1298 238 LESIAE
1333 212 1458 242 nous
1466 232 1475 242 .

1739 202 1829 251 147

211 310 321 358 243.
348 313 487 359 Deest
512 322 665 360 autem
693 314 781 362 hoc
804 316 905 381 ipso
931 320 1221 370 societatibus
1248 323 1318 371 his
1343 327 1557 377 omnibus
1588 333 1819 382 catholici-

148 394 216 432 tas
235 390 424 452 ejusque
445 397 556 435 nota
573 409 585 447 ς
608 390 645 437 si
665 391 793 438 enim
806 392 895 440 illis
912 392 1040 442 deest
1057 398 1209 445 unitas
1223 435 1235 458 ,
1257 403 1490 464 quomodo
1505 408 1677 470 poterit
1702 412 1829 475 apud

147 478 222 508 eas
254 463 472 510 identitas
502 464 609 513 fidei
645 476 692 513 et
725 471 1062 518 communionis
1098 474 1340 523 inveniri?
1376 479 1575 528 Historia
1606 486 1826 536 variatio—

144 553 259 585 num
278 538 692 604 locupletissimum
716 553 783 591 est
813 557 1141 608 argumentum
1169 551 1396 611 ejusmodi
1423 554 1644 606 defectuS.
1671 563 1827 611 Posse-

145 630 245 659 mus
269 613 353 660 hos
384 632 548 664 omnes
569 636 822 682 provocare
839 629 985 669 coetus
1006 622 1064 668 ad
1087 623 1320 672 edendam
1343 627 1452 676 fidei
1467 633 1829 698 professionem,

140 705 244 753 quae
281 693 539 739 communis
578 693 652 741 vel
682 696 761 742 uni
795 694 980 742 illorum
1017 697 1101 756 sit,
1143 708 1191 745 et
1218 717 1318 765 quae
1352 720 1537 770 semper
1563 712 1687 774 apud
1721 731 1830 762 eum

136 763 421 827 obtinuerit,
468 771 503 815 si
536 770 690 816 forsan
726 770 923 835 excipias
951 781 1134 836 partem
1167 778 1435 839 negativam
1463 791 1510 829 et
1537 788 1828 839 aversionem

139 858 164 886 a
190 844 425 889 communi
459 845 661 910 ipsorum
694 854 868 902 matre,
909 847 1103 896 Ecclesia
1131 868 1302 917 nempe
1332 872 1524 905 romana
1556 878 1634 908 seu
1672 865 1827 913 catho-

137 915 242 963 lica.
262 917 388 965 Nihil
402 919 601 967 dicemus
617 919 674 966 de
692 921 947 984 particulis,
974 924 1024 969 in
1045 942 1158 990 quas
1172 944 1458 996 unaquaeque
1480 937 1670 986 societas
1691 939 1829 990 disse-

137 1001 294 1051 catur,
324 1011 421 1058 quae
453 995 530 1042 vix
562 997 798 1043 numerari
825 1009 1048 1062 possunt,
1086 1019 1192 1049 cum
1223 1004 1319 1052 haec
1342 1010 1581 1060 notissima
1622 1015 1821 1081 sintv(l).

136 1160 217 1183 sum
251 1149 290 1184 in
323 1145 453 1198 Anglia
486 1148 640 1199 docere3
677 1148 938 1200 Fleteherum,

137 1210 294 1263 Wesleyi
309 1211 531 1264 discipulum
549 1244 559 1262 ‚
580 1215 776 1255 docentem
799 1216 942 1256 Metho-

133 1276 243 1315 distas
283 1290 453 1316 accusare
491 1278 718 1331 legalitatem
755 1282 940 1321 bonorum

131 1355 283 1393 operum
301 1373 310 1390 ‚
349 1358 520 1384 excusare
551 1345 754 1396 adulteria,
785 1347 941 1386 homici-

132 1405 191 1444 dia
209 1436 219 1453 ‚
247 1416 317 1447 etc.
339 1408 468 1461 Neque
482 1414 609 1462 reponi
622 1421 753 1463 potest,
775 1414 841 1452 hos
863 1415 940 1451 ho-

129 1475 249 1512 mines
272 1480 339 1513 aut
364 1484 476 1514 sectas
497 1480 713 1527 excessisse3
753 1479 938 1531 siquidem

130 1537 210 1576 haee
247 1542 450 1577 necessario
501 1543 691 1592 profluunt
728 1558 774 1582 ex
808 1546 939 1582 intima

130 1605 415 1653 protestantismi
452 1605 637 1656 doctriua,
675 1616 715 1647 ut
749 1618 847 1661 patet
875 1624 938 1662 per

129 1681 170 1706 se
185 1698 195 1716 ‚
227 1678 261 1708 et
290 1670 489 1710 clarissimo
511 1675 550 1710 in
578 1673 722 1713 lumine
743 1675 937 1714 collocavit

127 1731 294 1773 Moe'hler
318 1737 360 1773 in
389 1736 523 1775 celebri
548 1753 612 1777 sua
638 1738 874 1793 Symbdica,
899 1750 934 1781 et

117 1806 216 1849 patet
239 1808 411 1850 praeterea
436 1816 477 1840 ex
510 1805 596 1855 ipsis
619 1804 771 1844 Lutheri
792 1810 928 1857 princi-

116 1865 199 1914 piis.
223 1863 317 1903 Nam
334 1868 374 1903 in
388 1867 455 1906 lib.
484 1867 546 1906 De
564 1870 705 1921 captiv.
737 1871 929 1925 Babylon.

117 1943 197 1980 eap—
222 1928 286 1967 De
322 1931 510 1984 baptismo
545 1949 560 1971 .·
597 1934 739 1983 Vides,
778 1940 927 1990 inquit,

116 2007 231 2046 quam
253 1995 358 2033 dives
387 2005 441 2035 est
454 1998 562 2037 homo
585 2000 822 2040 christianus
851 2006 930 2042 sive

118 2059 338 2111 baptizatus
358 2093 368 2110 ‚
413 2066 484 2115 qui
525 2067 641 2104 etiam
679 2068 804 2106 volens
848 2083 929 2108 non

113 2130 236 2176 potest
245 2127 405 2179 perdere
431 2130 590 2169 salutem
613 2136 929 2188 quantiscumque

112 2194 281 2241 peccatis
293 2223 303 2240 ‚
329 2196 411 2232 nisi
419 2196 515 2234 nolit
529 2197 692 2236 credere.
708 2198 828 2238 Nulla
837 2215 928 2254 pee-

120 2260 204 2292 cata
228 2270 314 2295 eum
336 2260 524 2299 damnare
543 2270 724 2314 possunt,
750 2266 834 2303 nisi
848 2266 927 2304 sola

120 2319 385 2364 incredulitas.
403 2326 447 2364 Et
467 2329 507 2365 in
522 2342 629 2367 serm·
651 2328 715 2366 De
726 2331 927 2382 piscatura

120 2383 236 2422 Petri
262 2400 274 2424 .-
300 2386 409 2441 Erqa
445 2391 577 2431 Deum
613 2408 690 2432 non
721 2399 919 2449 operibus,

119 2449 185 2486 sed
218 2451 324 2489 nuda
354 2455 431 2505 fide
463 2459 697 2510 indiyemus.
741 2461 925 2502 Debemus

119 2516 219 2552 enim
237 2530 325 2554 cum
351 2519 425 2558 solo
440 2519 557 2561 Isaac
578 2528 710 2563 venire
724 2558 734 2574 ‚
757 2527 825 2566 hoe
843 2537 919 2577 est,

119 2594 207 2619 cum
229 2584 307 2632 fide
320 2599 335 2632 ,-
368 2599 492 2626 servos
511 2597 546 2628 et
565 2594 698 2629 asinas
716 2623 726 2639 ‚
757 2594 827 2634 Ιιοσ
846 2603 922 2644 est,

120 2659 232 2698 opera
296 2649 469 2690 deorsum
522 2655 713 2696 demittere
765 2669 922 2713 oportet.

125 2710 279 2762 Quanto
317 2716 534 2757 sceleratior
562 2734 600 2758 es
615 2752 626 2769 ‚
663 2729 767 2763 tanto
808 2728 924 2766 citius

123 2775 234 2815 Deus
264 2793 375 2819 suam
411 2786 579 2833 qratiam
612 2787 800 2838 infundit.
836 2791 923 2831 Haec

123 2842 268 2895 aliaque
291 2848 470 2898 ejusmodi
485 2850 635 2890 Lutheri
659 2854 837 2907 principia
857 2859 922 2898 eft.

124 2908 221 2958 apud
233 2908 407 2950 Coccium
423 2943 434 2961 ‚
459 2928 519 2967 op.
541 2917 605 2956 cit.
630 2931 712 2971 pag.
736 2933 749 2958 1
763 2934 776 2958 1
792 2920 851 2961 ¹5.
872 2922 926 2960 Ex

103 2972 181 3033 ‘his
209 2975 430 3027 collegerunt
452 2979 730 3035 Andrmmiani,
760 2987 799 3024 in
823 2986 924 3026 Con-

1004 1154 1098 1202 fess.
1113 1153 1392 1209 Mansfeldensi
1408 1163 1514 1201 :Lea
1530 1178 1610 1203 non
1627 1175 1681 1206 est
1692 1170 1825 1221 eliqua,

1007 1226 1050 1256 ut
1072 1229 1225 1260 vocetur
1255 1225 1414 1263 verbum
1441 1227 1526 1266 Dei
1534 1246 1550 1277 ;
1588 1233 1627 1269 si
1643 1240 1824 1276 meretrix

1006 1299 1045 1341 es
1062 1317 1071 1333 ‚
1101 1288 1139 1324 si
1159 1296 1363 1340 scortator,
1390 1294 1427 1331 si
1453 1295 1630 1346 adulter,
1656 1300 1718 1339 vel
1734 1305 1823 1353 qui-

1005 1363 1164 1403 cumque
1178 1354 1280 1392 alius
1294 1385 1305 1402 ‚
1333 1363 1483 1396 tantum
1502 1362 1611 1402 erede
1628 1394 1639 1413 ,
1665 1372 1701 1403 et
1718 1380 1757 1405 es
1776 1371 1821 1407 in

1005 1417 1071 1454 via
1106 1417 1268 1469 salutis,
1307 1435 1394 1460 oum
1425 1427 1471 1463 in
1503 1429 1629 1467 medio
1665 1437 1820 1484 peccati

1005 1480 1135 1521 hoeres.
1158 1485 1369 1538 Deculoqus
1383 1490 1435 1526 ad
1456 1493 1605 1531 curiam
1622 1498 1817 1549 pertinet,

1005 1559 1084 1584 non
1095 1548 1147 1585 ad
1159 1559 1376 1601 suqyestum
1388 1566 1405 1601 ;
1420 1556 1721 1612 quibuscumque
1732 1577 1820 1602 eum

1006 1612 1115 1650 Mose
1142 1627 1202 1652 res
1231 1622 1308 1665 est,
1352 1626 1453 1658 reeta
1481 1623 1548 1660 via
1578 1626 1741 1666 tendunt
1768 1630 1822 1669 ad

1002 1677 1195 1718 diabolum
1215 1711 1225 1727 ‚
1265 1684 1342 1721 imo
1366 1685 1420 1722 ad
1446 1687 1586 1727 malam
1616 1705 1696 1730 rem
1729 1707 1818 1734 cum.

1002 1743 1127 1784 Mose.
1166 1744 1323 1785 Dictum
1347 1749 1460 1789 Petri
1486 1767 1499 1791 ε
1524 1755 1675 1796 Certam
1698 1761 1818 1811 facite

999 1812 1234 1850 vocationem
1263 1822 1425 1854 vestram
1448 1831 1522 1870 per
1554 1822 1653 1860 hona
1672 1839 1813 1877 opera,

999 1880 1055 1912 est
1080 1877 1229 1917 inutile.
1259 1879 1590 1936 Quandocumque
1618 1889 1694 1928 tihi
1725 1894 1815 1932 talis

998 1942 1146 1980 incedit
1179 1946 1386 1995 coqitatio,
1424 1948 1492 1988 hoe
1522 1951 1582 1990 vel
1609 1953 1674 1995 illo
1705 1960 1812 1999 modo

997 2007 1040 2043 in
1070 2007 1229 2047 ecclesia
1255 2024 1333 2048 rem
1361 2016 1447 2063 9eri
1471 2014 1625 2065 debere,
1664 2028 1706 2059 ut
1735 2025 1814 2063 sint

997 2071 1171 2111 homines
1189 2075 1294 2124 honi,
1313 2078 1483 2128 honesti,
1502 2087 1630 2123 sancti
1647 2094 1682 2125 et
1696 2094 1808 2139 casei,

982 2137 1073 2188 jam
1094 2137 1282 2179 aberrasti
1293 2143 1340 2180 ab
1353 2141 1567 2197 Evanqelio
1581 2177 1592 2196 ‚
1620 2158 1690 2189 etc.
1709 2153 1804 2194 Ibid.

993 2201 1074 2239 Jam
1107 2216 1216 2253 vero,
1260 2208 1414 2247 ubinam
1448 2215 1578 2262 pagani
1612 2215 1681 2265 ipsi
1721 2219 1806 2259 talia

994 2266 1227 2308 docuerunt?
1279 2271 1310 2309 Ο
1362 2275 1553 2325 praeclaros
1601 2292 1802 2323 sacrorum

991 2333 1245 2373 emendatores
1259 2337 1276 2373 .'
1306 2336 1337 2374 O
1362 2342 1520 2391 egregios
1542 2356 1703 2385 romanae
1727 2348 1796 2388 Ee-

994 2396 1112 2437 olesiae
1133 2401 1397 2450 reformatores
1414 2405 1430 2442 l

1046 2462 1101 2515 (1)
1117 2463 1194 2504 Cfr.
1215 2480 1257 2504 ex
1271 2467 1433 2520 antiquis
1444 2469 1484 2509 S.
1499 2471 1675 2527 Irenaeus,
1694 2478 1800 2521 Ado.

990 2525 1161 2577 hammes,
1177 2530 1245 2569 lib.
1264 2546 1310 2583 v;
1327 2531 1367 2571 S.
1384 2533 1634 2588 Epiphanius,
1648 2541 1715 2581 lib.
1736 2557 1799 2598 1113

991 2591 1032 2629 S.
1055 2593 1278 2646 Augustinus
1294 2626 1306 2645 ,
1326 2597 1384 2637 De
1402 2598 1606 2642 haeresibus
1619 2634 1631 2654 ‚
1656 2609 1722 2648 lib.
1754 2625 1767 2649 1
1786 2626 1799 2663 3

991 2656 1271 2710 Theodoretus,
1308 2664 1593 2710 Haereat-amm
1623 2673 1797 2723 fabular.

989 2723 1056 2762 lib.
1083 2726 1567 2787 v3PhilastriusB1-ixiens.
1595 2736 1797 2781 Hoereseo-

988 2790 1088 2841 quia
1102 2822 1113 2840 ,
1134 2794 1174 2832 in
1184 2794 1375 2836 Bihtioth.
1393 2797 1559 2838 Petrum
1573 2803 1662 2843 dela
1681 2806 1796 2859 Bigne

992 2856 1083 2896 edit.
1107 2871 1136 2896 11
1151 2888 1163 2906 ‚
1190 2860 1290 2899 Paris
1320 2861 1422 2916 1689
1435 2894 1446 2913 ‚
1469 2874 1560 2906 tom.
1584 2882 1648 2920 1v;
1669 2887 1713 2912 ex
1731 2889 1791 2913 re-

992 2922 1212 2963 centioribus
1249 2925 1423 2976 Ber-nini,
1456 2926 1601 2970 latoria
1631 2935 1676 2974 aa·
1700 2944 1794 2978 tutte

992 2988 1024 3026 le
1056 2989 1197 3040 emis5
1226 2990 1361 3034 Paletta
1376 3024 1387 3044 ‚
1424 2993 1559 3036 Storae’a
1589 3003 1792 3053 raqio'nata

1518 3062 1594 3110 10.
