<?xml version="1.0" encoding="UTF-8"?>
<!DOCTYPE html PUBLIC "-//W3C//DTD XHTML 1.0 Transitional//EN"
    "http://www.w3.org/TR/xhtml1/DTD/xhtml1-transitional.dtd">
<html xmlns="http://www.w3.org/1999/xhtml" xml:lang="en" lang="en">
 <head>
  <title>
</title>
<meta http-equiv="Content-Type" content="text/html;charset=utf-8" />
  <meta name='ocr-system' content='tesseract 3.04.00' />
  <meta name='ocr-capabilities' content='ocr_page ocr_carea ocr_par ocr_line ocrx_word'/>
</head>
<body>
  <div class='ocr_page' id='page_1' title='image "./praelectionestheo08perruoft/praelectionestheo08perruoft_0056.png"; bbox 0 0 2028 3354; ppageno 0'>
   <div class='ocr_carea' id='block_1_1' title="bbox 224 213 1429 268">
    <p class='ocr_par' dir='ltr' id='par_1_1' title="bbox 224 213 1429 268">
     <span class='ocr_line' id='line_1_1' title="bbox 224 213 1429 268; baseline -0.001 -8"><span class='ocrx_word' id='word_1_1' title='bbox 224 213 285 260; x_wconf 87' lang='grc'><em>44</em></span> <span class='ocrx_word' id='word_1_2' title='bbox 699 230 852 260; x_wconf 71' lang='lat' dir='ltr'><em>TRAc‘r.</em></span> <span class='ocrx_word' id='word_1_3' title='bbox 887 230 940 259; x_wconf 75' lang='lat' dir='ltr'><em>DE</em></span> <span class='ocrx_word' id='word_1_4' title='bbox 975 231 1093 261; x_wconf 71' lang='lat' dir='ltr'><em>Locis</em></span> <span class='ocrx_word' id='word_1_5' title='bbox 1130 230 1429 268; x_wconf 68' lang='lat' dir='ltr'><em>rnnoiomcls.</em></span> 
     </span>
    </p>
   </div>
   <div class='ocr_carea' id='block_1_2' title="bbox 218 340 1925 2630">
    <p class='ocr_par' dir='ltr' id='par_1_2' title="bbox 218 340 1924 2397">
     <span class='ocr_line' id='line_1_2' title="bbox 223 340 1896 408; baseline 0 -18"><span class='ocrx_word' id='word_1_6' title='bbox 223 343 363 391; x_wconf 85' lang='lat' dir='ltr'><em>surda</em></span> <span class='ocrx_word' id='word_1_7' title='bbox 396 354 535 401; x_wconf 61' lang='lat' dir='ltr'><em>sunt,</em></span> <span class='ocrx_word' id='word_1_8' title='bbox 582 343 634 389; x_wconf 86' lang='lat'><em>30</em></span> <span class='ocrx_word' id='word_1_9' title='bbox 669 340 972 389; x_wconf 82' lang='lat' dir='ltr'><strong>adversantur</strong></span> <span class='ocrx_word' id='word_1_10' title='bbox 1021 342 1239 407; x_wconf 85' lang='lat' dir='ltr'><em>Apostolo</em></span> <span class='ocrx_word' id='word_1_11' title='bbox 1274 343 1492 391; x_wconf 83' lang='lat' dir='ltr'>scribenti</span> <span class='ocrx_word' id='word_1_12' title='bbox 1543 342 1601 390; x_wconf 85' lang='lat' dir='ltr'><em>acl</em></span> <span class='ocrx_word' id='word_1_13' title='bbox 1627 343 1846 408; x_wconf 82' lang='lat' dir='ltr'>Ephesios</span> <span class='ocrx_word' id='word_1_14' title='bbox 1887 362 1896 390; x_wconf 93' lang='lat'>:</span> 
     </span>
     <span class='ocr_line' id='line_1_3' title="bbox 223 418 1902 483; baseline -0.001 -16"><span class='ocrx_word' id='word_1_15' title='bbox 223 420 447 468; x_wconf 74' lang='lat' dir='ltr'><em>Christus</em></span> <span class='ocrx_word' id='word_1_16' title='bbox 462 420 631 465; x_wconf 70' lang='lat' dir='ltr'><em>dilexit</em></span> <span class='ocrx_word' id='word_1_17' title='bbox 649 418 936 471; x_wconf 77' lang='lat' dir='ltr'><em>Ecclesiam,</em></span> <span class='ocrx_word' id='word_1_18' title='bbox 964 426 1007 462; x_wconf 88' lang='lat' dir='ltr'><em>et</em></span> <span class='ocrx_word' id='word_1_19' title='bbox 1021 421 1229 478; x_wconf 79' lang='lat' dir='ltr'><em>seipsum</em></span> <span class='ocrx_word' id='word_1_20' title='bbox 1247 421 1450 466; x_wconf 79' lang='lat' dir='ltr'><em>tradidit</em></span> <span class='ocrx_word' id='word_1_21' title='bbox 1461 437 1555 483; x_wconf 81' lang='lat' dir='ltr'><em>pro</em></span> <span class='ocrx_word' id='word_1_22' title='bbox 1582 437 1635 465; x_wconf 89' lang='lat' dir='ltr'><em>ea</em></span> <span class='ocrx_word' id='word_1_23' title='bbox 1649 455 1663 480; x_wconf 82' lang='lat'><em>,</em></span> <span class='ocrx_word' id='word_1_24' title='bbox 1690 427 1748 465; x_wconf 79' lang='lat' dir='ltr'><em>ut</em></span> <span class='ocrx_word' id='word_1_25' title='bbox 1766 421 1902 466; x_wconf 87' lang='lat' dir='ltr'><em>illam</em></span> 
     </span>
     <span class='ocr_line' id='line_1_4' title="bbox 221 494 1903 559; baseline -0.001 -16"><span class='ocrx_word' id='word_1_26' title='bbox 221 497 545 559; x_wconf 76' lang='lat' dir='ltr'><em>sanctificaret</em></span> <span class='ocrx_word' id='word_1_27' title='bbox 558 529 573 551; x_wconf 88' lang='lat'><em>,</em></span> <span class='ocrx_word' id='word_1_28' title='bbox 605 494 849 540; x_wconf 77' lang='lat' dir='ltr'><em>mandans</em></span> <span class='ocrx_word' id='word_1_29' title='bbox 878 495 1068 540; x_wconf 84' lang='lat' dir='ltr'><em>lavacro</em></span> <span class='ocrx_word' id='word_1_30' title='bbox 1097 510 1235 554; x_wconf 81' lang='lat' dir='ltr'><em>aquoe</em></span> <span class='ocrx_word' id='word_1_31' title='bbox 1268 498 1325 541; x_wconf 83' lang='lat' dir='ltr'><em>in</em></span> <span class='ocrx_word' id='word_1_32' title='bbox 1356 499 1492 543; x_wconf 79' lang='lat' dir='ltr'><em>verbo</em></span> <span class='ocrx_word' id='word_1_33' title='bbox 1522 500 1629 543; x_wconf 81' lang='lat' dir='ltr'><em>vitoe</em></span> <span class='ocrx_word' id='word_1_34' title='bbox 1647 533 1660 551; x_wconf 90' lang='lat'>‚</span> <span class='ocrx_word' id='word_1_35' title='bbox 1691 504 1746 542; x_wconf 83' lang='lat' dir='ltr'><em>ut</em></span> <span class='ocrx_word' id='word_1_36' title='bbox 1767 496 1903 542; x_wconf 64' lang='lat' dir='ltr'><em>eoekie</em></span> 
     </span>
     <span class='ocr_line' id='line_1_5' title="bbox 223 571 1907 635; baseline -0.001 -16"><span class='ocrx_word' id='word_1_37' title='bbox 223 574 350 619; x_wconf 81' lang='lat' dir='ltr'><em>heret</em></span> <span class='ocrx_word' id='word_1_38' title='bbox 364 574 464 635; x_wconf 84' lang='lat' dir='ltr'><em>ipse</em></span> <span class='ocrx_word' id='word_1_39' title='bbox 480 573 578 619; x_wconf 84' lang='lat' dir='ltr'><em>sihi</em></span> <span class='ocrx_word' id='word_1_40' title='bbox 591 572 847 635; x_wconf 74' lang='lat' dir='ltr'><em>9loriosam</em></span> <span class='ocrx_word' id='word_1_41' title='bbox 865 571 1156 623; x_wconf 77' lang='lat' dir='ltr'><em>Ecclesiam,</em></span> <span class='ocrx_word' id='word_1_42' title='bbox 1179 585 1274 615; x_wconf 78' lang='lat' dir='ltr'><em>non</em></span> <span class='ocrx_word' id='word_1_43' title='bbox 1298 571 1538 619; x_wconf 76' lang='lat' dir='ltr'><em>habentem</em></span> <span class='ocrx_word' id='word_1_44' title='bbox 1559 573 1798 619; x_wconf 78' lang='lat' dir='ltr'><em>maculam</em></span> <span class='ocrx_word' id='word_1_45' title='bbox 1819 580 1907 618; x_wconf 76' lang='lat' dir='ltr'><em>aut</em></span> 
     </span>
     <span class='ocr_line' id='line_1_6' title="bbox 222 647 1906 713; baseline -0.001 -17"><span class='ocrx_word' id='word_1_46' title='bbox 222 666 400 713; x_wconf 73' lang='lat' dir='ltr'><em>ruyam</em></span> <span class='ocrx_word' id='word_1_47' title='bbox 436 658 524 696; x_wconf 77' lang='lat' dir='ltr'><em>aut</em></span> <span class='ocrx_word' id='word_1_48' title='bbox 549 649 742 711; x_wconf 80' lang='lat' dir='ltr'><em>aliquid</em></span> <span class='ocrx_word' id='word_1_49' title='bbox 768 649 1070 710; x_wconf 74' lang='lat' dir='ltr'><em>hujusmodi,</em></span> <span class='ocrx_word' id='word_1_50' title='bbox 1096 647 1177 692; x_wconf 83' lang='lat' dir='ltr'><em>secl</em></span> <span class='ocrx_word' id='word_1_51' title='bbox 1209 654 1264 692; x_wconf 77' lang='lat' dir='ltr'><em>ut</em></span> <span class='ocrx_word' id='word_1_52' title='bbox 1293 649 1357 692; x_wconf 81' lang='lat' dir='ltr'><em>sit</em></span> <span class='ocrx_word' id='word_1_53' title='bbox 1390 658 1553 695; x_wconf 79' lang='lat' dir='ltr'><em>sancta</em></span> <span class='ocrx_word' id='word_1_54' title='bbox 1581 657 1624 695; x_wconf 81' lang='lat' dir='ltr'><em>et</em></span> <span class='ocrx_word' id='word_1_55' title='bbox 1665 651 1906 695; x_wconf 77' lang='lat' dir='ltr'><em>immacu-</em></span> 
     </span>
     <span class='ocr_line' id='line_1_7' title="bbox 224 722 1912 790; baseline -0.003 -17"><span class='ocrx_word' id='word_1_56' title='bbox 224 728 324 773; x_wconf 88' lang='lat' dir='ltr'><em>lata</em></span> <span class='ocrx_word' id='word_1_57' title='bbox 350 726 436 790; x_wconf 90' lang='grc'>(1).</span> <span class='ocrx_word' id='word_1_58' title='bbox 471 725 524 772; x_wconf 80' lang='grc' dir='ltr'><em>4Ο</em></span> <span class='ocrx_word' id='word_1_59' title='bbox 557 727 666 784; x_wconf 84' lang='lat' dir='ltr'><em>Quae</em></span> <span class='ocrx_word' id='word_1_60' title='bbox 706 723 846 772; x_wconf 88' lang='lat' dir='ltr'><em>verba</em></span> <span class='ocrx_word' id='word_1_61' title='bbox 885 739 1123 788; x_wconf 79' lang='lat' dir='ltr'>exponens</span> <span class='ocrx_word' id='word_1_62' title='bbox 1152 722 1460 786; x_wconf 77' lang='lat' dir='ltr'>Hieronymus</span> <span class='ocrx_word' id='word_1_63' title='bbox 1495 723 1727 770; x_wconf 83' lang='lat' dir='ltr'>concludit</span> <span class='ocrx_word' id='word_1_64' title='bbox 1761 742 1771 769; x_wconf 93' lang='lat'>:</span> <span class='ocrx_word' id='word_1_65' title='bbox 1812 724 1912 787; x_wconf 72' lang='lat' dir='ltr'><em>Qui</em></span> 
     </span>
     <span class='ocr_line' id='line_1_8' title="bbox 222 797 1911 867; baseline -0.004 -17"><span class='ocrx_word' id='word_1_66' title='bbox 222 820 330 867; x_wconf 68' lang='lat' dir='ltr'><em>erqo</em></span> <span class='ocrx_word' id='word_1_67' title='bbox 346 811 565 866; x_wconf 84' lang='lat' dir='ltr'><em>peccator</em></span> <span class='ocrx_word' id='word_1_68' title='bbox 590 810 657 848; x_wconf 85' lang='lat' dir='ltr'><em>est</em></span> <span class='ocrx_word' id='word_1_69' title='bbox 673 809 719 848; x_wconf 85' lang='lat' dir='ltr'><em>et</em></span> <span class='ocrx_word' id='word_1_70' title='bbox 741 802 913 862; x_wconf 78' lang='lat' dir='ltr'><em>aliqua</em></span> <span class='ocrx_word' id='word_1_71' title='bbox 934 800 1066 845; x_wconf 85' lang='lat' dir='ltr'><em>sorde</em></span> <span class='ocrx_word' id='word_1_72' title='bbox 1088 799 1361 844; x_wconf 77' lang='lat' dir='ltr'><em>maculatus</em></span> <span class='ocrx_word' id='word_1_73' title='bbox 1376 834 1389 857; x_wconf 80' lang='grc'>,</span> <span class='ocrx_word' id='word_1_74' title='bbox 1421 799 1476 844; x_wconf 80' lang='lat' dir='ltr'><em>de</em></span> <span class='ocrx_word' id='word_1_75' title='bbox 1494 797 1707 845; x_wconf 75' lang='lat' dir='ltr'><em>Ecclesia</em></span> <span class='ocrx_word' id='word_1_76' title='bbox 1732 800 1911 847; x_wconf 80' lang='lat' dir='ltr'><em>Christi</em></span> 
     </span>
     <span class='ocr_line' id='line_1_9' title="bbox 223 874 1909 944; baseline -0.005 -16"><span class='ocrx_word' id='word_1_77' title='bbox 223 898 320 928; x_wconf 79' lang='lat' dir='ltr'><em>non</em></span> <span class='ocrx_word' id='word_1_78' title='bbox 338 889 490 944; x_wconf 84' lang='lat' dir='ltr'><em>potest</em></span> <span class='ocrx_word' id='word_1_79' title='bbox 506 879 770 943; x_wconf 83' lang='lat' dir='ltr'><em>appellari,</em></span> <span class='ocrx_word' id='word_1_80' title='bbox 800 894 883 923; x_wconf 75' lang='lat' dir='ltr'><em>nec</em></span> <span class='ocrx_word' id='word_1_81' title='bbox 908 875 1090 922; x_wconf 80' lang='lat' dir='ltr'><em>Christo</em></span> <span class='ocrx_word' id='word_1_82' title='bbox 1103 874 1337 935; x_wconf 56' lang='lat' dir='ltr'><em>subjectus</em></span> <span class='ocrx_word' id='word_1_83' title='bbox 1361 874 1460 920; x_wconf 87' lang='lat' dir='ltr'><em>dici</em></span> <span class='ocrx_word' id='word_1_84' title='bbox 1466 890 1537 928; x_wconf 88' lang='lat'><em>,·...</em></span> <span class='ocrx_word' id='word_1_85' title='bbox 1553 883 1771 936; x_wconf 83' lang='lat' dir='ltr'><em>peccator</em></span> <span class='ocrx_word' id='word_1_86' title='bbox 1797 892 1909 921; x_wconf 77' lang='lat' dir='ltr'><em>cur-</em></span> 
     </span>
     <span class='ocr_line' id='line_1_10' title="bbox 223 946 1907 1014; baseline -0.005 -10"><span class='ocrx_word' id='word_1_87' title='bbox 223 966 305 1004; x_wconf 84' lang='lat' dir='ltr'><em>rat</em></span> <span class='ocrx_word' id='word_1_88' title='bbox 321 958 390 1003; x_wconf 87' lang='lat' dir='ltr'><em>acl</em></span> <span class='ocrx_word' id='word_1_89' title='bbox 404 957 705 1003; x_wconf 82' lang='lat' dir='ltr'><em>medicum...</em></span> <span class='ocrx_word' id='word_1_90' title='bbox 731 962 777 1000; x_wconf 85' lang='lat' dir='ltr'><em>et</em></span> <span class='ocrx_word' id='word_1_91' title='bbox 789 953 882 1013; x_wconf 76' lang='lat' dir='ltr'><em>fiat</em></span> <span class='ocrx_word' id='word_1_92' title='bbox 898 953 952 998; x_wconf 83' lang='lat' dir='ltr'><em>de</em></span> <span class='ocrx_word' id='word_1_93' title='bbox 972 951 1213 1007; x_wconf 87' lang='lat' dir='ltr'><em>Ecclesia,</em></span> <span class='ocrx_word' id='word_1_94' title='bbox 1232 946 1338 1012; x_wconf 71' lang='lat' dir='ltr'><em>quoe</em></span> <span class='ocrx_word' id='word_1_95' title='bbox 1350 966 1522 1014; x_wconf 76' lang='lat' dir='ltr'><em>corpus</em></span> <span class='ocrx_word' id='word_1_96' title='bbox 1542 959 1607 997; x_wconf 82' lang='lat' dir='ltr'><em>est</em></span> <span class='ocrx_word' id='word_1_97' title='bbox 1631 950 1809 997; x_wconf 73' lang='lat' dir='ltr'><em>Christi</em></span> <span class='ocrx_word' id='word_1_98' title='bbox 1822 949 1907 1014; x_wconf 79' lang='lat'>(2).</span> 
     </span>
     <span class='ocr_line' id='line_1_11' title="bbox 225 1025 1906 1097; baseline -0.005 -17"><span class='ocrx_word' id='word_1_99' title='bbox 225 1034 511 1097; x_wconf 77' lang='lat' dir='ltr'>Hieronymo</span> <span class='ocrx_word' id='word_1_100' title='bbox 536 1030 675 1079; x_wconf 88' lang='lat' dir='ltr'><em>ceteri</em></span> <span class='ocrx_word' id='word_1_101' title='bbox 695 1030 854 1076; x_wconf 83' lang='lat' dir='ltr'><em>Patres</em></span> <span class='ocrx_word' id='word_1_102' title='bbox 870 1028 1214 1085; x_wconf 70' lang='lat' dir='ltr'><em>assentiuntur,</em></span> <span class='ocrx_word' id='word_1_103' title='bbox 1234 1027 1357 1072; x_wconf 89' lang='lat' dir='ltr'><em>inter</em></span> <span class='ocrx_word' id='word_1_104' title='bbox 1383 1043 1497 1091; x_wconf 92' lang='lat' dir='ltr'><em>quos</em></span> <span class='ocrx_word' id='word_1_105' title='bbox 1518 1025 1569 1071; x_wconf 84' lang='lat'><em>50</em></span> <span class='ocrx_word' id='word_1_106' title='bbox 1590 1027 1636 1072; x_wconf 87' lang='lat' dir='ltr'><em>S.</em></span> <span class='ocrx_word' id='word_1_107' title='bbox 1660 1026 1906 1073; x_wconf 89' lang='lat' dir='ltr'><em>Pacianus:</em></span> 
     </span>
     <span class='ocr_line' id='line_1_12' title="bbox 229 1102 1912 1171; baseline -0.006 -14"><span class='ocrx_word' id='word_1_108' title='bbox 229 1110 448 1157; x_wconf 79' lang='lat' dir='ltr'><em>Ceterum</em></span> <span class='ocrx_word' id='word_1_109' title='bbox 461 1145 474 1171; x_wconf 82' lang='lat'>‚</span> <span class='ocrx_word' id='word_1_110' title='bbox 498 1107 680 1168; x_wconf 54' lang='lat' dir='ltr'><em>scribit,</em></span> <span class='ocrx_word' id='word_1_111' title='bbox 702 1114 924 1170; x_wconf 83' lang='lat' dir='ltr'><em>peccator</em></span> <span class='ocrx_word' id='word_1_112' title='bbox 944 1113 987 1150; x_wconf 89' lang='lat' dir='ltr'><em>et</em></span> <span class='ocrx_word' id='word_1_113' title='bbox 996 1105 1232 1167; x_wconf 75' lang='lat' dir='ltr'><em>poenitens</em></span> <span class='ocrx_word' id='word_1_114' title='bbox 1250 1119 1345 1148; x_wconf 76' lang='lat' dir='ltr'><em>non</em></span> <span class='ocrx_word' id='word_1_115' title='bbox 1363 1110 1428 1148; x_wconf 87' lang='lat' dir='ltr'><em>est</em></span> <span class='ocrx_word' id='word_1_116' title='bbox 1449 1102 1672 1150; x_wconf 67' lang='lat' dir='ltr'><em>Ecclesiae</em></span> <span class='ocrx_word' id='word_1_117' title='bbox 1693 1103 1912 1154; x_wconf 80' lang='lat' dir='ltr'><em>macula,·</em></span> 
     </span>
     <span class='ocr_line' id='line_1_13' title="bbox 225 1179 1912 1252; baseline -0.007 -19"><span class='ocrx_word' id='word_1_118' title='bbox 225 1186 611 1252; x_wconf 63' lang='lat' dir='ltr'><em>quia7quamdiu</em></span> <span class='ocrx_word' id='word_1_119' title='bbox 627 1191 791 1246; x_wconf 82' lang='lat' dir='ltr'><em>peccat</em></span> <span class='ocrx_word' id='word_1_120' title='bbox 806 1190 851 1229; x_wconf 87' lang='lat' dir='ltr'><em>et</em></span> <span class='ocrx_word' id='word_1_121' title='bbox 869 1198 963 1228; x_wconf 77' lang='lat' dir='ltr'><em>non</em></span> <span class='ocrx_word' id='word_1_122' title='bbox 974 1181 1313 1243; x_wconf 71' lang='lat' dir='ltr'><em>poenitetextra</em></span> <span class='ocrx_word' id='word_1_123' title='bbox 1325 1179 1590 1226; x_wconf 81' lang='lat' dir='ltr'><em>Ecclesiam</em></span> <span class='ocrx_word' id='word_1_124' title='bbox 1612 1181 1912 1232; x_wconf 62' lang='lat' dir='ltr'><em>constitutus„</em></span> 
     </span>
     <span class='ocr_line' id='line_1_14' title="bbox 224 1253 1915 1326; baseline -0.007 -18"><span class='ocrx_word' id='word_1_125' title='bbox 224 1271 293 1309; x_wconf 89' lang='lat' dir='ltr'><em>est</em></span> <span class='ocrx_word' id='word_1_126' title='bbox 319 1261 409 1326; x_wconf 83' lang='lat'>(3).</span> <span class='ocrx_word' id='word_1_127' title='bbox 455 1262 507 1308; x_wconf 85' lang='lat'><em>60</em></span> <span class='ocrx_word' id='word_1_128' title='bbox 540 1262 586 1307; x_wconf 91' lang='lat' dir='ltr'><em>S.</em></span> <span class='ocrx_word' id='word_1_129' title='bbox 611 1258 889 1322; x_wconf 82' lang='lat' dir='ltr'><em>Augustinus</em></span> <span class='ocrx_word' id='word_1_130' title='bbox 920 1256 977 1304; x_wconf 91' lang='lat' dir='ltr'><em>de</em></span> <span class='ocrx_word' id='word_1_131' title='bbox 999 1256 1177 1318; x_wconf 84' lang='lat' dir='ltr'><em>magnis</em></span> <span class='ocrx_word' id='word_1_132' title='bbox 1204 1254 1519 1320; x_wconf 85' lang='lat' dir='ltr'><em>peccatoribus</em></span> <span class='ocrx_word' id='word_1_133' title='bbox 1541 1256 1605 1300; x_wconf 87' lang='lat' dir='ltr'><em>ait</em></span> <span class='ocrx_word' id='word_1_134' title='bbox 1631 1272 1640 1299; x_wconf 75' lang='grc' dir='ltr'>ε</span> <span class='ocrx_word' id='word_1_135' title='bbox 1668 1253 1780 1301; x_wconf 82' lang='grc' dir='ltr'><em>Νοη</em></span> <span class='ocrx_word' id='word_1_136' title='bbox 1813 1255 1915 1299; x_wconf 82' lang='lat' dir='ltr'><em>ideo</em></span> 
     </span>
     <span class='ocr_line' id='line_1_15' title="bbox 218 1331 1916 1404; baseline -0.008 -17"><span class='ocrx_word' id='word_1_137' title='bbox 218 1340 441 1404; x_wconf 81' lang='lat' dir='ltr'><em>putandi</em></span> <span class='ocrx_word' id='word_1_138' title='bbox 466 1346 580 1385; x_wconf 73' lang='lat' dir='ltr'><em>sunt</em></span> <span class='ocrx_word' id='word_1_139' title='bbox 617 1352 709 1382; x_wconf 86' lang='lat' dir='ltr'><em>esse</em></span> <span class='ocrx_word' id='word_1_140' title='bbox 740 1338 795 1381; x_wconf 78' lang='lat' dir='ltr'><em>in</em></span> <span class='ocrx_word' id='word_1_141' title='bbox 830 1335 1008 1381; x_wconf 74' lang='lat' dir='ltr'><em>Christi</em></span> <span class='ocrx_word' id='word_1_142' title='bbox 1040 1348 1263 1396; x_wconf 85' lang='lat' dir='ltr'><em>corpore,</em></span> <span class='ocrx_word' id='word_1_143' title='bbox 1286 1333 1415 1394; x_wconf 76' lang='lat' dir='ltr'><em>quod</em></span> <span class='ocrx_word' id='word_1_144' title='bbox 1440 1340 1504 1379; x_wconf 85' lang='lat' dir='ltr'><em>est</em></span> <span class='ocrx_word' id='word_1_145' title='bbox 1525 1331 1769 1386; x_wconf 87' lang='lat' dir='ltr'><em>Ecclesia,</em></span> <span class='ocrx_word' id='word_1_146' title='bbox 1796 1332 1916 1392; x_wconf 79' lang='lat' dir='ltr'><em>quia</em></span> 
     </span>
     <span class='ocr_line' id='line_1_16' title="bbox 226 1406 1912 1475; baseline -0.008 -11"><span class='ocrx_word' id='word_1_147' title='bbox 226 1418 650 1464; x_wconf 77' lang='lat' dir='ltr'><em>Sacramentorum</em></span> <span class='ocrx_word' id='word_1_148' title='bbox 663 1416 764 1475; x_wconf 75' lang='lat' dir='ltr'><em>ejus</em></span> <span class='ocrx_word' id='word_1_149' title='bbox 782 1411 1094 1474; x_wconf 75' lang='lat' dir='ltr'><em>corporaliter</em></span> <span class='ocrx_word' id='word_1_150' title='bbox 1107 1409 1371 1471; x_wconf 82' lang='lat' dir='ltr'><em>participes</em></span> <span class='ocrx_word' id='word_1_151' title='bbox 1383 1408 1512 1470; x_wconf 76' lang='lat' dir='ltr'><em>fiunt</em></span> <span class='ocrx_word' id='word_1_152' title='bbox 1530 1406 1618 1471; x_wconf 86' lang='grc'>(4).</span> <span class='ocrx_word' id='word_1_153' title='bbox 1641 1408 1696 1452; x_wconf 87' lang='lat' dir='ltr'><em>Et</em></span> <span class='ocrx_word' id='word_1_154' title='bbox 1713 1406 1882 1452; x_wconf 89' lang='lat' dir='ltr'><em>iterum</em></span> <span class='ocrx_word' id='word_1_155' title='bbox 1902 1425 1912 1450; x_wconf 90' lang='lat'><strong>:</strong></span> 
     </span>
     <span class='ocr_line' id='line_1_17' title="bbox 231 1483 1918 1556; baseline -0.009 -15"><span class='ocrx_word' id='word_1_156' title='bbox 231 1494 357 1556; x_wconf 77' lang='lat' dir='ltr'><em>Quos</em></span> <span class='ocrx_word' id='word_1_157' title='bbox 385 1509 480 1539; x_wconf 81' lang='lat' dir='ltr'><em>non</em></span> <span class='ocrx_word' id='word_1_158' title='bbox 496 1494 741 1555; x_wconf 71' lang='lat' dir='ltr'><em>pertinere</em></span> <span class='ocrx_word' id='word_1_159' title='bbox 770 1488 838 1535; x_wconf 83' lang='lat' dir='ltr'><em>ad</em></span> <span class='ocrx_word' id='word_1_160' title='bbox 862 1495 1081 1534; x_wconf 82' lang='lat' dir='ltr'><em>sanctam</em></span> <span class='ocrx_word' id='word_1_161' title='bbox 1105 1486 1371 1533; x_wconf 84' lang='lat' dir='ltr'><em>Ecclesiam</em></span> <span class='ocrx_word' id='word_1_162' title='bbox 1400 1485 1517 1538; x_wconf 90' lang='lat' dir='ltr'><em>Dei,</em></span> <span class='ocrx_word' id='word_1_163' title='bbox 1537 1484 1759 1545; x_wconf 81' lang='lat' dir='ltr'><em>quamvis</em></span> <span class='ocrx_word' id='word_1_164' title='bbox 1784 1483 1918 1527; x_wconf 80' lang='lat' dir='ltr'><em>intus</em></span> 
     </span>
     <span class='ocr_line' id='line_1_18' title="bbox 228 1559 1919 1628; baseline -0.009 -12"><span class='ocrx_word' id='word_1_165' title='bbox 228 1571 513 1624; x_wconf 78' lang='lat' dir='ltr'><em>videantur,</em></span> <span class='ocrx_word' id='word_1_166' title='bbox 549 1585 605 1614; x_wconf 73' lang='lat' dir='ltr'><em>ex</em></span> <span class='ocrx_word' id='word_1_167' title='bbox 643 1566 726 1612; x_wconf 80' lang='lat' dir='ltr'><em>hoc</em></span> <span class='ocrx_word' id='word_1_168' title='bbox 754 1564 1053 1628; x_wconf 79' lang='lat' dir='ltr'><em>apertissime</em></span> <span class='ocrx_word' id='word_1_169' title='bbox 1081 1568 1310 1624; x_wconf 86' lang='lat' dir='ltr'><em>apparet,</em></span> <span class='ocrx_word' id='word_1_170' title='bbox 1343 1561 1462 1622; x_wconf 82' lang='lat' dir='ltr'><em>quia</em></span> <span class='ocrx_word' id='word_1_171' title='bbox 1497 1562 1582 1605; x_wconf 85' lang='lat' dir='ltr'><em>isti</em></span> <span class='ocrx_word' id='word_1_172' title='bbox 1610 1566 1723 1604; x_wconf 76' lang='lat' dir='ltr'><em>sunt</em></span> <span class='ocrx_word' id='word_1_173' title='bbox 1749 1559 1919 1612; x_wconf 84' lang='lat' dir='ltr'><em>avari,</em></span> 
     </span>
     <span class='ocr_line' id='line_1_19' title="bbox 229 1634 1920 1710; baseline -0.011 -15"><span class='ocrx_word' id='word_1_174' title='bbox 229 1656 465 1710; x_wconf 80' lang='lat' dir='ltr'><em>raptores,</em></span> <span class='ocrx_word' id='word_1_175' title='bbox 501 1646 845 1708; x_wconf 76' lang='lat' dir='ltr'><em>fornicatores,</em></span> <span class='ocrx_word' id='word_1_176' title='bbox 878 1641 1065 1694; x_wconf 81' lang='lat' dir='ltr'><em>invidi,</em></span> <span class='ocrx_word' id='word_1_177' title='bbox 1102 1637 1323 1683; x_wconf 84' lang='lat' dir='ltr'><em>malevoli</em></span> <span class='ocrx_word' id='word_1_178' title='bbox 1349 1644 1395 1682; x_wconf 87' lang='lat' dir='ltr'><em>et</em></span> <span class='ocrx_word' id='word_1_179' title='bbox 1420 1644 1588 1682; x_wconf 68' lang='lat' dir='ltr'><em>coetera</em></span> <span class='ocrx_word' id='word_1_180' title='bbox 1617 1634 1897 1695; x_wconf 74' lang='lat' dir='ltr'><em>hujusmodi</em></span> <span class='ocrx_word' id='word_1_181' title='bbox 1906 1651 1920 1684; x_wconf 94' lang='lat'><em>,·</em></span> 
     </span>
     <span class='ocr_line' id='line_1_20' title="bbox 230 1712 1920 1780; baseline -0.011 -9"><span class='ocrx_word' id='word_1_182' title='bbox 230 1725 319 1770; x_wconf 83' lang='lat' dir='ltr'><em>illa</em></span> <span class='ocrx_word' id='word_1_183' title='bbox 341 1730 502 1770; x_wconf 83' lang='lat' dir='ltr'><em>autem</em></span> <span class='ocrx_word' id='word_1_184' title='bbox 528 1719 747 1768; x_wconf 78' lang='lat' dir='ltr'><em>columba</em></span> <span class='ocrx_word' id='word_1_185' title='bbox 778 1715 1043 1780; x_wconf 83' lang='lat' dir='ltr'><em>(Ecclesia)</em></span> <span class='ocrx_word' id='word_1_186' title='bbox 1074 1715 1222 1759; x_wconf 75' lang='lat' dir='ltr'><em>unica</em></span> <span class='ocrx_word' id='word_1_187' title='bbox 1238 1750 1251 1767; x_wconf 92' lang='lat'><em>,</em></span> <span class='ocrx_word' id='word_1_188' title='bbox 1275 1712 1464 1775; x_wconf 80' lang='lat' dir='ltr'><em>pudica</em></span> <span class='ocrx_word' id='word_1_189' title='bbox 1501 1718 1544 1756; x_wconf 89' lang='lat' dir='ltr'><em>et</em></span> <span class='ocrx_word' id='word_1_190' title='bbox 1564 1718 1692 1756; x_wconf 87' lang='lat' dir='ltr'><em>casta</em></span> <span class='ocrx_word' id='word_1_191' title='bbox 1705 1743 1723 1766; x_wconf 91' lang='lat'><em>,</em></span> <span class='ocrx_word' id='word_1_192' title='bbox 1749 1725 1920 1771; x_wconf 77' lang='lat' dir='ltr'><em>sponsa</em></span> 
     </span>
     <span class='ocr_line' id='line_1_21' title="bbox 230 1787 1924 1859; baseline -0.011 -11"><span class='ocrx_word' id='word_1_193' title='bbox 230 1803 331 1848; x_wconf 80' lang='lat' dir='ltr'><em>sine</em></span> <span class='ocrx_word' id='word_1_194' title='bbox 359 1799 555 1846; x_wconf 81' lang='lat' dir='ltr'><em>macula</em></span> <span class='ocrx_word' id='word_1_195' title='bbox 586 1805 628 1843; x_wconf 86' lang='lat' dir='ltr'><em>et</em></span> <span class='ocrx_word' id='word_1_196' title='bbox 663 1812 847 1859; x_wconf 71' lang='lat' dir='ltr'><em>ruqa...</em></span> <span class='ocrx_word' id='word_1_197' title='bbox 880 1792 1007 1855; x_wconf 77' lang='lat' dir='ltr'><em>quod</em></span> <span class='ocrx_word' id='word_1_198' title='bbox 1031 1806 1127 1837; x_wconf 75' lang='lat' dir='ltr'><em>non</em></span> <span class='ocrx_word' id='word_1_199' title='bbox 1162 1790 1451 1852; x_wconf 69' lang='lat' dir='ltr'><em>intelliyz‘tur</em></span> <span class='ocrx_word' id='word_1_200' title='bbox 1479 1789 1577 1833; x_wconf 82' lang='lat' dir='ltr'><em>nisi</em></span> <span class='ocrx_word' id='word_1_201' title='bbox 1609 1788 1662 1831; x_wconf 80' lang='lat' dir='ltr'><em>in</em></span> <span class='ocrx_word' id='word_1_202' title='bbox 1700 1787 1835 1831; x_wconf 83' lang='lat' dir='ltr'><em>honis</em></span> <span class='ocrx_word' id='word_1_203' title='bbox 1881 1793 1924 1829; x_wconf 86' lang='lat' dir='ltr'><em>et</em></span> 
     </span>
     <span class='ocr_line' id='line_1_22' title="bbox 230 1860 1921 1937; baseline -0.011 -13"><span class='ocrx_word' id='word_1_204' title='bbox 230 1880 436 1932; x_wconf 78' lang='lat' dir='ltr'><em>sanctis,</em></span> <span class='ocrx_word' id='word_1_205' title='bbox 465 1884 511 1921; x_wconf 87' lang='lat' dir='ltr'><em>et</em></span> <span class='ocrx_word' id='word_1_206' title='bbox 521 1863 675 1937; x_wconf 79' lang='lat' dir='ltr'><em>justis</em></span> <span class='ocrx_word' id='word_1_207' title='bbox 699 1871 788 1935; x_wconf 87' lang='lat'>(5).</span> <span class='ocrx_word' id='word_1_208' title='bbox 816 1869 904 1927; x_wconf 85' lang='lat' dir='ltr'><em>Qui</em></span> <span class='ocrx_word' id='word_1_209' title='bbox 929 1876 1151 1934; x_wconf 84' lang='lat' dir='ltr'><em>praeterea</em></span> <span class='ocrx_word' id='word_1_210' title='bbox 1174 1865 1296 1912; x_wconf 89' lang='lat' dir='ltr'><em>inter</em></span> <span class='ocrx_word' id='word_1_211' title='bbox 1321 1864 1469 1911; x_wconf 89' lang='lat' dir='ltr'><em>bonos</em></span> <span class='ocrx_word' id='word_1_212' title='bbox 1500 1871 1547 1910; x_wconf 92' lang='lat' dir='ltr'><em>et</em></span> <span class='ocrx_word' id='word_1_213' title='bbox 1574 1862 1720 1908; x_wconf 88' lang='lat' dir='ltr'><em>malos</em></span> <span class='ocrx_word' id='word_1_214' title='bbox 1742 1860 1831 1907; x_wconf 86' lang='lat' dir='ltr'><em>hoc</em></span> <span class='ocrx_word' id='word_1_215' title='bbox 1852 1861 1921 1907; x_wconf 86' lang='lat' dir='ltr'><em>af—</em></span> 
     </span>
     <span class='ocr_line' id='line_1_23' title="bbox 231 1928 1921 2008; baseline -0.011 -8"><span class='ocrx_word' id='word_1_216' title='bbox 231 1954 388 1999; x_wconf 83' lang='lat' dir='ltr'><em>firmat</em></span> <span class='ocrx_word' id='word_1_217' title='bbox 418 1949 709 1998; x_wconf 88' lang='lat' dir='ltr'><em>incercedere</em></span> <span class='ocrx_word' id='word_1_218' title='bbox 741 1946 1016 2004; x_wconf 82' lang='lat' dir='ltr'><em>discrimen,</em></span> <span class='ocrx_word' id='word_1_219' title='bbox 1046 1941 1173 2008; x_wconf 89' lang='lat' dir='ltr'><em>quod</em></span> <span class='ocrx_word' id='word_1_220' title='bbox 1203 1941 1314 1988; x_wconf 88' lang='lat' dir='ltr'><em>boni</em></span> <span class='ocrx_word' id='word_1_221' title='bbox 1350 1941 1444 1987; x_wconf 89' lang='lat' dir='ltr'><em>sint</em></span> <span class='ocrx_word' id='word_1_222' title='bbox 1482 1940 1531 1986; x_wconf 89' lang='lat' dir='ltr'><em>in</em></span> <span class='ocrx_word' id='word_1_223' title='bbox 1562 1928 1760 1985; x_wconf 85' lang='lat' dir='ltr'><em>Ecclesia</em></span> <span class='ocrx_word' id='word_1_224' title='bbox 1787 1939 1835 1984; x_wconf 90' lang='lat' dir='ltr'><em>&#39;et</em></span> <span class='ocrx_word' id='word_1_225' title='bbox 1864 1935 1921 1983; x_wconf 90' lang='lat' dir='ltr'><em>de</em></span> 
     </span>
     <span class='ocr_line' id='line_1_24' title="bbox 232 2013 1917 2089; baseline -0.011 -13"><span class='ocrx_word' id='word_1_226' title='bbox 232 2028 447 2089; x_wconf 83' lang='lat' dir='ltr'><em>Ecclesia,</em></span> <span class='ocrx_word' id='word_1_227' title='bbox 459 2026 571 2073; x_wconf 87' lang='lat' dir='ltr'><em>mali</em></span> <span class='ocrx_word' id='word_1_228' title='bbox 588 2042 700 2073; x_wconf 86' lang='lat' dir='ltr'><em>vero</em></span> <span class='ocrx_word' id='word_1_229' title='bbox 718 2025 810 2070; x_wconf 89' lang='lat' dir='ltr'><em>sint</em></span> <span class='ocrx_word' id='word_1_230' title='bbox 831 2020 1020 2087; x_wconf 88' lang='lat' dir='ltr'><em>quidem</em></span> <span class='ocrx_word' id='word_1_231' title='bbox 1032 2020 1083 2066; x_wconf 91' lang='lat' dir='ltr'><em>in</em></span> <span class='ocrx_word' id='word_1_232' title='bbox 1097 2018 1312 2076; x_wconf 80' lang='lat' dir='ltr'><em>Ecclesia,</em></span> <span class='ocrx_word' id='word_1_233' title='bbox 1330 2018 1412 2064; x_wconf 85' lang='lat' dir='ltr'><em>sed</em></span> <span class='ocrx_word' id='word_1_234' title='bbox 1430 2034 1525 2063; x_wconf 90' lang='lat' dir='ltr'><em>non</em></span> <span class='ocrx_word' id='word_1_235' title='bbox 1540 2014 1598 2062; x_wconf 86' lang='lat' dir='ltr'><em>de</em></span> <span class='ocrx_word' id='word_1_236' title='bbox 1619 2014 1817 2062; x_wconf 86' lang='lat' dir='ltr'><em>Ecclesia</em></span> <span class='ocrx_word' id='word_1_237' title='bbox 1829 2013 1917 2076; x_wconf 84' lang='lat'>(6).</span> 
     </span>
     <span class='ocr_line' id='line_1_25' title="bbox 233 2089 1919 2169; baseline -0.011 -16"><span class='ocrx_word' id='word_1_238' title='bbox 233 2105 283 2152; x_wconf 88' lang='lat'><em>7⁰</em></span> <span class='ocrx_word' id='word_1_239' title='bbox 314 2106 564 2169; x_wconf 87' lang='lat' dir='ltr'><em>Comparat</em></span> <span class='ocrx_word' id='word_1_240' title='bbox 599 2101 742 2150; x_wconf 87' lang='lat' dir='ltr'><em>etiam</em></span> <span class='ocrx_word' id='word_1_241' title='bbox 776 2101 821 2146; x_wconf 82' lang='lat' dir='ltr'><em>S.</em></span> <span class='ocrx_word' id='word_1_242' title='bbox 845 2101 1015 2146; x_wconf 88' lang='lat' dir='ltr'><em>Doctor</em></span> <span class='ocrx_word' id='word_1_243' title='bbox 1050 2104 1313 2160; x_wconf 82' lang='lat' dir='ltr'><em>peccatores</em></span> <span class='ocrx_word' id='word_1_244' title='bbox 1342 2091 1616 2139; x_wconf 83' lang='lat' dir='ltr'><em>humoribus</em></span> <span class='ocrx_word' id='word_1_245' title='bbox 1647 2089 1780 2137; x_wconf 87' lang='lat' dir='ltr'><em>malis</em></span> <span class='ocrx_word' id='word_1_246' title='bbox 1815 2089 1885 2153; x_wconf 90' lang='grc'><em>(7)</em></span> <span class='ocrx_word' id='word_1_247' title='bbox 1908 2124 1919 2146; x_wconf 62' lang='lat' dir='ltr'>a</span> 
     </span>
     <span class='ocr_line' id='line_1_26' title="bbox 235 2164 1922 2247; baseline -0.012 -18"><span class='ocrx_word' id='word_1_248' title='bbox 235 2182 315 2246; x_wconf 90' lang='lat' dir='ltr'><em>qui</em></span> <span class='ocrx_word' id='word_1_249' title='bbox 344 2181 551 2247; x_wconf 89' lang='lat' dir='ltr'><em>profecto</em></span> <span class='ocrx_word' id='word_1_250' title='bbox 585 2177 674 2224; x_wconf 87' lang='lat' dir='ltr'><em>dici</em></span> <span class='ocrx_word' id='word_1_251' title='bbox 702 2193 798 2222; x_wconf 92' lang='lat' dir='ltr'><em>non</em></span> <span class='ocrx_word' id='word_1_252' title='bbox 825 2182 1022 2239; x_wconf 90' lang='lat' dir='ltr'><em>possunt</em></span> <span class='ocrx_word' id='word_1_253' title='bbox 1059 2171 1261 2236; x_wconf 86' lang='lat' dir='ltr'><em>corporis</em></span> <span class='ocrx_word' id='word_1_254' title='bbox 1297 2168 1527 2217; x_wconf 87' lang='lat' dir='ltr'><em>membra.</em></span> <span class='ocrx_word' id='word_1_255' title='bbox 1567 2169 1766 2213; x_wconf 88' lang='lat' dir='ltr'><em>Demum</em></span> <span class='ocrx_word' id='word_1_256' title='bbox 1787 2200 1800 2217; x_wconf 68' lang='grc'>,</span> <span class='ocrx_word' id='word_1_257' title='bbox 1823 2164 1922 2218; x_wconf 78' lang='lat' dir='ltr'><em>¹etsi</em></span> 
     </span>
     <span class='ocr_line' id='line_1_27' title="bbox 235 2239 1924 2323; baseline -0.012 -17"><span class='ocrx_word' id='word_1_258' title='bbox 235 2259 427 2306; x_wconf 86' lang='lat' dir='ltr'><em>daretur</em></span> <span class='ocrx_word' id='word_1_259' title='bbox 449 2294 462 2319; x_wconf 83' lang='lat'><em>,</em></span> <span class='ocrx_word' id='word_1_260' title='bbox 481 2263 745 2323; x_wconf 86' lang='lat' dir='ltr'><em>peccatores</em></span> <span class='ocrx_word' id='word_1_261' title='bbox 779 2268 879 2299; x_wconf 89' lang='lat' dir='ltr'><em>esse</em></span> <span class='ocrx_word' id='word_1_262' title='bbox 906 2250 956 2295; x_wconf 92' lang='lat' dir='ltr'><em>in</em></span> <span class='ocrx_word' id='word_1_263' title='bbox 982 2247 1178 2297; x_wconf 90' lang='lat' dir='ltr'><em>Ecclesia</em></span> <span class='ocrx_word' id='word_1_264' title='bbox 1196 2282 1208 2306; x_wconf 69' lang='lat'>‚</span> <span class='ocrx_word' id='word_1_265' title='bbox 1232 2263 1336 2292; x_wconf 89' lang='lat' dir='ltr'><em>cum</em></span> <span class='ocrx_word' id='word_1_266' title='bbox 1359 2263 1453 2292; x_wconf 90' lang='lat' dir='ltr'><em>non</em></span> <span class='ocrx_word' id='word_1_267' title='bbox 1483 2244 1576 2290; x_wconf 90' lang='lat' dir='ltr'><em>sint</em></span> <span class='ocrx_word' id='word_1_268' title='bbox 1602 2241 1694 2288; x_wconf 91' lang='lat' dir='ltr'><em>nisi</em></span> <span class='ocrx_word' id='word_1_269' title='bbox 1714 2239 1924 2288; x_wconf 84' lang='lat' dir='ltr'><em>membra</em></span> 
     </span>
     <span class='ocr_line' id='line_1_28' title="bbox 234 2319 1792 2397; baseline -0.014 -12"><span class='ocrx_word' id='word_1_270' title='bbox 234 2346 417 2384; x_wconf 89' lang='lat' dir='ltr'><em>mortua</em></span> <span class='ocrx_word' id='word_1_271' title='bbox 433 2372 447 2397; x_wconf 82' lang='lat'><em>,</em></span> <span class='ocrx_word' id='word_1_272' title='bbox 470 2334 529 2382; x_wconf 87' lang='lat' dir='ltr'><em>ad</em></span> <span class='ocrx_word' id='word_1_273' title='bbox 550 2331 669 2380; x_wconf 90' lang='lat' dir='ltr'><em>nihil</em></span> <span class='ocrx_word' id='word_1_274' title='bbox 694 2328 959 2377; x_wconf 83' lang='lat' dir='ltr'><em>inserviunt</em></span> <span class='ocrx_word' id='word_1_275' title='bbox 974 2364 987 2388; x_wconf 70' lang='lat'>7</span> <span class='ocrx_word' id='word_1_276' title='bbox 1015 2343 1120 2373; x_wconf 91' lang='lat' dir='ltr'><em>cum</em></span> <span class='ocrx_word' id='word_1_277' title='bbox 1146 2322 1264 2371; x_wconf 87' lang='lat' dir='ltr'><em>nihil</em></span> <span class='ocrx_word' id='word_1_278' title='bbox 1285 2340 1417 2386; x_wconf 84' lang='lat' dir='ltr'><em>agere</em></span> <span class='ocrx_word' id='word_1_279' title='bbox 1439 2320 1632 2387; x_wconf 90' lang='lat' dir='ltr'><em>possint.</em></span> <span class='ocrx_word' id='word_1_280' title='bbox 1661 2319 1792 2381; x_wconf 83' lang='lat' dir='ltr'><em>Ergo.</em></span> 
     </span>
    </p>

    <p class='ocr_par' dir='ltr' id='par_1_3' title="bbox 237 2402 1925 2630">
     <span class='ocr_line' id='line_1_29' title="bbox 301 2402 1924 2477; baseline -0.014 -16"><span class='ocrx_word' id='word_1_281' title='bbox 301 2414 381 2461; x_wconf 89' lang='grc'><em>74.</em></span> <span class='ocrx_word' id='word_1_282' title='bbox 421 2415 561 2477; x_wconf 86' lang='lat' dir='ltr'><em>Resp.</em></span> <span class='ocrx_word' id='word_1_283' title='bbox 596 2408 667 2458; x_wconf 86' lang='lat' dir='ltr'><em>Ad</em></span> <span class='ocrx_word' id='word_1_284' title='bbox 702 2409 793 2464; x_wconf 68' lang='lat'><em>1¹1¹7</em></span> <span class='ocrx_word' id='word_1_285' title='bbox 824 2407 950 2453; x_wconf 86' lang='lat' dir='ltr'><em>Dist.</em></span> <span class='ocrx_word' id='word_1_286' title='bbox 990 2402 1141 2451; x_wconf 87' lang='lat' dir='ltr'><em>Debet</em></span> <span class='ocrx_word' id='word_1_287' title='bbox 1176 2408 1334 2446; x_wconf 87' lang='lat' dir='ltr'><em>sancta</em></span> <span class='ocrx_word' id='word_1_288' title='bbox 1368 2415 1465 2445; x_wconf 90' lang='lat' dir='ltr'><em>esse</em></span> <span class='ocrx_word' id='word_1_289' title='bbox 1495 2405 1541 2444; x_wconf 91' lang='lat' dir='ltr'><em>et</em></span> <span class='ocrx_word' id='word_1_290' title='bbox 1574 2412 1738 2443; x_wconf 87' lang='lat' dir='ltr'><em>revera</em></span> <span class='ocrx_word' id='word_1_291' title='bbox 1767 2403 1837 2441; x_wconf 90' lang='lat' dir='ltr'><em>est</em></span> <span class='ocrx_word' id='word_1_292' title='bbox 1869 2410 1924 2441; x_wconf 83' lang='lat' dir='ltr'><em>ex</em></span> 
     </span>
     <span class='ocr_line' id='line_1_30' title="bbox 237 2470 1923 2554; baseline -0.014 -16"><span class='ocrx_word' id='word_1_293' title='bbox 237 2489 484 2554; x_wconf 87' lang='lat' dir='ltr'><em>multiplici</em></span> <span class='ocrx_word' id='word_1_294' title='bbox 507 2487 683 2553; x_wconf 75' lang='lat' dir='ltr'><em>capite,</em></span> <span class='ocrx_word' id='word_1_295' title='bbox 709 2500 834 2531; x_wconf 82' lang='lat' dir='ltr'><em>conc.</em></span> <span class='ocrx_word' id='word_1_296' title='bbox 851 2500 865 2534; x_wconf 83' lang='lat'><em>‚·</em></span> <span class='ocrx_word' id='word_1_297' title='bbox 887 2480 946 2527; x_wconf 84' lang='lat' dir='ltr'><em>ad</em></span> <span class='ocrx_word' id='word_1_298' title='bbox 966 2478 1278 2527; x_wconf 82' lang='lat' dir='ltr'><em>exclusionem</em></span> <span class='ocrx_word' id='word_1_299' title='bbox 1293 2483 1611 2537; x_wconf 86' lang='lat' dir='ltr'><em>peccatorum,</em></span> <span class='ocrx_word' id='word_1_300' title='bbox 1633 2489 1734 2535; x_wconf 70' lang='lat' dir='ltr'><em>neq.</em></span> <span class='ocrx_word' id='word_1_301' title='bbox 1753 2470 1923 2533; x_wconf 85' lang='lat' dir='ltr'><em>Utique</em></span> 
     </span>
     <span class='ocr_line' id='line_1_31' title="bbox 239 2547 1925 2630; baseline -0.014 -16"><span class='ocrx_word' id='word_1_302' title='bbox 239 2565 435 2614; x_wconf 87' lang='lat' dir='ltr'><em>Ecclesia</em></span> <span class='ocrx_word' id='word_1_303' title='bbox 463 2566 614 2630; x_wconf 87' lang='lat' dir='ltr'><em>reipsa</em></span> <span class='ocrx_word' id='word_1_304' title='bbox 643 2567 801 2607; x_wconf 86' lang='lat' dir='ltr'><em>sancta</em></span> <span class='ocrx_word' id='word_1_305' title='bbox 829 2556 971 2605; x_wconf 87' lang='lat' dir='ltr'><em>debet</em></span> <span class='ocrx_word' id='word_1_306' title='bbox 992 2571 1091 2604; x_wconf 86' lang='lat' dir='ltr'><em>esse</em></span> <span class='ocrx_word' id='word_1_307' title='bbox 1112 2570 1164 2601; x_wconf 88' lang='lat' dir='ltr'><em>ac</em></span> <span class='ocrx_word' id='word_1_308' title='bbox 1189 2568 1374 2616; x_wconf 84' lang='lat' dir='ltr'><em>semper</em></span> <span class='ocrx_word' id='word_1_309' title='bbox 1402 2560 1502 2609; x_wconf 67' lang='lat' dir='ltr'><em>est,</em></span> <span class='ocrx_word' id='word_1_310' title='bbox 1532 2557 1584 2594; x_wconf 91' lang='lat' dir='ltr'><em>ut</em></span> <span class='ocrx_word' id='word_1_311' title='bbox 1606 2547 1777 2595; x_wconf 83' lang='lat' dir='ltr'><em>camin</em></span> <span class='ocrx_word' id='word_1_312' title='bbox 1799 2561 1925 2607; x_wconf 79' lang='lat' dir='ltr'><em>sym-</em></span> 
     </span>
    </p>
   </div>
   <div class='ocr_carea' id='block_1_3' title="bbox 238 2686 1932 2890">
    <p class='ocr_par' dir='ltr' id='par_1_4' title="bbox 238 2686 1932 2890">
     <span class='ocr_line' id='line_1_32' title="bbox 294 2686 1924 2761; baseline -0.016 -13"><span class='ocrx_word' id='word_1_313' title='bbox 294 2710 345 2761; x_wconf 91' lang='lat'><em>(1)</em></span> <span class='ocrx_word' id='word_1_314' title='bbox 378 2708 426 2755; x_wconf 93' lang='lat' dir='ltr'><em>V,</em></span> <span class='ocrx_word' id='word_1_315' title='bbox 444 2705 494 2745; x_wconf 84' lang='lat'><em>25</em></span> <span class='ocrx_word' id='word_1_316' title='bbox 521 2718 557 2745; x_wconf 87' lang='lat' dir='ltr'><em>et</em></span> <span class='ocrx_word' id='word_1_317' title='bbox 578 2718 680 2757; x_wconf 81' lang='lat' dir='ltr'><em>seqq.</em></span> <span class='ocrx_word' id='word_1_318' title='bbox 1175 2696 1230 2747; x_wconf 63' lang='lat' dir='ltr'><em>(Ii)</em></span> <span class='ocrx_word' id='word_1_319' title='bbox 1264 2693 1374 2733; x_wconf 83' lang='lat' dir='ltr'><em>Cont.</em></span> <span class='ocrx_word' id='word_1_320' title='bbox 1405 2692 1517 2730; x_wconf 80' lang='lat' dir='ltr'><em>litter.</em></span> <span class='ocrx_word' id='word_1_321' title='bbox 1538 2688 1727 2729; x_wconf 72' lang='lat' dir='ltr'><em>Petiliam·</em></span> <span class='ocrx_word' id='word_1_322' title='bbox 1735 2716 1745 2733; x_wconf 89' lang='lat'>‚</span> <span class='ocrx_word' id='word_1_323' title='bbox 1777 2686 1846 2724; x_wconf 88' lang='lat' dir='ltr'><em>lib.</em></span> <span class='ocrx_word' id='word_1_324' title='bbox 1871 2700 1924 2733; x_wconf 82' lang='lat'><em>11,</em></span> 
     </span>
     <span class='ocr_line' id='line_1_33' title="bbox 247 2760 1322 2826; baseline -0.014 -11"><span class='ocrx_word' id='word_1_325' title='bbox 247 2817 251 2821; x_wconf 75' lang='grc'>,</span> <span class='ocrx_word' id='word_1_326' title='bbox 290 2777 344 2826; x_wconf 70' lang='grc'><em>(2)</em></span> <span class='ocrx_word' id='word_1_327' title='bbox 377 2774 589 2814; x_wconf 79' lang='lat' dir='ltr'><em>Comment.</em></span> <span class='ocrx_word' id='word_1_328' title='bbox 613 2772 658 2809; x_wconf 77' lang='lat' dir='ltr'><em>in</em></span> <span class='ocrx_word' id='word_1_329' title='bbox 682 2771 791 2823; x_wconf 79' lang='lat' dir='ltr'><em>epist.</em></span> <span class='ocrx_word' id='word_1_330' title='bbox 824 2767 875 2805; x_wconf 86' lang='lat' dir='ltr'><em>ad</em></span> <span class='ocrx_word' id='word_1_331' title='bbox 904 2767 1052 2819; x_wconf 81' lang='lat' dir='ltr'><em>Ephes.</em></span> <span class='ocrx_word' id='word_1_332' title='bbox 1121 2778 1203 2815; x_wconf 84' lang='lat' dir='ltr'><em>cap.</em></span> <span class='ocrx_word' id='word_1_333' title='bbox 1236 2760 1322 2801; x_wconf 88' lang='lat'>108.</span> 
     </span>
     <span class='ocr_line' id='line_1_34' title="bbox 238 2816 1932 2890; baseline -0.015 -9"><span class='ocrx_word' id='word_1_334' title='bbox 238 2844 305 2881; x_wconf 90' lang='lat' dir='ltr'><em>lib.</em></span> <span class='ocrx_word' id='word_1_335' title='bbox 332 2855 381 2890; x_wconf 87' lang='lat'><em>11,</em></span> <span class='ocrx_word' id='word_1_336' title='bbox 405 2843 445 2878; x_wconf 89' lang='lat' dir='ltr'><em>in</em></span> <span class='ocrx_word' id='word_1_337' title='bbox 470 2855 509 2878; x_wconf 89' lang='lat' dir='ltr'><em>v.</em></span> <span class='ocrx_word' id='word_1_338' title='bbox 541 2836 607 2888; x_wconf 73' lang='grc'><em>24.</em></span> <span class='ocrx_word' id='word_1_339' title='bbox 1180 2828 1233 2878; x_wconf 76' lang='lat'><em>(5)</em></span> <span class='ocrx_word' id='word_1_340' title='bbox 1264 2827 1326 2865; x_wconf 84' lang='lat' dir='ltr'><em>De</em></span> <span class='ocrx_word' id='word_1_341' title='bbox 1344 2824 1545 2877; x_wconf 74' lang='lat' dir='ltr'><em>Baptismo</em></span> <span class='ocrx_word' id='word_1_342' title='bbox 1561 2848 1573 2870; x_wconf 83' lang='lat'><em>,</em></span> <span class='ocrx_word' id='word_1_343' title='bbox 1600 2819 1667 2858; x_wconf 88' lang='lat' dir='ltr'><em>lib.</em></span> <span class='ocrx_word' id='word_1_344' title='bbox 1685 2832 1750 2867; x_wconf 78' lang='lat' dir='ltr'><em>vt,</em></span> <span class='ocrx_word' id='word_1_345' title='bbox 1781 2832 1865 2870; x_wconf 86' lang='lat' dir='ltr'><em>cap.</em></span> <span class='ocrx_word' id='word_1_346' title='bbox 1895 2816 1932 2855; x_wconf 84' lang='lat'><em>3.</em></span> 
     </span>
    </p>
   </div>
   <div class='ocr_carea' id='block_1_4' title="bbox 239 2881 1932 3030">
    <p class='ocr_par' dir='ltr' id='par_1_5' title="bbox 239 2881 1932 3030">
     <span class='ocr_line' id='line_1_35' title="bbox 295 2881 1929 2962; baseline -0.018 -12"><span class='ocrx_word' id='word_1_347' title='bbox 295 2910 349 2962; x_wconf 79' lang='lat'><em>(3)</em></span> <span class='ocrx_word' id='word_1_348' title='bbox 378 2908 593 2961; x_wconf 55' lang='lat' dir='ltr'><em>Epi-stan,</em></span> <span class='ocrx_word' id='word_1_349' title='bbox 618 2903 669 2941; x_wconf 87' lang='lat' dir='ltr'><em>ad</em></span> <span class='ocrx_word' id='word_1_350' title='bbox 685 2900 891 2954; x_wconf 77' lang='lat' dir='ltr'><em>Sympron.</em></span> <span class='ocrx_word' id='word_1_351' title='bbox 910 2902 951 2939; x_wconf 89' lang='lat' dir='ltr'><em>in</em></span> <span class='ocrx_word' id='word_1_352' title='bbox 984 2911 1060 2937; x_wconf 80' lang='lat' dir='ltr'><em>ma·</em></span> <span class='ocrx_word' id='word_1_353' title='bbox 1181 2894 1233 2945; x_wconf 87' lang='grc'><em>(6)</em></span> <span class='ocrx_word' id='word_1_354' title='bbox 1265 2892 1367 2931; x_wconf 88' lang='lat' dir='ltr'><em>lbid.</em></span> <span class='ocrx_word' id='word_1_355' title='bbox 1403 2889 1473 2928; x_wconf 88' lang='lat' dir='ltr'><em>lib.</em></span> <span class='ocrx_word' id='word_1_356' title='bbox 1505 2898 1560 2925; x_wconf 86' lang='lat' dir='ltr'><em>vn</em></span> <span class='ocrx_word' id='word_1_357' title='bbox 1578 2914 1589 2931; x_wconf 92' lang='lat'><em>‚</em></span> <span class='ocrx_word' id='word_1_358' title='bbox 1615 2898 1698 2936; x_wconf 81' lang='lat' dir='ltr'><em>cap.</em></span> <span class='ocrx_word' id='word_1_359' title='bbox 1729 2882 1775 2922; x_wconf 88' lang='lat'><em>51</em></span> <span class='ocrx_word' id='word_1_360' title='bbox 1799 2892 1834 2922; x_wconf 88' lang='lat' dir='ltr'><em>et</em></span> <span class='ocrx_word' id='word_1_361' title='bbox 1863 2881 1929 2920; x_wconf 81' lang='lat'><em>52.</em></span> 
     </span>
     <span class='ocr_line' id='line_1_36' title="bbox 239 2946 1932 3030; baseline -0.024 -5"><span class='ocrx_word' id='word_1_362' title='bbox 239 2992 311 3030; x_wconf 72' lang='lat' dir='ltr'><em>gna</em></span> <span class='ocrx_word' id='word_1_363' title='bbox 325 2975 685 3016; x_wconf 68' lang='lat' dir='ltr'><em>Biblioth·Patrum</em></span> <span class='ocrx_word' id='word_1_364' title='bbox 700 2981 790 3013; x_wconf 85' lang='lat' dir='ltr'><em>tom.</em></span> <span class='ocrx_word' id='word_1_365' title='bbox 803 2985 857 3021; x_wconf 79' lang='lat' dir='ltr'><em>IV,</em></span> <span class='ocrx_word' id='word_1_366' title='bbox 873 2970 1057 3024; x_wconf 75' lang='lat' dir='ltr'><em>pag-239.</em></span> <span class='ocrx_word' id='word_1_367' title='bbox 1181 2960 1236 3010; x_wconf 84' lang='lat'><em>(7)</em></span> <span class='ocrx_word' id='word_1_368' title='bbox 1271 2958 1403 2997; x_wconf 74' lang='lat' dir='ltr'><em>Tract.</em></span> <span class='ocrx_word' id='word_1_369' title='bbox 1417 2968 1473 2993; x_wconf 90' lang='grc' dir='ltr'><strong>ιιι.</strong></span> <span class='ocrx_word' id='word_1_370' title='bbox 1486 2955 1531 2992; x_wconf 76' lang='lat' dir='ltr'><em>in</em></span> <span class='ocrx_word' id='word_1_371' title='bbox 1544 2965 1557 2989; x_wconf 86' lang='grc' dir='ltr'><strong>ι</strong></span> <span class='ocrx_word' id='word_1_372' title='bbox 1570 2949 1701 3004; x_wconf 73' lang='lat' dir='ltr'><em>Epist.</em></span> <span class='ocrx_word' id='word_1_373' title='bbox 1715 2948 1876 2989; x_wconf 71' lang='lat' dir='ltr'><em>Joanm.</em></span> <span class='ocrx_word' id='word_1_374' title='bbox 1892 2946 1932 2985; x_wconf 86' lang='lat'><em>5.</em></span> 
     </span>
    </p>
   </div>
  </div>
 </body>
</html>
