2028 3354
497 193 623 226 PAR‘r.
660 196 694 225 1.
733 196 833 226 CAP.
871 196 935 226 IV.
973 196 1028 225 DE
1062 195 1280 226 ECCLESIAE
1312 195 1511 227 DOTIBUS.

1737 180 1831 228 281

137 315 184 354 et
202 307 335 355 aulici
354 308 555 355 ministri
576 325 673 355 non
694 310 830 373 pauci
851 325 933 356 sua
959 308 1212 356 dictamina
1231 309 1512 371 hauserunt,
1539 308 1706 374 quibus
1728 310 1834 358 sub-

128 384 348 445 Jiceretur
371 383 494 432 civili
524 385 746 449 potestati
769 384 1070 432 ecclesiastica
1095 384 1313 446 libertas7
1337 386 1507 433 frustra
1531 385 1832 434 reclamanti-

135 457 223 506 bus
247 459 468 507 adversus
493 460 720 522 ejusmodi
749 461 1066 526 impietatem,
1087 478 1178 525 qua
1207 461 1296 508 hoc
1325 460 1437 508 fidei
1465 461 1630 526 dogma
1652 463 1833 512 everti-

136 543 237 596 tur,
261 536 481 582 Romanis
499 536 800 584 Pontificibus
822 554 915 584 una
942 554 1048 584 cum
1073 535 1284 584 Ecclesiae
1307 537 1536 585 universae
1558 538 1833 603 praesulibus

134 611 194 659 ob
219 613 426 676 ingentia
456 614 611 672 mala,
637 632 741 679 quae
771 632 828 662 ex
853 613 939 660 hac
962 611 1129 676 agendi
1155 613 1336 662 ratione
1368 613 1613 679 profluunt
1637 616 1687 662 in
1708 619 1832 679 ejus-

132 687 241 737 dem
263 689 474 739 Ecclesia}
497 691 836 739 detrimentum
860 689 945 752 (1).

186 888 239 939 (l)
271 888 449 928 Tendunt
485 891 583 929 enim
616 890 698 927 haec
729 891 888 938 omnia,
925 903 946 926 a

131 951 422 993 Protestantihus
438 956 578 994 invecta
596 984 607 1004 ‚
625 954 672 993 ad
694 953 864 993 Ecclesiae
886 967 947 992 ca-

132 1018 275 1058 tholicae
304 1019 617 1068 destructionem,
647 1028 681 1058 et
714 1021 760 1059 ad
795 1021 867 1059 hoc
898 1020 946 1058 ab

129 1085 219 1135 ipsis
249 1085 401 1124 fuerunt
423 1085 605 1124 ordinata.
637 1084 758 1125 Semel
782 1087 882 1125 enim
903 1099 945 1125 ac

129 1149 271 1188 tollitur
282 1149 329 1189 ab
345 1150 508 1189 Ecclesia
527 1152 674 1190 libertas
689 1182 698 1199 ‚
715 1166 787 1205 qua
806 1152 943 1191 divini·

128 1222 187 1252 tus
213 1216 375 1267 gaudet,
402 1217 444 1255 fit
471 1226 512 1256 ut
532 1217 643 1256 Rom.
663 1217 835 1257 Pontifex
860 1218 944 1257 nul-

129 1278 206 1319 lam
233 1282 391 1334 amplius
416 1284 457 1321 in
485 1282 694 1322 Catholicos
719 1286 760 1322 in
791 1285 940 1323 illorum

127 1347 347 1399 regionibus
376 1350 594 1388 constitutos
626 1362 797 1389 exercere
828 1350 943 1401 possit

127 1415 384 1452 auctoritatem
399 1444 408 1461 ‚
453 1429 522 1453 nec
561 1415 698 1454 abusus
733 1418 912 1468 corrigere
928 1447 939 1465 ‚

127 1491 197 1516 nec
213 1479 337 1517 devios
358 1479 405 1517 ad
426 1494 555 1518 sanam
578 1481 728 1534 frugem
747 1494 916 1520 revocare
929 1513 939 1531 ,

128 1556 198 1581 nec
224 1543 517 1584 observationem
543 1560 732 1585 canonum
766 1561 808 1586 ac
834 1548 947 1586 disci--

128 1608 237 1658 plinae
259 1623 387 1661 urgere
412 1623 482 1659 3⁸0
495 1612 643 1662 pessimi
657 1612 827 1652 homines
846 1642 857 1662 ‚
877 1615 941 1665 qui

127 1687 323 1727 nunquam
348 1675 503 1724 desunt,
521 1677 592 1715 hac
605 1678 841 1717 immunitate
855 1679 941 1718 freti

128 1742 254 1778 omnia
270 1748 492 1792 pervertunt.
519 1742 690 1795 Episcopi
711 1744 757 1783 ad
771 1747 941 1792 miseram

128 1806 341 1845 servitutem
374 1807 509 1845 redacti
527 1836 537 1856 ,
570 1809 709 1847 nedum
749 1809 939 1862 quidpiam

127 1872 167 1909 in
185 1870 331 1910 bonum
347 1874 557 1912 animarum
584 1883 741 1915 statuere
765 1878 906 1928 possint
928 1908 938 1927 ,

127 1937 394 1988 impediuntur,
417 1942 618 1991 quominus
635 1942 691 1980 vel
704 1944 801 1994 ipsas
821 1951 942 1995 pasto-

128 2002 222 2042 rales
235 2005 494 2045 instructiones
506 2006 647 2060 absque
659 2008 795 2060 politiae
811 2012 943 2062 praevia

132 2071 312 2108 revisione
349 2084 392 2109 ac
424 2072 558 2123 placito
594 2081 659 2111 aut
692 2077 843 2114 recitare
882 2084 944 2114 aut

127 2134 286 2184 publicis
299 2139 398 2189 typis
421 2138 568 2190 vulgare
580 2149 731 2192 queant.
745 2141 944 2193 Nequeunt

130 2197 281 2239 Ordines
293 2205 454 2255 cuipiam
475 2206 641 2244 conferre
656 2206 798 2259 absque
809 2211 943 2259 praevio

131 2265 393 2318 guberniorum
405 2272 540 2323 placito
559 2303 570 2324 ,
584 2281 629 2310 ut
642 2274 837 2312 innumera
851 2288 944 2326 pene

130 2334 310 2385 ejusmodi
331 2336 401 2374 alia
421 2339 517 2377 mala
539 2338 682 2378 silentio
703 2348 912 2391 praeteream
930 2371 941 2389 ‚

130 2411 213 2451 quae
241 2401 431 2441 notissima
461 2413 550 2443 sunt
575 2418 617 2443 ex
643 2405 802 2456 publicis
823 2406 942 2444 docu-

132 2467 281 2505 mentis.
311 2465 366 2505 Ne
389 2479 475 2508 vero
490 2470 572 2510 haec
595 2472 706 2509 nimis
733 2479 944 2524 exaggerata

129 2530 344 2580 videantur,
362 2533 526 2584 afferam,
538 2548 621 2588 quae
636 2535 809 2587 leguntur
821 2539 861 2576 in
873 2545 942 2577 art.

131 2594 224 2634 Etat
249 2597 302 2635 du
327 2598 582 2645 catholicisme
600 2599 698 2639 dans
712 2600 744 2640 le
762 2615 944 2655 royaume

131 2660 177 2700 de
201 2661 270 2702 W
267 2663 480 2716 urtemberq
497 2694 507 2712 ‚
529 2667 672 2704 extrait
696 2666 740 2705 de
765 2667 802 2707 la
816 2667 944 2705 Revue

132 2732 393 2781 europeenne‚
429 2730 520 2769 Juin
561 2729 676 2770 1833.
707 2732 778 2770 En
808 2730 938 2782 1818,

125 2793 323 2846 plusieurs
337 2795 490 2849 deputes
505 2804 538 2835 et
554 2796 767 2836 conseillers
780 2798 943 2850 deprim-

127 2873 187 2898 ces
198 2864 412 2912 pretestam
428 2862 474 2901 de
487 2861 756 2914 l'Allemaque,
771 2863 940 2903 emt-'au-

125 2932 200 2964 tres
234 2926 279 2965 de
315 2927 382 2966 W
379 2929 617 2980 urtemberq‚
649 2929 695 2967 de
730 2929 866 2975 Bade,
893 2930 940 2970 de

123 2991 318 3032 l’electorat
328 3000 363 3032 et
379 2994 431 3033 du
440 2995 708 3047 qrand-duchs
724 2996 769 3035 de
791 2996 912 3036 Hesee
923 3025 937 3047 ,

1015 888 1061 925 de
1098 886 1256 926 Nassau
1284 916 1296 936 ‚
1319 887 1373 925 du
1411 886 1746 939 Mecklemboury,
1785 887 1832 926 de

1019 951 1210 993 Weimar
1224 982 1235 1001 ,
1259 952 1323 990 des
1348 951 1489 994 daches
1509 953 1555 991 de
1575 954 1676 992 Saxe
1693 983 1703 1002 ‚
1719 951 1833 991 ‹1⁹01-

1013 1017 1208 1069 denbourq
1223 1048 1235 1064 ,
1268 1018 1313 1056 de
1340 1017 1515 1068 Waidek
1529 1048 1541 1069 ‚
1577 1027 1612 1057 et
1634 1019 1699 1057 des
1722 1018 1832 1058 villes

1011 1082 1124 1121 libres
1150 1084 1195 1121 de
1215 1082 1393 1132 Luheck,
1428 1083 1571 1123 Brsme
1606 1091 1641 1123 et
1676 1084 1832 1123 Franc-

1006 1149 1309 1200 fort-sur-Mein
1326 1179 1336 1197 ,
1355 1163 1393 1188 se
1407 1152 1606 1188 re'unirent
1628 1149 1728 1188 dans
1738 1156 1831 1189 cette

1009 1215 1184 1254 der-niere
1207 1215 1297 1254 ville
1314 1247 1324 1265 ,
1355 1229 1445 1254 sous
1465 1215 1503 1254 la
1519 1215 1745 1269 presidence
1777 1217 1831 1255 du

1010 1284 1190 1321 ministre
1234 1282 1569 1335 wurtemberyeois
1615 1282 1683 1323 W
1681 1296 1828 1335 anqen-

1009 1349 1127 1399 heim,
1141 1351 1274 1387 assiste
1288 1350 1333 1388 de
1351 1352 1418 1392 M.
1426 1349 1462 1388 le
1473 1351 1593 1403 doyen
1606 1349 1637 1388 J
1637 1364 1826 1400 aumarm,

1002 1429 1105 1468 pour
1126 1414 1315 1454 deliberer
1336 1429 1406 1454 sur
1426 1415 1478 1453 les
1497 1417 1654 1470 affaires
1670 1416 1716 1454 de
1738 1416 1827 1455 l’E1

1008 1482 1102 1534 qliso
1117 1481 1332 1534 catholique
1346 1495 1394 1520 en
1418 1482 1649 1534 Allemayne
1671 1487 1711 1520 et
1730 1483 1828 1533 fiscer

1010 1547 1062 1586 les
1095 1547 1203 1585 bases
1234 1547 1280 1585 de
1303 1560 1373 1586 son
1404 1549 1681 1599 orqanisation.
1709 1547 1755 1586 V
1752 1549 1831 1599 oipi

1010 1613 1061 1652 les
1086 1614 1219 1666 points
1238 1614 1484 1666 principatum
1507 1627 1576 1651 sur
1597 1612 1753 1665 lesquels
1778 1627 1828 1652 on

1009 1680 1134 1718 tomba
1159 1680 1334 1718 d’aceord
1362 1693 1373 1718 :
1410 1686 1447 1718 1⁰
1483 1680 1670 1732 L’quise
1696 1680 1826 1719 catho-

1009 1744 1109 1797 lique
1131 1758 1216 1784 sera
1240 1746 1388 1784 reduite
1412 1759 1491 1784 aux
1519 1746 1639 1785 droits
1666 1748 1735 1798 qui
1762 1747 1827 1785 de-

1008 1809 1158 1849 coulent
1174 1811 1219 1849 de
1231 1825 1288 1849 ses
1297 1812 1497 1863 principes
1515 1812 1721 1853 essentiels.
1737 1812 1798 1851 Or
1811 1844 1822 1863 ‚

1010 1876 1109 1915 dans
1123 1875 1270 1929 l'esprit
1286 1877 1331 1915 de
1345 1876 1382 1915 la
1395 1877 1613 1929 conference
1629 1908 1638 1926 ‚
1655 1878 1711 1927 les*
1715 1880 1826 1931 prin·

1008 1944 1111 1994 cipes
1123 1942 1312 1981 essentiels
1332 1942 1509 1981 devaient
1529 1945 1606 1982 ecre
1617 1944 1708 1982 tires
1722 1974 1732 1992 ‚
1747 1958 1825 1983 non

1010 2007 1063 2046 du
1081 2008 1183 2046 droit
1216 2008 1453 2059 canom'que,
1490 2010 1591 2049 mais
1619 2010 1684 2047 des
1707 2009 1826 2049 droite

1011 2074 1243 2121 rationnels,
1267 2073 1438 2113 natm-els
1461 2082 1496 2113 et
1513 2075 1667 2127 publius
1685 2075 1731 2113 de
1740 2074 1824 2116 ΓΕ-

1010 2146 1065 2177 tat
1076 2145 1111 2177 et
1135 2140 1179 2177 de
1193 2138 1356 2191 l'Eylise
1372 2169 1383 2188 ,
1408 2140 1475 2178 tels
1489 2139 1602 2192 qu'ils
1617 2148 1700 2179 sont
1722 2143 1824 2180 ima-

1008 2206 1119 2255 9ine3
1135 2218 1212 2257 par
1233 2205 1285 2243 les
1304 2213 1523 2258 protestans
1542 2237 1551 2254 ‚
1582 2206 1614 2244 le
1640 2212 1722 2244 tout
1741 2206 1824 2245 d'a-

1003 2271 1094 2322 pres
1107 2283 1174 2308 son
1187 2272 1344 2322 systema
1362 2271 1573 2310 territorial
1585 2278 1620 2309 et
1632 2271 1825 2325 episcopal

1008 2343 1044 2373 et
1064 2337 1360 2387 consormement
1379 2350 1458 2374 aux
1469 2337 1657 2376 doctrines
1678 2338 1723 2376 de
1746 2338 1824 2377 Fe-

1009 2401 1181 2441 hronius.
1207 2410 1247 2440 2⁰
1270 2403 1341 2441 Les
1351 2403 1589 2442 conclusione
1604 2403 1658 2442 du
1677 2404 1822 2443 concile

1009 2468 1055 2505 de
1080 2467 1180 2507 Bone
1202 2476 1238 2507 et
1272 2469 1324 2507 les
1347 2469 1612 2509 ordomzances
1640 2470 1693 2508 du
1719 2469 1822 2510 droit

1012 2534 1296 2587 ecclesia-§tique
1321 2536 1538 2574 autrichien
1556 2567 1566 2584 ‚
1599 2535 1708 2575 celles
1733 2550 1822 2576 sur-

1011 2606 1090 2639 tout
1112 2601 1156 2639 de
1180 2602 1401 2655 l'empereur
1429 2602 1569 2656 loseph
1596 2601 1665 2642 II.
1693 2602 1735 2640 3⁰
1759 2603 1822 2642 La

1009 2664 1102 2705 libre
1123 2667 1445 2720 communicatori
1467 2681 1557 2707 avec
1588 2669 1707 2707 Rome
1736 2682 1821 2708 sera

1009 2737 1089 2770 tout
1118 2733 1142 2771 ὰ
1168 2734 1246 2785 fait
1289 2736 1519 2787 supprimee.
1555 2733 1599 2785 4⁰
1634 2734 1821 2786 L’eveque

1007 2796 1150 2836 n'aura
1173 2801 1313 2851 qu’une
1342 2801 1530 2852 influence
1554 2802 1821 2839 extremeniem

1006 2864 1180 2914 qenerale
1199 2873 1234 2904 et
1252 2866 1524 2905 indeterminee
1550 2879 1621 2905 sur
1637 2866 1687 2905 les
1705 2865 1822 2903 evoles

1007 2929 1236 2981 inferieures
1259 2938 1295 2970 et
1314 2933 1552 2984 superieures
1574 2932 1732 2983 confides
1755 2933 1818 2969 eat-

1006 2995 1252 3037 clueivement
1274 2999 1298 3038 ὰ
1317 2997 1447 3039 l’Etae.
1472 3000 1627 3047 Mente,
1647 2998 1745 3036 dans
1766 2996 1818 3036 les
