<?xml version="1.0" encoding="UTF-8"?>
<!DOCTYPE html PUBLIC "-//W3C//DTD XHTML 1.0 Transitional//EN"
    "http://www.w3.org/TR/xhtml1/DTD/xhtml1-transitional.dtd">
<html xmlns="http://www.w3.org/1999/xhtml" xml:lang="en" lang="en">
 <head>
  <title>
</title>
<meta http-equiv="Content-Type" content="text/html;charset=utf-8" />
  <meta name='ocr-system' content='tesseract 3.04.00' />
  <meta name='ocr-capabilities' content='ocr_page ocr_carea ocr_par ocr_line ocrx_word'/>
</head>
<body>
  <div class='ocr_page' id='page_1' title='image "./praelectionestheo08perruoft/praelectionestheo08perruoft_0177.png"; bbox 0 0 2028 3354; ppageno 0'>
   <div class='ocr_carea' id='block_1_1' title="bbox 525 222 1494 256">
    <p class='ocr_par' dir='ltr' id='par_1_1' title="bbox 525 222 1494 256">
     <span class='ocr_line' id='line_1_1' title="bbox 525 222 1494 256; baseline 0.006 -6"><span class='ocrx_word' id='word_1_1' title='bbox 525 222 653 251; x_wconf 77' lang='lat' dir='ltr'>PART.</span> <span class='ocrx_word' id='word_1_2' title='bbox 693 224 725 252; x_wconf 91' lang='lat'>1.</span> <span class='ocrx_word' id='word_1_3' title='bbox 764 222 861 254; x_wconf 73' lang='lat' dir='ltr'>CAP.</span> <span class='ocrx_word' id='word_1_4' title='bbox 901 222 970 252; x_wconf 88' lang='lat'>111.</span> <span class='ocrx_word' id='word_1_5' title='bbox 1010 224 1063 253; x_wconf 82' lang='lat' dir='ltr'>DE</span> <span class='ocrx_word' id='word_1_6' title='bbox 1100 225 1315 255; x_wconf 84' lang='lat' dir='ltr'>EGCLESIAE</span> <span class='ocrx_word' id='word_1_7' title='bbox 1351 226 1494 256; x_wconf 74' lang='lat' dir='ltr'>nous.</span> 
     </span>
    </p>
   </div>
   <div class='ocr_carea' id='block_1_2' title="bbox 1770 211 1859 258">
    <p class='ocr_par' dir='ltr' id='par_1_2' title="bbox 1770 211 1859 258">
     <span class='ocr_line' id='line_1_2' title="bbox 1770 211 1859 258; baseline -0.011 0"><span class='ocrx_word' id='word_1_8' title='bbox 1770 211 1859 258; x_wconf 84' lang='lat'>165</span> 
     </span>
    </p>
   </div>
   <div class='ocr_carea' id='block_1_3' title="bbox 163 335 1858 934">
    <p class='ocr_par' dir='ltr' id='par_1_3' title="bbox 167 335 1854 628">
     <span class='ocr_line' id='line_1_3' title="bbox 171 335 1854 403; baseline 0.004 -21"><span class='ocrx_word' id='word_1_9' title='bbox 171 353 408 400; x_wconf 85' lang='lat' dir='ltr'>processus</span> <span class='ocrx_word' id='word_1_10' title='bbox 429 335 768 395; x_wconf 68' lang='lat' dir='ltr'>&#39;conficiendos7</span> <span class='ocrx_word' id='word_1_11' title='bbox 800 346 938 402; x_wconf 81' lang='lat' dir='ltr'>atque</span> <span class='ocrx_word' id='word_1_12' title='bbox 976 337 1258 386; x_wconf 85' lang='lat' dir='ltr'>eliminanda</span> <span class='ocrx_word' id='word_1_13' title='bbox 1285 357 1385 403; x_wconf 79' lang='lat' dir='ltr'>quae</span> <span class='ocrx_word' id='word_1_14' title='bbox 1409 349 1657 388; x_wconf 86' lang='lat' dir='ltr'>occurrunt</span> <span class='ocrx_word' id='word_1_15' title='bbox 1686 342 1854 403; x_wconf 87' lang='lat' dir='ltr'>dubia,</span> 
     </span>
     <span class='ocr_line' id='line_1_4' title="bbox 169 410 1853 480; baseline 0.005 -23"><span class='ocrx_word' id='word_1_16' title='bbox 169 410 378 476; x_wconf 89' lang='lat' dir='ltr'>pluribus</span> <span class='ocrx_word' id='word_1_17' title='bbox 415 412 637 475; x_wconf 86' lang='lat' dir='ltr'>impensis</span> <span class='ocrx_word' id='word_1_18' title='bbox 660 430 774 476; x_wconf 90' lang='lat' dir='ltr'>opus</span> <span class='ocrx_word' id='word_1_19' title='bbox 801 413 883 471; x_wconf 84' lang='lat' dir='ltr'>sit7</span> <span class='ocrx_word' id='word_1_20' title='bbox 921 412 1089 460; x_wconf 83' lang='lat' dir='ltr'>exinde</span> <span class='ocrx_word' id='word_1_21' title='bbox 1108 414 1307 462; x_wconf 74' lang='lat' dir='ltr'>haeretici</span> <span class='ocrx_word' id='word_1_22' title='bbox 1325 452 1337 474; x_wconf 87' lang='lat'>7</span> <span class='ocrx_word' id='word_1_23' title='bbox 1364 416 1444 480; x_wconf 89' lang='lat' dir='ltr'>qui</span> <span class='ocrx_word' id='word_1_24' title='bbox 1480 415 1602 464; x_wconf 87' lang='lat' dir='ltr'>ultra</span> <span class='ocrx_word' id='word_1_25' title='bbox 1637 419 1853 466; x_wconf 89' lang='lat' dir='ltr'>corticem</span> 
     </span>
     <span class='ocr_line' id='line_1_5' title="bbox 168 488 1852 559; baseline 0.005 -26"><span class='ocrx_word' id='word_1_26' title='bbox 168 505 264 534; x_wconf 91' lang='lat' dir='ltr'>non</span> <span class='ocrx_word' id='word_1_27' title='bbox 293 488 561 546; x_wconf 72' lang='lat' dir='ltr'>intuentur,</span> <span class='ocrx_word' id='word_1_28' title='bbox 600 505 761 534; x_wconf 85' lang='lat' dir='ltr'>ansam</span> <span class='ocrx_word' id='word_1_29' title='bbox 792 498 1093 553; x_wconf 86' lang='lat' dir='ltr'>sumpserunt</span> <span class='ocrx_word' id='word_1_30' title='bbox 1119 491 1426 554; x_wconf 82' lang='lat' dir='ltr'>suspicionem</span> <span class='ocrx_word' id='word_1_31' title='bbox 1457 491 1515 539; x_wconf 84' lang='lat' dir='ltr'>de</span> <span class='ocrx_word' id='word_1_32' title='bbox 1553 494 1701 559; x_wconf 87' lang='lat' dir='ltr'>turpis</span> <span class='ocrx_word' id='word_1_33' title='bbox 1735 493 1852 543; x_wconf 83' lang='lat' dir='ltr'>lucri</span> 
     </span>
     <span class='ocr_line' id='line_1_6' title="bbox 167 564 1463 628; baseline 0.002 -19"><span class='ocrx_word' id='word_1_34' title='bbox 167 579 321 610; x_wconf 87' lang='lat' dir='ltr'>amore</span> <span class='ocrx_word' id='word_1_35' title='bbox 345 580 401 610; x_wconf 85' lang='lat' dir='ltr'>ex</span> <span class='ocrx_word' id='word_1_36' title='bbox 428 572 558 627; x_wconf 88' lang='lat' dir='ltr'>parte</span> <span class='ocrx_word' id='word_1_37' title='bbox 572 564 887 610; x_wconf 86' lang='lat' dir='ltr'>Romanorum</span> <span class='ocrx_word' id='word_1_38' title='bbox 906 565 1183 610; x_wconf 88' lang='lat' dir='ltr'>Pontificum</span> <span class='ocrx_word' id='word_1_39' title='bbox 1204 565 1463 628; x_wconf 80' lang='lat' dir='ltr'>ingerendi.</span> 
     </span>
    </p>

    <p class='ocr_par' dir='ltr' id='par_1_4' title="bbox 163 638 1858 934">
     <span class='ocr_line' id='line_1_7' title="bbox 231 638 1849 708; baseline 0.007 -25"><span class='ocrx_word' id='word_1_40' title='bbox 231 639 343 685; x_wconf 77' lang='lat'>265.</span> <span class='ocrx_word' id='word_1_41' title='bbox 383 638 491 702; x_wconf 86' lang='lat' dir='ltr'>Obj.</span> <span class='ocrx_word' id='word_1_42' title='bbox 519 639 737 686; x_wconf 83' lang='lat' dir='ltr'>secunda.</span> <span class='ocrx_word' id='word_1_43' title='bbox 767 641 816 686; x_wconf 86' lang='grc' dir='ltr'>1ο</span> <span class='ocrx_word' id='word_1_44' title='bbox 836 638 1082 698; x_wconf 89' lang='lat' dir='ltr'>Miracula7</span> <span class='ocrx_word' id='word_1_45' title='bbox 1110 656 1214 703; x_wconf 86' lang='lat' dir='ltr'>quae</span> <span class='ocrx_word' id='word_1_46' title='bbox 1235 651 1495 704; x_wconf 86' lang='lat' dir='ltr'>congerunt</span> <span class='ocrx_word' id='word_1_47' title='bbox 1514 660 1815 694; x_wconf 89' lang='lat' dir='ltr'>romanenses</span> <span class='ocrx_word' id='word_1_48' title='bbox 1835 684 1849 708; x_wconf 92' lang='lat'>7</span> 
     </span>
     <span class='ocr_line' id='line_1_8' title="bbox 167 713 1858 785; baseline 0.008 -26"><span class='ocrx_word' id='word_1_49' title='bbox 167 713 383 762; x_wconf 86' lang='lat' dir='ltr'>historico</span> <span class='ocrx_word' id='word_1_50' title='bbox 428 716 743 762; x_wconf 86' lang='lat' dir='ltr'>destituuntur</span> <span class='ocrx_word' id='word_1_51' title='bbox 790 714 1097 761; x_wconf 88' lang='lat' dir='ltr'>fundamento</span> <span class='ocrx_word' id='word_1_52' title='bbox 1115 751 1127 772; x_wconf 99' lang='lat'>7</span> <span class='ocrx_word' id='word_1_53' title='bbox 1170 725 1309 781; x_wconf 86' lang='lat' dir='ltr'>atque</span> <span class='ocrx_word' id='word_1_54' title='bbox 1356 716 1415 763; x_wconf 89' lang='lat' dir='ltr'>ad</span> <span class='ocrx_word' id='word_1_55' title='bbox 1457 718 1638 767; x_wconf 83' lang='lat' dir='ltr'>critices</span> <span class='ocrx_word' id='word_1_56' title='bbox 1678 723 1858 785; x_wconf 79' lang='lat' dir='ltr'>regulas-</span> 
     </span>
     <span class='ocr_line' id='line_1_9' title="bbox 166 790 1852 862; baseline 0.006 -26"><span class='ocrx_word' id='word_1_57' title='bbox 166 799 323 837; x_wconf 84' lang='lat' dir='ltr'>exacta</span> <span class='ocrx_word' id='word_1_58' title='bbox 348 791 487 856; x_wconf 84' lang='lat' dir='ltr'>plane</span> <span class='ocrx_word' id='word_1_59' title='bbox 505 799 801 838; x_wconf 85' lang='lat' dir='ltr'>evanescunt.</span> <span class='ocrx_word' id='word_1_60' title='bbox 827 791 882 835; x_wconf 82' lang='lat'>20</span> <span class='ocrx_word' id='word_1_61' title='bbox 899 790 1019 836; x_wconf 87' lang='lat' dir='ltr'>Sane</span> <span class='ocrx_word' id='word_1_62' title='bbox 1037 790 1174 854; x_wconf 83' lang='lat' dir='ltr'>longe</span> <span class='ocrx_word' id='word_1_63' title='bbox 1188 792 1368 839; x_wconf 86' lang='lat' dir='ltr'>distant</span> <span class='ocrx_word' id='word_1_64' title='bbox 1387 795 1664 855; x_wconf 86' lang='lat' dir='ltr'>testimonia,</span> <span class='ocrx_word' id='word_1_65' title='bbox 1685 798 1852 862; x_wconf 90' lang='lat' dir='ltr'>quibus</span> 
     </span>
     <span class='ocr_line' id='line_1_10' title="bbox 163 864 1848 934; baseline 0.005 -22"><span class='ocrx_word' id='word_1_66' title='bbox 163 866 424 929; x_wconf 82' lang='lat' dir='ltr'>evangelica</span> <span class='ocrx_word' id='word_1_67' title='bbox 451 866 667 913; x_wconf 87' lang='lat' dir='ltr'>miracula</span> <span class='ocrx_word' id='word_1_68' title='bbox 693 864 956 929; x_wconf 84' lang='lat' dir='ltr'>probantur</span> <span class='ocrx_word' id='word_1_69' title='bbox 974 900 987 925; x_wconf 86' lang='lat'>7</span> <span class='ocrx_word' id='word_1_70' title='bbox 1020 866 1079 913; x_wconf 85' lang='lat' dir='ltr'>ab</span> <span class='ocrx_word' id='word_1_71' title='bbox 1113 868 1168 914; x_wconf 91' lang='lat' dir='ltr'>iis</span> <span class='ocrx_word' id='word_1_72' title='bbox 1185 904 1197 927; x_wconf 87' lang='lat'>7</span> <span class='ocrx_word' id='word_1_73' title='bbox 1224 884 1325 934; x_wconf 89' lang='lat' dir='ltr'>quae</span> <span class='ocrx_word' id='word_1_74' title='bbox 1343 871 1599 932; x_wconf 84' lang='lat' dir='ltr'>posteriora</span> <span class='ocrx_word' id='word_1_75' title='bbox 1627 873 1848 922; x_wconf 88' lang='lat' dir='ltr'>miracula</span> 
     </span>
    </p>
   </div>
   <div class='ocr_carea' id='block_1_4' title="bbox 163 941 993 1005">
    <p class='ocr_par' dir='ltr' id='par_1_5' title="bbox 163 941 993 1005">
     <span class='ocr_line' id='line_1_11' title="bbox 163 941 993 1005; baseline 0 -18"><span class='ocrx_word' id='word_1_76' title='bbox 163 942 508 988; x_wconf 85' lang='lat' dir='ltr'>commendant.</span> <span class='ocrx_word' id='word_1_77' title='bbox 539 941 791 1005; x_wconf 86' lang='lat' dir='ltr'>Scriptores</span> <span class='ocrx_word' id='word_1_78' title='bbox 825 942 993 1001; x_wconf 85' lang='lat' dir='ltr'>coaevi7</span> 
     </span>
    </p>
   </div>
   <div class='ocr_carea' id='block_1_5' title="bbox 1028 943 1849 1009">
    <p class='ocr_par' dir='ltr' id='par_1_6' title="bbox 1028 943 1849 1009">
     <span class='ocr_line' id='line_1_12' title="bbox 1028 943 1849 1009; baseline 0.011 -20"><span class='ocrx_word' id='word_1_79' title='bbox 1028 943 1199 990; x_wconf 87' lang='lat' dir='ltr'>oculati</span> <span class='ocrx_word' id='word_1_80' title='bbox 1228 944 1539 1009; x_wconf 91' lang='lat' dir='ltr'>plurimorum</span> <span class='ocrx_word' id='word_1_81' title='bbox 1571 955 1739 1008; x_wconf 81' lang='lat' dir='ltr'>testes7</span> <span class='ocrx_word' id='word_1_82' title='bbox 1776 966 1849 998; x_wconf 87' lang='lat' dir='ltr'>res</span> 
     </span>
    </p>
   </div>
   <div class='ocr_carea' id='block_1_6' title="bbox 157 1009 1852 1544">
    <p class='ocr_par' dir='ltr' id='par_1_7' title="bbox 157 1009 1852 1544">
     <span class='ocr_line' id='line_1_13' title="bbox 163 1009 1850 1085; baseline 0.007 -23"><span class='ocrx_word' id='word_1_83' title='bbox 163 1025 311 1078; x_wconf 79' lang='lat' dir='ltr'>gestas</span> <span class='ocrx_word' id='word_1_84' title='bbox 327 1017 533 1063; x_wconf 85' lang='lat' dir='ltr'>referunt</span> <span class='ocrx_word' id='word_1_85' title='bbox 549 1016 597 1061; x_wconf 93' lang='lat' dir='ltr'>in</span> <span class='ocrx_word' id='word_1_86' title='bbox 617 1016 716 1081; x_wconf 87' lang='lat' dir='ltr'>ipsa</span> <span class='ocrx_word' id='word_1_87' title='bbox 734 1009 828 1081; x_wconf 83' lang='lat' dir='ltr'>qua·</span> <span class='ocrx_word' id='word_1_88' title='bbox 843 1017 1065 1065; x_wconf 85' lang='lat' dir='ltr'>dicuntur</span> <span class='ocrx_word' id='word_1_89' title='bbox 1083 1020 1326 1084; x_wconf 81' lang='lat' dir='ltr'>contigisse</span> <span class='ocrx_word' id='word_1_90' title='bbox 1341 1022 1673 1085; x_wconf 27' lang='lat' dir='ltr'>regionevinter*</span> <span class='ocrx_word' id='word_1_91' title='bbox 1691 1023 1850 1073; x_wconf 85' lang='lat' dir='ltr'>hostes</span> 
     </span>
     <span class='ocr_line' id='line_1_14' title="bbox 162 1092 1852 1160; baseline 0.005 -20"><span class='ocrx_word' id='word_1_92' title='bbox 162 1093 329 1140; x_wconf 87' lang='lat' dir='ltr'>Christi</span> <span class='ocrx_word' id='word_1_93' title='bbox 358 1093 416 1140; x_wconf 83' lang='lat' dir='ltr'>ad</span> <span class='ocrx_word' id='word_1_94' title='bbox 443 1110 615 1140; x_wconf 88' lang='lat' dir='ltr'>novam</span> <span class='ocrx_word' id='word_1_95' title='bbox 651 1092 966 1141; x_wconf 85' lang='lat' dir='ltr'>inducendam</span> <span class='ocrx_word' id='word_1_96' title='bbox 1005 1094 1292 1160; x_wconf 78' lang='lat' dir='ltr'>religionem.</span> <span class='ocrx_word' id='word_1_97' title='bbox 1321 1096 1373 1143; x_wconf 85' lang='lat'>30</span> <span class='ocrx_word' id='word_1_98' title='bbox 1405 1099 1576 1146; x_wconf 85' lang='lat' dir='ltr'>Contra</span> <span class='ocrx_word' id='word_1_99' title='bbox 1615 1117 1724 1148; x_wconf 90' lang='lat' dir='ltr'>vero</span> <span class='ocrx_word' id='word_1_100' title='bbox 1760 1100 1852 1148; x_wconf 83' lang='lat' dir='ltr'>alia</span> 
     </span>
     <span class='ocr_line' id='line_1_15' title="bbox 159 1168 1850 1240; baseline 0.005 -26"><span class='ocrx_word' id='word_1_101' title='bbox 159 1168 377 1215; x_wconf 86' lang='lat' dir='ltr'>miracula</span> <span class='ocrx_word' id='word_1_102' title='bbox 406 1169 681 1234; x_wconf 88' lang='lat' dir='ltr'>plerumque</span> <span class='ocrx_word' id='word_1_103' title='bbox 705 1179 810 1235; x_wconf 86' lang='lat' dir='ltr'>post</span> <span class='ocrx_word' id='word_1_104' title='bbox 839 1170 1112 1217; x_wconf 88' lang='lat' dir='ltr'>saeculorum</span> <span class='ocrx_word' id='word_1_105' title='bbox 1142 1172 1326 1237; x_wconf 87' lang='lat' dir='ltr'>lapsum</span> <span class='ocrx_word' id='word_1_106' title='bbox 1355 1183 1608 1221; x_wconf 87' lang='lat' dir='ltr'>narrantur</span> <span class='ocrx_word' id='word_1_107' title='bbox 1638 1193 1696 1223; x_wconf 80' lang='lat' dir='ltr'>ex</span> <span class='ocrx_word' id='word_1_108' title='bbox 1724 1175 1850 1240; x_wconf 81' lang='lat' dir='ltr'>vulgi</span> 
     </span>
     <span class='ocr_line' id='line_1_16' title="bbox 159 1243 1848 1316; baseline 0.007 -27"><span class='ocrx_word' id='word_1_109' title='bbox 159 1243 294 1290; x_wconf 84' lang='lat' dir='ltr'>fama.</span> <span class='ocrx_word' id='word_1_110' title='bbox 331 1244 384 1290; x_wconf 80' lang='lat'>4⁰</span> <span class='ocrx_word' id='word_1_111' title='bbox 417 1245 519 1309; x_wconf 89' lang='lat' dir='ltr'>Ipsa</span> <span class='ocrx_word' id='word_1_112' title='bbox 554 1245 710 1305; x_wconf 90' lang='lat' dir='ltr'>enim7</span> <span class='ocrx_word' id='word_1_113' title='bbox 747 1262 849 1310; x_wconf 84' lang='lat' dir='ltr'>quae</span> <span class='ocrx_word' id='word_1_114' title='bbox 880 1246 1083 1294; x_wconf 81' lang='lat' dir='ltr'>maxime</span> <span class='ocrx_word' id='word_1_115' title='bbox 1110 1247 1351 1312; x_wconf 87' lang='lat' dir='ltr'>probanda</span> <span class='ocrx_word' id='word_1_116' title='bbox 1389 1249 1638 1311; x_wconf 87' lang='lat' dir='ltr'>videntur7</span> <span class='ocrx_word' id='word_1_117' title='bbox 1682 1260 1848 1316; x_wconf 85' lang='lat' dir='ltr'>utpote</span> 
     </span>
     <span class='ocr_line' id='line_1_17' title="bbox 158 1319 1852 1384; baseline 0.005 -18"><span class='ocrx_word' id='word_1_118' title='bbox 158 1320 380 1384; x_wconf 89' lang='lat' dir='ltr'>pontificii</span> <span class='ocrx_word' id='word_1_119' title='bbox 401 1319 645 1367; x_wconf 88' lang='lat' dir='ltr'>tribunalis</span> <span class='ocrx_word' id='word_1_120' title='bbox 671 1322 872 1368; x_wconf 79' lang='lat' dir='ltr'>examini</span> <span class='ocrx_word' id='word_1_121' title='bbox 905 1320 1114 1384; x_wconf 86' lang='lat' dir='ltr'>subjecta</span> <span class='ocrx_word' id='word_1_122' title='bbox 1129 1359 1141 1383; x_wconf 88' lang='lat'>7</span> <span class='ocrx_word' id='word_1_123' title='bbox 1173 1323 1256 1371; x_wconf 68' lang='lat' dir='ltr'>vix&#39;</span> <span class='ocrx_word' id='word_1_124' title='bbox 1280 1332 1390 1370; x_wconf 86' lang='lat' dir='ltr'>ante</span> <span class='ocrx_word' id='word_1_125' title='bbox 1412 1324 1619 1372; x_wconf 90' lang='lat' dir='ltr'>seculum</span> <span class='ocrx_word' id='word_1_126' title='bbox 1639 1327 1699 1374; x_wconf 88' lang='lat' dir='ltr'>ab</span> <span class='ocrx_word' id='word_1_127' title='bbox 1718 1326 1852 1376; x_wconf 87' lang='lat' dir='ltr'>obitu</span> 
     </span>
     <span class='ocr_line' id='line_1_18' title="bbox 157 1395 1850 1468; baseline 0.006 -27"><span class='ocrx_word' id='word_1_128' title='bbox 157 1405 353 1459; x_wconf 88' lang='lat' dir='ltr'>possunt</span> <span class='ocrx_word' id='word_1_129' title='bbox 371 1397 420 1442; x_wconf 91' lang='lat' dir='ltr'>in</span> <span class='ocrx_word' id='word_1_130' title='bbox 443 1397 568 1443; x_wconf 82' lang='lat' dir='ltr'>curia</span> <span class='ocrx_word' id='word_1_131' title='bbox 591 1395 778 1459; x_wconf 82' lang='lat' dir='ltr'>allegari</span> <span class='ocrx_word' id='word_1_132' title='bbox 798 1417 811 1455; x_wconf 73' lang='lat'>3</span> <span class='ocrx_word' id='word_1_133' title='bbox 842 1414 934 1461; x_wconf 92' lang='lat' dir='ltr'>quo</span> <span class='ocrx_word' id='word_1_134' title='bbox 957 1398 1010 1444; x_wconf 83' lang='lat' dir='ltr'>fit</span> <span class='ocrx_word' id='word_1_135' title='bbox 1028 1433 1041 1457; x_wconf 88' lang='lat'>7</span> <span class='ocrx_word' id='word_1_136' title='bbox 1070 1407 1123 1444; x_wconf 89' lang='lat' dir='ltr'>ut</span> <span class='ocrx_word' id='word_1_137' title='bbox 1143 1398 1468 1462; x_wconf 80' lang='lat' dir='ltr'>progrediente</span> <span class='ocrx_word' id='word_1_138' title='bbox 1488 1409 1699 1467; x_wconf 88' lang='lat' dir='ltr'>tempore</span> <span class='ocrx_word' id='word_1_139' title='bbox 1719 1420 1850 1468; x_wconf 86' lang='lat' dir='ltr'>quae-</span> 
     </span>
     <span class='ocr_line' id='line_1_19' title="bbox 160 1470 1846 1544; baseline 0.005 -27"><span class='ocrx_word' id='word_1_140' title='bbox 160 1470 269 1518; x_wconf 88' lang='lat' dir='ltr'>dam</span> <span class='ocrx_word' id='word_1_141' title='bbox 296 1473 462 1518; x_wconf 89' lang='lat' dir='ltr'>Sancto</span> <span class='ocrx_word' id='word_1_142' title='bbox 492 1471 626 1518; x_wconf 84' lang='lat' dir='ltr'>alicui</span> <span class='ocrx_word' id='word_1_143' title='bbox 654 1472 770 1521; x_wconf 89' lang='lat' dir='ltr'>mira</span> <span class='ocrx_word' id='word_1_144' title='bbox 800 1472 1097 1532; x_wconf 77' lang='lat' dir='ltr'>tribuantur,</span> <span class='ocrx_word' id='word_1_145' title='bbox 1128 1474 1188 1522; x_wconf 89' lang='lat' dir='ltr'>de</span> <span class='ocrx_word' id='word_1_146' title='bbox 1219 1473 1385 1539; x_wconf 86' lang='lat' dir='ltr'>quibus</span> <span class='ocrx_word' id='word_1_147' title='bbox 1410 1470 1713 1541; x_wconf 46' lang='lat' dir='ltr'>ne&#39;cogitavit</span> <span class='ocrx_word' id='word_1_148' title='bbox 1742 1480 1846 1544; x_wconf 83' lang='lat' dir='ltr'>qui-</span> 
     </span>
    </p>
   </div>
   <div class='ocr_carea' id='block_1_7' title="bbox 147 1677 966 3042">
    <p class='ocr_par' dir='ltr' id='par_1_8' title="bbox 147 1677 966 3042">
     <span class='ocr_line' id='line_1_20' title="bbox 154 1677 961 1728; baseline 0.001 -13"><span class='ocrx_word' id='word_1_149' title='bbox 154 1690 248 1715; x_wconf 86' lang='lat' dir='ltr'>nova</span> <span class='ocrx_word' id='word_1_150' title='bbox 267 1678 439 1715; x_wconf 87' lang='lat' dir='ltr'>instantia</span> <span class='ocrx_word' id='word_1_151' title='bbox 462 1690 528 1728; x_wconf 89' lang='lat' dir='ltr'>pro</span> <span class='ocrx_word' id='word_1_152' title='bbox 549 1677 780 1728; x_wconf 79' lang='lat' dir='ltr'>expeditione</span> <span class='ocrx_word' id='word_1_153' title='bbox 806 1678 961 1717; x_wconf 89' lang='lat' dir='ltr'>aliarum</span> 
     </span>
     <span class='ocr_line' id='line_1_21' title="bbox 152 1741 963 1796; baseline 0.005 -17"><span class='ocrx_word' id='word_1_154' title='bbox 152 1741 367 1780; x_wconf 75' lang='lat' dir='ltr'>litterarum</span> <span class='ocrx_word' id='word_1_155' title='bbox 390 1742 706 1781; x_wconf 73' lang='lat' dir='ltr'>dimissorialium</span> <span class='ocrx_word' id='word_1_156' title='bbox 740 1744 786 1782; x_wconf 90' lang='lat' dir='ltr'>ad</span> <span class='ocrx_word' id='word_1_157' title='bbox 817 1758 963 1796; x_wconf 89' lang='lat' dir='ltr'>proces-</span> 
     </span>
     <span class='ocr_line' id='line_1_22' title="bbox 152 1808 961 1862; baseline 0.005 -17"><span class='ocrx_word' id='word_1_158' title='bbox 152 1822 234 1846; x_wconf 87' lang='lat' dir='ltr'>sum</span> <span class='ocrx_word' id='word_1_159' title='bbox 267 1808 542 1847; x_wconf 81' lang='lat' dir='ltr'>conficiendum</span> <span class='ocrx_word' id='word_1_160' title='bbox 576 1811 789 1848; x_wconf 87' lang='lat' dir='ltr'>auctoritate</span> <span class='ocrx_word' id='word_1_161' title='bbox 815 1818 961 1862; x_wconf 85' lang='lat' dir='ltr'>aposto-</span> 
     </span>
     <span class='ocr_line' id='line_1_23' title="bbox 152 1872 962 1925; baseline 0.004 -14"><span class='ocrx_word' id='word_1_162' title='bbox 152 1872 222 1912; x_wconf 88' lang='lat' dir='ltr'>lica</span> <span class='ocrx_word' id='word_1_163' title='bbox 263 1887 372 1925; x_wconf 83' lang='lat' dir='ltr'>super</span> <span class='ocrx_word' id='word_1_164' title='bbox 410 1874 607 1911; x_wconf 86' lang='lat' dir='ltr'>virtutibus</span> <span class='ocrx_word' id='word_1_165' title='bbox 637 1882 672 1912; x_wconf 88' lang='lat' dir='ltr'>et</span> <span class='ocrx_word' id='word_1_166' title='bbox 697 1876 888 1914; x_wconf 88' lang='lat' dir='ltr'>miraculis</span> <span class='ocrx_word' id='word_1_167' title='bbox 923 1878 962 1914; x_wconf 90' lang='lat' dir='ltr'>in</span> 
     </span>
     <span class='ocr_line' id='line_1_24' title="bbox 152 1937 961 1991; baseline 0.004 -15"><span class='ocrx_word' id='word_1_168' title='bbox 152 1940 286 1990; x_wconf 84' lang='lat' dir='ltr'>specie7</span> <span class='ocrx_word' id='word_1_169' title='bbox 323 1937 366 1976; x_wconf 83' lang='lat'>6⁰</span> <span class='ocrx_word' id='word_1_170' title='bbox 391 1939 569 1978; x_wconf 76' lang='lat' dir='ltr'>Confecto</span> <span class='ocrx_word' id='word_1_171' title='bbox 603 1942 737 1991; x_wconf 87' lang='lat' dir='ltr'>pariter</span> <span class='ocrx_word' id='word_1_172' title='bbox 764 1941 834 1979; x_wconf 90' lang='lat' dir='ltr'>hoc</span> <span class='ocrx_word' id='word_1_173' title='bbox 867 1954 961 1979; x_wconf 88' lang='lat' dir='ltr'>novo</span> 
     </span>
     <span class='ocr_line' id='line_1_25' title="bbox 151 2004 962 2055; baseline 0.004 -13"><span class='ocrx_word' id='word_1_174' title='bbox 151 2018 321 2055; x_wconf 85' lang='lat' dir='ltr'>processu</span> <span class='ocrx_word' id='word_1_175' title='bbox 344 2013 379 2043; x_wconf 90' lang='lat' dir='ltr'>et</span> <span class='ocrx_word' id='word_1_176' title='bbox 407 2005 453 2043; x_wconf 86' lang='lat' dir='ltr'>ad</span> <span class='ocrx_word' id='word_1_177' title='bbox 487 2004 624 2043; x_wconf 87' lang='lat' dir='ltr'>Urbem</span> <span class='ocrx_word' id='word_1_178' title='bbox 650 2008 861 2045; x_wconf 79' lang='lat' dir='ltr'>transmisso</span> <span class='ocrx_word' id='word_1_179' title='bbox 877 2036 888 2054; x_wconf 86' lang='lat'>7</span> <span class='ocrx_word' id='word_1_180' title='bbox 906 2021 962 2045; x_wconf 89' lang='lat' dir='ltr'>ea-</span> 
     </span>
     <span class='ocr_line' id='line_1_26' title="bbox 152 2069 961 2124; baseline 0.002 -16"><span class='ocrx_word' id='word_1_181' title='bbox 152 2069 237 2108; x_wconf 86' lang='lat' dir='ltr'>dem</span> <span class='ocrx_word' id='word_1_182' title='bbox 259 2071 397 2109; x_wconf 79' lang='lat' dir='ltr'>ratione</span> <span class='ocrx_word' id='word_1_183' title='bbox 421 2084 464 2108; x_wconf 89' lang='lat' dir='ltr'>ac</span> <span class='ocrx_word' id='word_1_184' title='bbox 488 2073 586 2121; x_wconf 89' lang='lat' dir='ltr'>prior</span> <span class='ocrx_word' id='word_1_185' title='bbox 603 2073 780 2122; x_wconf 76' lang='lat' dir='ltr'>aperitur.</span> <span class='ocrx_word' id='word_1_186' title='bbox 810 2080 853 2124; x_wconf 84' lang='lat'>7⁰</span> <span class='ocrx_word' id='word_1_187' title='bbox 876 2071 961 2110; x_wconf 85' lang='lat' dir='ltr'>Dis-</span> 
     </span>
     <span class='ocr_line' id='line_1_27' title="bbox 153 2137 960 2190; baseline 0.004 -16"><span class='ocrx_word' id='word_1_188' title='bbox 153 2149 254 2175; x_wconf 85' lang='lat' dir='ltr'>cussa</span> <span class='ocrx_word' id='word_1_189' title='bbox 278 2137 388 2190; x_wconf 86' lang='lat' dir='ltr'>hujus</span> <span class='ocrx_word' id='word_1_190' title='bbox 411 2139 496 2176; x_wconf 88' lang='lat' dir='ltr'>novi</span> <span class='ocrx_word' id='word_1_191' title='bbox 520 2152 706 2189; x_wconf 83' lang='lat' dir='ltr'>processus</span> <span class='ocrx_word' id='word_1_192' title='bbox 723 2139 907 2177; x_wconf 77' lang='lat' dir='ltr'>validitate</span> <span class='ocrx_word' id='word_1_193' title='bbox 919 2153 960 2177; x_wconf 83' lang='lat' dir='ltr'>ac</span> 
     </span>
     <span class='ocr_line' id='line_1_28' title="bbox 149 2201 959 2255; baseline 0.005 -17"><span class='ocrx_word' id='word_1_194' title='bbox 149 2201 300 2251; x_wconf 84' lang='lat' dir='ltr'>probata</span> <span class='ocrx_word' id='word_1_195' title='bbox 312 2216 331 2240; x_wconf 92' lang='lat' dir='ltr'>a</span> <span class='ocrx_word' id='word_1_196' title='bbox 343 2216 418 2241; x_wconf 87' lang='lat' dir='ltr'>sac.</span> <span class='ocrx_word' id='word_1_197' title='bbox 432 2205 713 2255; x_wconf 81' lang='lat' dir='ltr'>congregatione</span> <span class='ocrx_word' id='word_1_198' title='bbox 729 2233 738 2250; x_wconf 89' lang='lat'>7</span> <span class='ocrx_word' id='word_1_199' title='bbox 753 2202 796 2242; x_wconf 77' lang='grc' dir='ltr'>8ο</span> <span class='ocrx_word' id='word_1_200' title='bbox 808 2205 959 2242; x_wconf 82' lang='lat' dir='ltr'>demum</span> 
     </span>
     <span class='ocr_line' id='line_1_29' title="bbox 152 2267 960 2322; baseline 0.007 -20"><span class='ocrx_word' id='word_1_201' title='bbox 152 2274 232 2316; x_wconf 85' lang='lat' dir='ltr'>post</span> <span class='ocrx_word' id='word_1_202' title='bbox 256 2281 318 2305; x_wconf 89' lang='lat' dir='ltr'>an.</span> <span class='ocrx_word' id='word_1_203' title='bbox 351 2267 401 2306; x_wconf 88' lang='lat'>50</span> <span class='ocrx_word' id='word_1_204' title='bbox 426 2269 473 2307; x_wconf 85' lang='lat' dir='ltr'>ab</span> <span class='ocrx_word' id='word_1_205' title='bbox 504 2269 611 2306; x_wconf 89' lang='lat' dir='ltr'>obitu</span> <span class='ocrx_word' id='word_1_206' title='bbox 648 2271 741 2306; x_wconf 89' lang='lat' dir='ltr'>servi</span> <span class='ocrx_word' id='word_1_207' title='bbox 776 2269 870 2317; x_wconf 89' lang='lat' dir='ltr'>Dei,</span> <span class='ocrx_word' id='word_1_208' title='bbox 895 2272 960 2322; x_wconf 89' lang='lat' dir='ltr'>qui</span> 
     </span>
     <span class='ocr_line' id='line_1_30' title="bbox 152 2319 954 2386; baseline 0.006 -17"><span class='ocrx_word' id='word_1_209' title='bbox 152 2333 317 2383; x_wconf 87' lang='lat' dir='ltr'>primum</span> <span class='ocrx_word' id='word_1_210' title='bbox 343 2334 572 2373; x_wconf 71' lang='lat' dir='ltr'>venerabilis</span> <span class='ocrx_word' id='word_1_211' title='bbox 601 2319 807 2386; x_wconf 70' lang='lat' dir='ltr'>appellatur</span> <span class='ocrx_word' id='word_1_212' title='bbox 824 2366 834 2384; x_wconf 90' lang='lat'>7</span> <span class='ocrx_word' id='word_1_213' title='bbox 849 2350 954 2375; x_wconf 82' lang='lat' dir='ltr'>excu-</span> 
     </span>
     <span class='ocr_line' id='line_1_31' title="bbox 153 2399 957 2454; baseline 0.007 -19"><span class='ocrx_word' id='word_1_214' title='bbox 153 2400 245 2437; x_wconf 82' lang='lat' dir='ltr'>titur</span> <span class='ocrx_word' id='word_1_215' title='bbox 272 2399 427 2438; x_wconf 88' lang='lat' dir='ltr'>dubium</span> <span class='ocrx_word' id='word_1_216' title='bbox 456 2401 501 2439; x_wconf 89' lang='lat' dir='ltr'>de</span> <span class='ocrx_word' id='word_1_217' title='bbox 528 2402 725 2440; x_wconf 74' lang='lat' dir='ltr'>virtutihus</span> <span class='ocrx_word' id='word_1_218' title='bbox 746 2404 785 2439; x_wconf 90' lang='lat' dir='ltr'>in</span> <span class='ocrx_word' id='word_1_219' title='bbox 810 2404 929 2454; x_wconf 84' lang='lat' dir='ltr'>specie</span> <span class='ocrx_word' id='word_1_220' title='bbox 947 2432 957 2449; x_wconf 95' lang='lat'>7</span> 
     </span>
     <span class='ocr_line' id='line_1_32' title="bbox 153 2463 956 2518; baseline 0.006 -17"><span class='ocrx_word' id='word_1_221' title='bbox 153 2464 199 2502; x_wconf 92' lang='lat' dir='ltr'>de</span> <span class='ocrx_word' id='word_1_222' title='bbox 228 2463 347 2502; x_wconf 82' lang='lat' dir='ltr'>tribus</span> <span class='ocrx_word' id='word_1_223' title='bbox 372 2478 505 2518; x_wconf 83' lang='lat' dir='ltr'>nempe</span> <span class='ocrx_word' id='word_1_224' title='bbox 533 2467 804 2518; x_wconf 78' lang='lat' dir='ltr'>theologalibus</span> <span class='ocrx_word' id='word_1_225' title='bbox 821 2497 830 2515; x_wconf 88' lang='lat'>7</span> <span class='ocrx_word' id='word_1_226' title='bbox 857 2468 929 2506; x_wconf 78' lang='lat' dir='ltr'>side</span> <span class='ocrx_word' id='word_1_227' title='bbox 947 2498 956 2514; x_wconf 82' lang='lat'>7</span> 
     </span>
     <span class='ocr_line' id='line_1_33' title="bbox 154 2529 959 2584; baseline 0.005 -18"><span class='ocrx_word' id='word_1_228' title='bbox 154 2543 217 2580; x_wconf 88' lang='lat' dir='ltr'>spe</span> <span class='ocrx_word' id='word_1_229' title='bbox 236 2538 271 2567; x_wconf 86' lang='lat' dir='ltr'>et</span> <span class='ocrx_word' id='word_1_230' title='bbox 297 2529 472 2569; x_wconf 82' lang='lat' dir='ltr'>charitate</span> <span class='ocrx_word' id='word_1_231' title='bbox 487 2560 497 2577; x_wconf 93' lang='lat'>7</span> <span class='ocrx_word' id='word_1_232' title='bbox 520 2543 564 2569; x_wconf 91' lang='lat' dir='ltr'>ac</span> <span class='ocrx_word' id='word_1_233' title='bbox 591 2533 636 2569; x_wconf 88' lang='lat' dir='ltr'>de</span> <span class='ocrx_word' id='word_1_234' title='bbox 663 2541 819 2584; x_wconf 80' lang='lat' dir='ltr'>quatuor</span> <span class='ocrx_word' id='word_1_235' title='bbox 841 2533 959 2571; x_wconf 84' lang='lat' dir='ltr'>cardi-</span> 
     </span>
     <span class='ocr_line' id='line_1_34' title="bbox 147 2593 961 2646; baseline 0.005 -14"><span class='ocrx_word' id='word_1_236' title='bbox 147 2593 302 2646; x_wconf 83' lang='lat' dir='ltr'>nalibus</span> <span class='ocrx_word' id='word_1_237' title='bbox 317 2623 327 2641; x_wconf 94' lang='lat'>7</span> <span class='ocrx_word' id='word_1_238' title='bbox 343 2595 555 2646; x_wconf 84' lang='lat' dir='ltr'>prudentia,</span> <span class='ocrx_word' id='word_1_239' title='bbox 572 2595 724 2645; x_wconf 82' lang='lat' dir='ltr'>justitia,</span> <span class='ocrx_word' id='word_1_240' title='bbox 749 2598 961 2636; x_wconf 85' lang='lat' dir='ltr'>fortitudine</span> 
     </span>
     <span class='ocr_line' id='line_1_35' title="bbox 154 2650 961 2713; baseline 0.002 -15"><span class='ocrx_word' id='word_1_241' title='bbox 154 2667 189 2698; x_wconf 90' lang='lat' dir='ltr'>et</span> <span class='ocrx_word' id='word_1_242' title='bbox 204 2650 457 2711; x_wconf 72' lang='lat' dir='ltr'>temperantia,</span> <span class='ocrx_word' id='word_1_243' title='bbox 477 2662 679 2713; x_wconf 86' lang='lat' dir='ltr'>ceterisque</span> <span class='ocrx_word' id='word_1_244' title='bbox 692 2662 887 2701; x_wconf 84' lang='lat' dir='ltr'>virtutibus</span> <span class='ocrx_word' id='word_1_245' title='bbox 896 2663 961 2700; x_wconf 88' lang='lat' dir='ltr'>ad-</span> 
     </span>
     <span class='ocr_line' id='line_1_36' title="bbox 155 2724 961 2777; baseline 0.004 -14"><span class='ocrx_word' id='word_1_246' title='bbox 155 2724 320 2763; x_wconf 81' lang='lat' dir='ltr'>nexian</span> <span class='ocrx_word' id='word_1_247' title='bbox 334 2726 486 2777; x_wconf 86' lang='lat' dir='ltr'>singulis</span> <span class='ocrx_word' id='word_1_248' title='bbox 497 2726 724 2777; x_wconf 84' lang='lat' dir='ltr'>processibus</span> <span class='ocrx_word' id='word_1_249' title='bbox 736 2735 815 2765; x_wconf 86' lang='lat' dir='ltr'>tum</span> <span class='ocrx_word' id='word_1_250' title='bbox 824 2728 869 2766; x_wconf 89' lang='lat' dir='ltr'>ab</span> <span class='ocrx_word' id='word_1_251' title='bbox 881 2728 961 2765; x_wconf 73' lang='lat' dir='ltr'>offi-</span> 
     </span>
     <span class='ocr_line' id='line_1_37' title="bbox 152 2790 964 2844; baseline 0.004 -16"><span class='ocrx_word' id='word_1_252' title='bbox 152 2790 307 2829; x_wconf 64' lang='lat' dir='ltr'>cialibus&gt;</span> <span class='ocrx_word' id='word_1_253' title='bbox 317 2799 395 2830; x_wconf 90' lang='lat' dir='ltr'>tum</span> <span class='ocrx_word' id='word_1_254' title='bbox 407 2806 427 2830; x_wconf 87' lang='lat' dir='ltr'>a</span> <span class='ocrx_word' id='word_1_255' title='bbox 442 2790 604 2843; x_wconf 88' lang='lat' dir='ltr'>singulis</span> <span class='ocrx_word' id='word_1_256' title='bbox 616 2792 766 2830; x_wconf 85' lang='lat' dir='ltr'>testibus</span> <span class='ocrx_word' id='word_1_257' title='bbox 780 2794 964 2844; x_wconf 61' lang='lat' dir='ltr'>praemitti-</span> 
     </span>
     <span class='ocr_line' id='line_1_38' title="bbox 152 2853 963 2907; baseline 0.005 -15"><span class='ocrx_word' id='word_1_258' title='bbox 152 2861 213 2893; x_wconf 86' lang='lat' dir='ltr'>tur</span> <span class='ocrx_word' id='word_1_259' title='bbox 227 2858 476 2907; x_wconf 85' lang='lat' dir='ltr'>juramentum</span> <span class='ocrx_word' id='word_1_260' title='bbox 494 2857 540 2895; x_wconf 89' lang='lat' dir='ltr'>de</span> <span class='ocrx_word' id='word_1_261' title='bbox 555 2853 690 2895; x_wconf 77' lang='lat' dir='ltr'>secreto</span> <span class='ocrx_word' id='word_1_262' title='bbox 702 2858 881 2896; x_wconf 87' lang='lat' dir='ltr'>servando</span> <span class='ocrx_word' id='word_1_263' title='bbox 897 2887 908 2904; x_wconf 93' lang='lat'>7</span> <span class='ocrx_word' id='word_1_264' title='bbox 920 2871 963 2896; x_wconf 88' lang='lat' dir='ltr'>ac</span> 
     </span>
     <span class='ocr_line' id='line_1_39' title="bbox 154 2919 966 2975; baseline 0.006 -18"><span class='ocrx_word' id='word_1_265' title='bbox 154 2919 199 2958; x_wconf 86' lang='lat' dir='ltr'>de</span> <span class='ocrx_word' id='word_1_266' title='bbox 209 2923 356 2960; x_wconf 80' lang='lat' dir='ltr'>veritate</span> <span class='ocrx_word' id='word_1_267' title='bbox 365 2921 534 2973; x_wconf 77' lang='lat' dir='ltr'>dicenda3</span> <span class='ocrx_word' id='word_1_268' title='bbox 550 2922 797 2975; x_wconf 84' lang='lat' dir='ltr'>subjiciuntur</span> <span class='ocrx_word' id='word_1_269' title='bbox 805 2937 889 2962; x_wconf 85' lang='lat' dir='ltr'>vero</span> <span class='ocrx_word' id='word_1_270' title='bbox 899 2930 966 2962; x_wconf 87' lang='lat' dir='ltr'>tes-</span> 
     </span>
     <span class='ocr_line' id='line_1_40' title="bbox 155 2986 960 3042; baseline 0.004 -19"><span class='ocrx_word' id='word_1_271' title='bbox 155 2993 207 3024; x_wconf 88' lang='lat' dir='ltr'>tes</span> <span class='ocrx_word' id='word_1_272' title='bbox 229 2986 574 3040; x_wconf 77' lang='lat' dir='ltr'>interrogationibus</span> <span class='ocrx_word' id='word_1_273' title='bbox 585 3002 749 3028; x_wconf 88' lang='lat' dir='ltr'>seorsum</span> <span class='ocrx_word' id='word_1_274' title='bbox 761 3004 780 3028; x_wconf 86' lang='lat' dir='ltr'>a</span> <span class='ocrx_word' id='word_1_275' title='bbox 799 2989 960 3042; x_wconf 87' lang='lat' dir='ltr'>reliquis.</span> 
     </span>
    </p>
   </div>
   <div class='ocr_carea' id='block_1_8' title="bbox 1023 1679 1846 2440">
    <p class='ocr_par' dir='ltr' id='par_1_9' title="bbox 1023 1679 1846 2440">
     <span class='ocr_line' id='line_1_41' title="bbox 1031 1679 1844 1733; baseline 0.012 -16"><span class='ocrx_word' id='word_1_276' title='bbox 1031 1679 1098 1717; x_wconf 83' lang='lat' dir='ltr'>His</span> <span class='ocrx_word' id='word_1_277' title='bbox 1109 1682 1317 1732; x_wconf 85' lang='lat' dir='ltr'>praemissis7</span> <span class='ocrx_word' id='word_1_278' title='bbox 1328 1684 1485 1733; x_wconf 76' lang='lat' dir='ltr'>agitatur</span> <span class='ocrx_word' id='word_1_279' title='bbox 1497 1684 1655 1724; x_wconf 88' lang='lat' dir='ltr'>dubium</span> <span class='ocrx_word' id='word_1_280' title='bbox 1674 1699 1685 1725; x_wconf 72' lang='grc' dir='ltr'><strong><em>ε</em></strong></span> <span class='ocrx_word' id='word_1_281' title='bbox 1703 1685 1844 1726; x_wconf 79' lang='lat' dir='ltr'>Utrum</span> 
     </span>
     <span class='ocr_line' id='line_1_42' title="bbox 1029 1746 1846 1804; baseline 0.011 -22"><span class='ocrx_word' id='word_1_282' title='bbox 1029 1753 1171 1784; x_wconf 80' lang='lat' dir='ltr'>constet</span> <span class='ocrx_word' id='word_1_283' title='bbox 1198 1746 1244 1784; x_wconf 85' lang='lat' dir='ltr'>de</span> <span class='ocrx_word' id='word_1_284' title='bbox 1276 1747 1488 1786; x_wconf 78' lang='lat' dir='ltr'>virtutibus</span> <span class='ocrx_word' id='word_1_285' title='bbox 1512 1750 1565 1788; x_wconf 84' lang='lat' dir='ltr'>ad</span> <span class='ocrx_word' id='word_1_286' title='bbox 1602 1752 1846 1804; x_wconf 75' lang='lat' dir='ltr'>effectumdo</span> 
     </span>
     <span class='ocr_line' id='line_1_43' title="bbox 1028 1812 1846 1867; baseline 0.012 -20"><span class='ocrx_word' id='word_1_287' title='bbox 1028 1823 1102 1861; x_wconf 71' lang='lat' dir='ltr'>quo</span> <span class='ocrx_word' id='word_1_288' title='bbox 1127 1812 1270 1863; x_wconf 76' lang='lat' dir='ltr'>aqitur.</span> <span class='ocrx_word' id='word_1_289' title='bbox 1309 1812 1513 1852; x_wconf 88' lang='lat' dir='ltr'>Discutitur</span> <span class='ocrx_word' id='word_1_290' title='bbox 1551 1830 1659 1867; x_wconf 85' lang='lat' dir='ltr'>porro</span> <span class='ocrx_word' id='word_1_291' title='bbox 1681 1816 1754 1855; x_wconf 89' lang='lat' dir='ltr'>hoc</span> <span class='ocrx_word' id='word_1_292' title='bbox 1775 1818 1846 1857; x_wconf 84' lang='lat' dir='ltr'>du-</span> 
     </span>
     <span class='ocr_line' id='line_1_44' title="bbox 1029 1875 1844 1933; baseline 0.011 -20"><span class='ocrx_word' id='word_1_293' title='bbox 1029 1875 1134 1914; x_wconf 90' lang='lat' dir='ltr'>bium</span> <span class='ocrx_word' id='word_1_294' title='bbox 1154 1879 1195 1915; x_wconf 87' lang='lat' dir='ltr'>in</span> <span class='ocrx_word' id='word_1_295' title='bbox 1223 1878 1338 1916; x_wconf 86' lang='lat' dir='ltr'>tribus</span> <span class='ocrx_word' id='word_1_296' title='bbox 1352 1881 1723 1933; x_wconf 79' lang='lat' dir='ltr'>congregationibus,</span> <span class='ocrx_word' id='word_1_297' title='bbox 1746 1883 1844 1922; x_wconf 79' lang='lat' dir='ltr'>anti-</span> 
     </span>
     <span class='ocr_line' id='line_1_45' title="bbox 1023 1932 1842 1998; baseline 0.01 -20"><span class='ocrx_word' id='word_1_298' title='bbox 1023 1932 1314 1994; x_wconf 67' lang='lat' dir='ltr'>Jiroeparatoria</span> <span class='ocrx_word' id='word_1_299' title='bbox 1346 1943 1486 1982; x_wconf 88' lang='lat' dir='ltr'>scilicet</span> <span class='ocrx_word' id='word_1_300' title='bbox 1503 1973 1514 1992; x_wconf 85' lang='lat'>7</span> <span class='ocrx_word' id='word_1_301' title='bbox 1533 1949 1842 1998; x_wconf 67' lang='lat' dir='ltr'>praeparatoria-7</span> 
     </span>
     <span class='ocr_line' id='line_1_46' title="bbox 1029 2008 1839 2060; baseline 0.009 -16"><span class='ocrx_word' id='word_1_302' title='bbox 1029 2021 1070 2045; x_wconf 84' lang='lat' dir='ltr'>ac</span> <span class='ocrx_word' id='word_1_303' title='bbox 1098 2008 1249 2046; x_wconf 87' lang='lat' dir='ltr'>demum</span> <span class='ocrx_word' id='word_1_304' title='bbox 1273 2008 1444 2059; x_wconf 75' lang='lat' dir='ltr'>qenerali</span> <span class='ocrx_word' id='word_1_305' title='bbox 1474 2023 1598 2048; x_wconf 89' lang='lat' dir='ltr'>coram</span> <span class='ocrx_word' id='word_1_306' title='bbox 1636 2010 1839 2060; x_wconf 64' lang='lat' dir='ltr'>Pontifices,</span> 
     </span>
     <span class='ocr_line' id='line_1_47' title="bbox 1030 2076 1843 2122; baseline 0.009 -13"><span class='ocrx_word' id='word_1_307' title='bbox 1030 2076 1131 2111; x_wconf 90' lang='lat' dir='ltr'>omni</span> <span class='ocrx_word' id='word_1_308' title='bbox 1162 2076 1350 2112; x_wconf 85' lang='lat' dir='ltr'>severitate</span> <span class='ocrx_word' id='word_1_309' title='bbox 1366 2103 1377 2121; x_wconf 95' lang='lat'>7</span> <span class='ocrx_word' id='word_1_310' title='bbox 1399 2076 1455 2112; x_wconf 85' lang='lat' dir='ltr'>ita</span> <span class='ocrx_word' id='word_1_311' title='bbox 1480 2082 1523 2112; x_wconf 90' lang='lat' dir='ltr'>ut</span> <span class='ocrx_word' id='word_1_312' title='bbox 1537 2105 1548 2122; x_wconf 90' lang='lat'>7</span> <span class='ocrx_word' id='word_1_313' title='bbox 1573 2078 1648 2114; x_wconf 80' lang='lat' dir='ltr'>nisi</span> <span class='ocrx_word' id='word_1_314' title='bbox 1668 2077 1843 2116; x_wconf 87' lang='lat' dir='ltr'>omnibus</span> 
     </span>
     <span class='ocr_line' id='line_1_48' title="bbox 1029 2138 1843 2181; baseline 0.006 -6"><span class='ocrx_word' id='word_1_315' title='bbox 1029 2138 1309 2177; x_wconf 87' lang='lat' dir='ltr'>difficultatibus</span> <span class='ocrx_word' id='word_1_316' title='bbox 1356 2153 1419 2177; x_wconf 87' lang='lat' dir='ltr'>seu</span> <span class='ocrx_word' id='word_1_317' title='bbox 1464 2140 1843 2181; x_wconf 87' lang='lat' dir='ltr'>animadversionibus</span> 
     </span>
     <span class='ocr_line' id='line_1_49' title="bbox 1023 2203 1844 2257; baseline 0.007 -18"><span class='ocrx_word' id='word_1_318' title='bbox 1023 2203 1118 2252; x_wconf 81' lang='lat' dir='ltr'>fidei</span> <span class='ocrx_word' id='word_1_319' title='bbox 1131 2205 1357 2257; x_wconf 79' lang='lat' dir='ltr'>promotoris</span> <span class='ocrx_word' id='word_1_320' title='bbox 1381 2204 1489 2256; x_wconf 89' lang='lat' dir='ltr'>plene</span> <span class='ocrx_word' id='word_1_321' title='bbox 1513 2206 1740 2244; x_wconf 86' lang='lat' dir='ltr'>satisfactum</span> <span class='ocrx_word' id='word_1_322' title='bbox 1761 2206 1844 2245; x_wconf 88' lang='lat' dir='ltr'>fue·-</span> 
     </span>
     <span class='ocr_line' id='line_1_50' title="bbox 1028 2270 1843 2317; baseline 0.006 -12"><span class='ocrx_word' id='word_1_323' title='bbox 1028 2271 1099 2316; x_wconf 88' lang='lat' dir='ltr'>rit,</span> <span class='ocrx_word' id='word_1_324' title='bbox 1124 2270 1211 2309; x_wconf 86' lang='lat' dir='ltr'>felix</span> <span class='ocrx_word' id='word_1_325' title='bbox 1238 2282 1359 2308; x_wconf 80' lang='lat' dir='ltr'>causae</span> <span class='ocrx_word' id='word_1_326' title='bbox 1383 2271 1502 2317; x_wconf 81' lang='lat' dir='ltr'>exitus</span> <span class='ocrx_word' id='word_1_327' title='bbox 1523 2272 1683 2310; x_wconf 89' lang='lat' dir='ltr'>minime</span> <span class='ocrx_word' id='word_1_328' title='bbox 1707 2272 1754 2308; x_wconf 88' lang='lat' dir='ltr'>sit</span> <span class='ocrx_word' id='word_1_329' title='bbox 1777 2285 1843 2310; x_wconf 82' lang='lat' dir='ltr'>ex-</span> 
     </span>
     <span class='ocr_line' id='line_1_51' title="bbox 1027 2334 1841 2385; baseline 0.004 -13"><span class='ocrx_word' id='word_1_330' title='bbox 1027 2336 1248 2385; x_wconf 85' lang='lat' dir='ltr'>pectandus.</span> <span class='ocrx_word' id='word_1_331' title='bbox 1287 2334 1480 2373; x_wconf 88' lang='lat' dir='ltr'>Romanus</span> <span class='ocrx_word' id='word_1_332' title='bbox 1512 2344 1637 2375; x_wconf 84' lang='lat' dir='ltr'>autem</span> <span class='ocrx_word' id='word_1_333' title='bbox 1674 2335 1841 2375; x_wconf 83' lang='lat' dir='ltr'>Pontifex</span> 
     </span>
     <span class='ocr_line' id='line_1_52' title="bbox 1026 2399 1838 2440; baseline 0.002 -2"><span class='ocrx_word' id='word_1_334' title='bbox 1026 2399 1213 2439; x_wconf 85' lang='lat' dir='ltr'>decretum</span> <span class='ocrx_word' id='word_1_335' title='bbox 1238 2403 1278 2439; x_wconf 90' lang='lat' dir='ltr'>in</span> <span class='ocrx_word' id='word_1_336' title='bbox 1296 2400 1461 2439; x_wconf 87' lang='lat' dir='ltr'>favorem</span> <span class='ocrx_word' id='word_1_337' title='bbox 1488 2413 1607 2439; x_wconf 86' lang='lat' dir='ltr'>causae</span> <span class='ocrx_word' id='word_1_338' title='bbox 1628 2416 1705 2440; x_wconf 91' lang='lat' dir='ltr'>non</span> <span class='ocrx_word' id='word_1_339' title='bbox 1726 2403 1838 2440; x_wconf 88' lang='lat' dir='ltr'>emit-</span> 
     </span>
    </p>
   </div>
   <div class='ocr_carea' id='block_1_9' title="bbox 995 2466 1842 2514">
    <p class='ocr_par' dir='ltr' id='par_1_10' title="bbox 995 2466 1842 2514">
     <span class='ocr_line' id='line_1_53' title="bbox 995 2466 1842 2514; baseline 0.007 -12"><span class='ocrx_word' id='word_1_340' title='bbox 995 2485 997 2487; x_wconf 35' lang='lat'><em>*</em></span> <span class='ocrx_word' id='word_1_341' title='bbox 1027 2467 1096 2514; x_wconf 85' lang='lat' dir='ltr'>tit,</span> <span class='ocrx_word' id='word_1_342' title='bbox 1126 2469 1197 2504; x_wconf 89' lang='lat' dir='ltr'>nisi</span> <span class='ocrx_word' id='word_1_343' title='bbox 1223 2467 1305 2505; x_wconf 81' lang='lat' dir='ltr'>duae</span> <span class='ocrx_word' id='word_1_344' title='bbox 1332 2466 1379 2503; x_wconf 89' lang='lat' dir='ltr'>ad</span> <span class='ocrx_word' id='word_1_345' title='bbox 1416 2467 1615 2505; x_wconf 89' lang='lat' dir='ltr'>minimum</span> <span class='ocrx_word' id='word_1_346' title='bbox 1652 2481 1694 2506; x_wconf 84' lang='lat' dir='ltr'>ex</span> <span class='ocrx_word' id='word_1_347' title='bbox 1723 2468 1842 2508; x_wconf 87' lang='lat' dir='ltr'>tribus</span> 
     </span>
    </p>
   </div>
   <div class='ocr_carea' id='block_1_10' title="bbox 1026 2531 1848 2843">
    <p class='ocr_par' dir='ltr' id='par_1_11' title="bbox 1026 2531 1848 2843">
     <span class='ocr_line' id='line_1_54' title="bbox 1026 2531 1840 2583; baseline 0.005 -14"><span class='ocrx_word' id='word_1_348' title='bbox 1026 2532 1188 2583; x_wconf 85' lang='lat' dir='ltr'>partibus</span> <span class='ocrx_word' id='word_1_349' title='bbox 1212 2531 1467 2570; x_wconf 87' lang='lat' dir='ltr'>consultorum</span> <span class='ocrx_word' id='word_1_350' title='bbox 1493 2531 1713 2583; x_wconf 82' lang='lat' dir='ltr'>suffragium</span> <span class='ocrx_word' id='word_1_351' title='bbox 1744 2535 1840 2573; x_wconf 86' lang='lat' dir='ltr'>tule-</span> 
     </span>
     <span class='ocr_line' id='line_1_55' title="bbox 1026 2595 1839 2648; baseline 0.004 -14"><span class='ocrx_word' id='word_1_352' title='bbox 1026 2598 1105 2635; x_wconf 86' lang='lat' dir='ltr'>rint</span> <span class='ocrx_word' id='word_1_353' title='bbox 1123 2605 1288 2636; x_wconf 81' lang='lat' dir='ltr'>constare</span> <span class='ocrx_word' id='word_1_354' title='bbox 1305 2596 1350 2634; x_wconf 82' lang='lat' dir='ltr'>de</span> <span class='ocrx_word' id='word_1_355' title='bbox 1360 2595 1583 2634; x_wconf 75' lang='lat' dir='ltr'>heroicitate</span> <span class='ocrx_word' id='word_1_356' title='bbox 1596 2627 1608 2645; x_wconf 91' lang='lat'>7</span> <span class='ocrx_word' id='word_1_357' title='bbox 1632 2606 1673 2635; x_wconf 88' lang='lat' dir='ltr'>ut</span> <span class='ocrx_word' id='word_1_358' title='bbox 1690 2607 1839 2648; x_wconf 82' lang='lat' dir='ltr'>vocant,</span> 
     </span>
     <span class='ocr_line' id='line_1_56' title="bbox 1028 2650 1848 2715; baseline 0.005 -16"><span class='ocrx_word' id='word_1_359' title='bbox 1028 2650 1067 2700; x_wconf 86' lang='lat' dir='ltr'>in</span> <span class='ocrx_word' id='word_1_360' title='bbox 1087 2663 1283 2701; x_wconf 82' lang='lat' dir='ltr'>virtutibus</span> <span class='ocrx_word' id='word_1_361' title='bbox 1301 2661 1465 2714; x_wconf 84' lang='lat' dir='ltr'>singulis.</span> <span class='ocrx_word' id='word_1_362' title='bbox 1482 2661 1558 2711; x_wconf 84' lang='lat' dir='ltr'>Ego</span> <span class='ocrx_word' id='word_1_363' title='bbox 1579 2676 1664 2701; x_wconf 88' lang='lat' dir='ltr'>vero</span> <span class='ocrx_word' id='word_1_364' title='bbox 1681 2664 1721 2701; x_wconf 87' lang='lat' dir='ltr'>in</span> <span class='ocrx_word' id='word_1_365' title='bbox 1733 2665 1848 2715; x_wconf 28' lang='lat' dir='ltr'>praxi&lt;</span> 
     </span>
     <span class='ocr_line' id='line_1_57' title="bbox 1029 2727 1842 2779; baseline 0.001 -14"><span class='ocrx_word' id='word_1_366' title='bbox 1029 2730 1207 2779; x_wconf 88' lang='lat' dir='ltr'>comperi,</span> <span class='ocrx_word' id='word_1_367' title='bbox 1221 2728 1378 2767; x_wconf 86' lang='lat' dir='ltr'>severius</span> <span class='ocrx_word' id='word_1_368' title='bbox 1393 2727 1516 2765; x_wconf 91' lang='lat' dir='ltr'>adhuc</span> <span class='ocrx_word' id='word_1_369' title='bbox 1532 2729 1673 2766; x_wconf 83' lang='lat' dir='ltr'>institui</span> <span class='ocrx_word' id='word_1_370' title='bbox 1688 2742 1842 2768; x_wconf 83' lang='lat' dir='ltr'>examen</span> 
     </span>
     <span class='ocr_line' id='line_1_58' title="bbox 1029 2792 1840 2843; baseline 0.002 -14"><span class='ocrx_word' id='word_1_371' title='bbox 1029 2800 1064 2829; x_wconf 86' lang='lat' dir='ltr'>et</span> <span class='ocrx_word' id='word_1_372' title='bbox 1095 2793 1360 2832; x_wconf 84' lang='lat' dir='ltr'>discussionem</span> <span class='ocrx_word' id='word_1_373' title='bbox 1410 2792 1571 2843; x_wconf 83' lang='lat' dir='ltr'>praedicti</span> <span class='ocrx_word' id='word_1_374' title='bbox 1605 2793 1726 2833; x_wconf 83' lang='lat' dir='ltr'>dubii.</span> <span class='ocrx_word' id='word_1_375' title='bbox 1760 2794 1840 2832; x_wconf 83' lang='lat' dir='ltr'>cfr.</span> 
     </span>
    </p>
   </div>
   <div class='ocr_carea' id='block_1_11' title="bbox 1032 2858 1856 2976">
    <p class='ocr_par' dir='ltr' id='par_1_12' title="bbox 1032 2858 1856 2976">
     <span class='ocr_line' id='line_1_59' title="bbox 1033 2858 1856 2919; baseline 0.006 -24"><span class='ocrx_word' id='word_1_376' title='bbox 1033 2858 1167 2919; x_wconf 83' lang='lat' dir='ltr'>Bened.</span> <span class='ocrx_word' id='word_1_377' title='bbox 1182 2873 1243 2899; x_wconf 81' lang='lat' dir='ltr'>xlv</span> <span class='ocrx_word' id='word_1_378' title='bbox 1255 2891 1265 2907; x_wconf 91' lang='lat'>7</span> <span class='ocrx_word' id='word_1_379' title='bbox 1287 2873 1348 2910; x_wconf 89' lang='lat' dir='ltr'>op.</span> <span class='ocrx_word' id='word_1_380' title='bbox 1362 2859 1425 2897; x_wconf 87' lang='lat' dir='ltr'>cit.</span> <span class='ocrx_word' id='word_1_381' title='bbox 1440 2866 1519 2896; x_wconf 86' lang='lat' dir='ltr'>tum</span> <span class='ocrx_word' id='word_1_382' title='bbox 1531 2859 1598 2898; x_wconf 90' lang='lat' dir='ltr'>lib.</span> <span class='ocrx_word' id='word_1_383' title='bbox 1615 2873 1627 2897; x_wconf 86' lang='lat'>¹</span> <span class='ocrx_word' id='word_1_384' title='bbox 1644 2888 1656 2910; x_wconf 93' lang='lat'>7</span> <span class='ocrx_word' id='word_1_385' title='bbox 1671 2874 1749 2911; x_wconf 84' lang='lat' dir='ltr'>cap.</span> <span class='ocrx_word' id='word_1_386' title='bbox 1763 2871 1812 2900; x_wconf 76' lang='lat'>22</span> <span class='ocrx_word' id='word_1_387' title='bbox 1829 2887 1856 2909; x_wconf 61' lang='lat'>7„</span> 
     </span>
     <span class='ocr_line' id='line_1_60' title="bbox 1032 2921 1678 2976; baseline 0.002 -14"><span class='ocrx_word' id='word_1_388' title='bbox 1032 2932 1124 2963; x_wconf 84' lang='lat' dir='ltr'>tom.</span> <span class='ocrx_word' id='word_1_389' title='bbox 1153 2923 1219 2964; x_wconf 87' lang='lat' dir='ltr'>lib.</span> <span class='ocrx_word' id='word_1_390' title='bbox 1241 2939 1296 2974; x_wconf 88' lang='lat' dir='ltr'>n,</span> <span class='ocrx_word' id='word_1_391' title='bbox 1319 2938 1338 2963; x_wconf 88' lang='lat' dir='ltr'>a</span> <span class='ocrx_word' id='word_1_392' title='bbox 1364 2937 1443 2976; x_wconf 84' lang='lat' dir='ltr'>cap.</span> <span class='ocrx_word' id='word_1_393' title='bbox 1470 2921 1521 2963; x_wconf 88' lang='grc'>35</span> <span class='ocrx_word' id='word_1_394' title='bbox 1541 2925 1585 2964; x_wconf 86' lang='lat' dir='ltr'>ad</span> <span class='ocrx_word' id='word_1_395' title='bbox 1612 2923 1678 2975; x_wconf 77' lang='grc'>54.</span> 
     </span>
    </p>
   </div>
  </div>
 </body>
</html>
