2028 3354
420 207 547 236 PART.
578 208 609 238 1.
636 207 756 237 SBCT.
796 208 846 237 11.
888 210 984 239 CAP.
1024 212 1086 242 lv.
1127 213 1180 241 DE
1215 213 1356 245 DOTIB.
1393 215 1518 245 Pmm,

1726 201 1818 249 509

126 316 220 375 vit„
257 318 435 381 rogavit
467 317 670 366 mediate
704 337 787 383 pro
822 321 1030 369 Ecclesiae
1065 326 1205 372 totius
1234 326 1324 373 fide
1343 364 1355 386 7
1388 344 1488 393 quae
1516 330 1565 375 in
1598 346 1652 378 ea
1683 340 1815 396 petra

123 410 175 439 ac
204 393 509 442 fundamento
536 395 772 455 subsistit3
805 397 872 444 uti
901 400 1075 463 pariter
1101 412 1416 465 exposuerunt
1438 405 1483 452 S.
1509 406 1599 453 Leo
1622 408 1684 455 M.
1713 408 1813 473 (1),

125 467 333 516 Gelasius
350 506 362 529 7
391 470 598 533 Pelagius
616 472 656 518 ΙΙ
672 508 684 530 ,
712 473 962 521 Vitalianus
977 511 990 533 ἦ
1014 475 1277 525 Hadrianus
1301 480 1348 539 Ι,
1369 496 1553 528 necnon
1574 484 1619 529 S.
1638 483 1816 548 Agatho

123 544 172 590 in
208 546 364 610 Epist.
396 547 466 592 ad
487 548 669 610 Imper.
716 549 1109 610 Constantinum,
1135 568 1236 616 quae
1274 555 1323 600 in
1358 565 1487 603 sexta
1532 561 1818 610 oecumenica

123 621 310 684 Synodo
347 639 371 668 a
411 624 622 670 Patribus
660 623 778 671 lecta
823 634 870 672 et
910 628 1147 674 communi
1188 628 1363 677 calculo
1392 632 1587 696 probata
1618 644 1687 682 est
1715 638 1816 701 (2),

119 696 234 744 item
261 696 480 745 Arnulfus
497 735 509 757 7
538 699 764 747 Paschalis
792 702 858 759 ΙΙ,
884 703 1180 749 Innocentius
1209 704 1294 765 ΙΙΙ,
1330 706 1501 772 aliique
1526 712 1700 774 passim
1719 713 1811 778 (3).

120 773 239 819 Cum
276 791 386 821 vero
417 775 467 822 id
499 776 717 840 colligant
749 794 806 825 ex
839 794 1033 824 munere
1066 779 1201 826 Petro
1240 783 1487 830 commisso
1509 788 1819 839 confirmandi

120 848 284 897 fratres
317 850 369 896 in
405 850 524 912 fide,
572 870 652 900 seu
686 853 863 898 ratione
903 853 1161 917 primatus,
1197 857 1278 921 qui
1313 858 1363 904 in
1405 876 1690 911 successores
1723 870 1819 927 ejus

122 926 494 987 transfunditur,
536 928 673 988 ideo,
698 944 799 992 quae
839 930 976 976 Petro
1009 930 1132 978 dicta
1172 943 1311 993 sunt„
1353 952 1474 984 rom.
1519 939 1819 992 Pontificibus

120 1001 374 1066 applicant.
415 1005 564 1062 Quare
598 1002 807 1068 perbelle
851 1004 893 1051 S.
932 1006 1196 1054 Bernardus
1240 1008 1339 1057 haec
1370 1011 1499 1060 addit
1540 1031 1551 1061 z
1596 1018 1821 1082 Dignum

120 1093 330 1140 namque
353 1080 569 1126 arbitror
591 1114 603 1136 ‚
624 1080 712 1125 >ibi
724 1083 1034 1141 potissimum
1073 1088 1310 1133 resarciri
1342 1088 1527 1138 damna
1551 1094 1698 1155 fidei,
1733 1099 1825 1145 uhi

120 1169 218 1199 non
242 1159 392 1216 possit}
407 1154 526 1215 fides
550 1157 724 1201 sentire
753 1156 1000 1218 defectum.
1033 1160 1154 1207 Hoee
1179 1163 1373 1224 quidem
1400 1164 1548 1228 hujus
1570 1186 1821 1237 proeroya-

121 1233 220 1276 tiva
240 1230 390 1276 Sedis.
417 1231 513 1277 Cui
534 1233 664 1277 enim
688 1233 955 1296 aliquando
990 1236 1175 1283 dictum
1203 1247 1268 1285 est
1285 1256 1302 1286 .·
1324 1241 1426 1304 qu
1439 1259 1531 1305 pro
1561 1254 1601 1292 te
1631 1254 1817 1312 royavi,

118 1305 256 1352 Petre
270 1341 289 1362 ,
317 1315 371 1352 ut
391 1323 483 1352 non
503 1307 692 1369 deficiat
709 1309 829 1370 fides
851 1318 935 1357 tua
951 1311 975 1357 P
1002 1313 1135 1376 Erqo
1149 1349 1162 1372 .,
1190 1317 1323 1377 quod
1349 1322 1598 1381 sequitur,
1624 1342 1656 1371 a
1680 1326 1824 1375 Petri

118 1396 375 1428 successore
400 1384 613 1446 eoezyz‘tur
632 1401 646 1430 :
666 1392 710 1431 et
727 1394 780 1432 tu
816 1387 1081 1450 aliquando
1100 1406 1353 1440 conversus
1380 1398 1615 1458 confirma
1636 1403 1821 1463 fratres

118 1464 222 1503 tuos
251 1457 339 1520 (4).
371 1457 504 1516 Quod
528 1475 613 1506 nec
644 1460 854 1524 gallicani
887 1464 975 1529 ipsi
1001 1463 1264 1514 diffitentur
1295 1468 1384 1534 (5).

117 1626 267 1665 autres;
290 1623 389 1659 mais
404 1650 415 1669 ‚
439 1635 580 1661 comme
615 1624 864 1679 l’expliquent
883 1627 935 1667 les

117 1686 240 1723 saints
275 1686 394 1725 Peres
411 1717 421 1735 ,
453 1702 572 1741 parce
602 1689 717 1741 qu’en
742 1693 934 1745 affermis-

118 1756 206 1788 sant
229 1751 261 1789 le
274 1751 380 1803 chef,
398 1752 432 1790 il
441 1754 583 1793 vouloit
596 1757 880 1811 empecherpar
896 1759 935 1798 Ιὰ

116 1829 187 1866 que
202 1814 254 1854 les
271 1818 454 1856 membres
479 1832 529 1857 ne
553 1821 812 1863 vacillassent.
832 1823 936 1863 C’est

112 1884 306 1934 pourquoi
327 1883 360 1921 il
380 1884 438 1922 dit
461 1901 475 1923 :
503 1885 588 1925 J’ai
610 1890 697 1940 prie
723 1903 827 1941 pour
855 1894 935 1942 toi,-

117 1953 152 1983 et
177 1960 254 1985 non
269 1950 461 2001 pas,sai
480 1954 569 2003 prie
591 1967 694 2005 pour
715 1968 823 1995 vous.

174 2012 224 2062 (1)
251 2012 371 2052 Serm.
408 2028 443 2054 xv
460 2046 471 2063 ,
507 2017 638 2057 Natal.
677 2022 766 2067 sui,
806 2037 844 2060 n.
881 2024 905 2062 3
921 2052 933 2071 ,

116 2077 206 2116 edit.
227 2078 405 2119 Ballerin.
434 2081 537 2133 cujus
563 2083 641 2122 haec
672 2086 782 2125 verba
814 2097 899 2126 sunt
921 2102 932 2127 2

118 2139 329 2182 Commune
351 2152 433 2183 erat
454 2147 633 2186 omnibus
649 2149 843 2202 Apostoli-5
863 2167 934 2204 pe-

115 2206 282 2246 riculum
306 2208 352 2247 de
385 2213 592 2251 tentatione
621 2214 871 2265 formidinis,
900 2226 936 2256 et

117 2269 267 2310 divinoe
284 2277 532 2325 protectionis
546 2278 696 2318 auxilio
702 2283 857 2332 pariter
869 2285 935 2322 in-

117 2335 297 2388 diqebant
318 2369 329 2388 ,
370 2344 554 2392 quoniam
592 2344 768 2385 diabolus
806 2361 936 2387 omnes

118 2405 316 2454 escaqitare
331 2434 342 2454 ,
366 2420 493 2447 omnes
516 2411 697 2462 cupiebat
721 2412 861 2452 elidere
872 2429 889 2464 ;
902 2422 938 2453 et

118 2475 250 2506 tamen
266 2471 443 2521 specialis
470 2487 494 2511 a
516 2473 683 2515 Domino
710 2478 820 2517 Pom·
842 2493 938 2519 cura

117 2536 331 2587 suscipitur
347 2565 357 2582 ,
383 2544 420 2575 et
442 2551 513 2590 pro
535 2540 612 2589 fide
641 2542 754 2580 Petri
774 2548 939 2597 proprie

117 2600 386 2653 supplicatur,
412 2610 598 2655 tanquam
623 2605 789 2646 aliorum
813 2617 938 2649 status

117 2667 256 2705 certior
279 2667 329 2707 sit
347 2668 526 2718 futurus,
549 2672 588 2708 si
609 2684 715 2710 mens
736 2670 938 2727 Principis

120 2731 220 2770 vieta
247 2745 329 2771 non
350 2733 490 2784 fuerit.
521 2735 577 2773 In
604 2736 721 2776 Petro
744 2753 832 2790 erqo
858 2753 937 2779 om-

121 2797 233 2835 nium
253 2797 442 2848 fortitudo
474 2802 675 2851 munitur,
716 2811 750 2842 et
788 2804 936 2846 divinoe

116 2862 253 2911 qratioe
292 2865 347 2902 ita
387 2865 593 2905 ordinatur
627 2868 824 2908 auaeilium
840 2898 853 2918 ,
897 2878 940 2910 ut

112 2927 306 2978 firmitas,
320 2944 405 2981 quoe
423 2946 498 2985 per
515 2932 713 2974 Christum
737 2933 851 2976 Petro
863 2940 935 2977 tn·—

1000 1619 1133 1658 buitur
1147 1651 1158 1669 ,
1188 1637 1261 1675 per
1294 1624 1454 1666 Petrum
1494 1628 1689 1682 Apostoli-⁹
1722 1649 1818 1676 con-

996 1685 1164 1737 feratur.

1055 1753 1113 1804 (2)
1142 1753 1251 1807 Apud
1280 1756 1451 1800 Ballerin.
1479 1776 1541 1814 op.
1570 1765 1634 1803 cit.
1659 1764 1724 1805 De
1748 1770 1791 1806 vi
1807 1799 1817 1818 ‚

1002 1826 1075 1857 etc.
1099 1833 1179 1873 cap.
1214 1821 1286 1869 15,
1313 1822 1333 1875 §
1358 1824 1381 1863 3
1400 1856 1410 1873 ‚
1440 1841 1479 1866 n.
1512 1841 1572 1868 10.

1058 1884 1110 1937 (3)
1142 1886 1244 1927 lbid.

1056 1950 1108 2001 (la)
1137 1950 1268 2005 Epist.
1294 1968 1357 1993 cxc
1375 1986 1385 2005 ‚
1413 1973 1477 1997 seu
1522 1960 1657 2003 Tract.
1686 1972 1820 2005 contra

1002 2016 1179 2066 quaedam
1197 2021 1367 2071 capitula
1381 2036 1553 2064 errorum
1576 2029 1613 2066 A
1617 2028 1796 2070 baelardi
1805 2046 1821 2081 ,-

1003 2082 1055 2119 ad
1094 2080 1235 2124 Immo,
1274 2083 1353 2134 II,
1387 2091 1506 2142 proef.
1547 2093 1636 2132 edit.
1676 2095 1820 2138 Mabill.

1003 2154 1096 2186 tom.
1122 2163 1160 2197 1,
1186 2150 1261 2190 col.
1286 2149 1383 2206 649.

1061 2213 1113 2265 (5)
1146 2214 1354 2257 Afferamus
1373 2220 1497 2259 adhuc
1516 2236 1632 2275 pauca
1651 2226 1761 2266 verba
1779 2242 1822 2268 ex

1006 2276 1205 2329 Bossueto,
1239 2281 1311 2321 loc.
1344 2285 1407 2323 cit.
1443 2299 1527 2339 pag.
1561 2301 1605 2342 17
1625 2317 1637 2339 ,
1670 2290 1736 2329 ubi
1763 2291 1821 2331 lo-

1006 2357 1123 2394 quens
1148 2346 1193 2384 de
1216 2345 1322 2385 Petro
1341 2364 1351 2386 :
1379 2348 1424 2387 ll
1443 2358 1499 2389 est
1520 2352 1618 2392 donc
1634 2384 1644 2402 ,
1673 2354 1821 2409 inquit,

1005 2408 1052 2447 de
1073 2423 1249 2449 nouveau
1273 2412 1412 2466 charqe
1431 2415 1478 2455 de
1501 2426 1601 2458 toute
1621 2408 1789 2473 I’E'qliee
1808 2441 1824 2470 ,-

1006 2474 1039 2513 il
1061 2481 1117 2514 est
1136 2475 1274 2528 charqe
1297 2479 1343 2518 de
1368 2487 1451 2519 tous
1470 2496 1529 2521 ses
1543 2484 1684 2535 freres,
1704 2490 1823 2540 puis-

1005 2554 1076 2592 que
1107 2543 1378 2584 Iesus-Christ
1410 2546 1471 2586 lui
1505 2550 1673 2591 ordonne
1698 2554 1744 2592 de
1771 2554 1823 2593 les

1006 2609 1178 2660 affermir
1199 2609 1298 2649 dans
1314 2619 1405 2651 cette
1423 2614 1483 2668 foi
1490 2644 1503 2664 ‚
1524 2616 1624 2668 qu'il
1637 2620 1764 2658 venoit
1778 2620 1823 2659 de

1006 2673 1141 2712 rendre
1165 2676 1377 2716 inoineible
1391 2692 1470 2731 par
1489 2693 1533 2718 sa
1547 2683 1692 2734 priere.
1717 2683 1764 2722 Et
1784 2686 1825 2723 in

1007 2753 1068 2791 op.
1095 2739 1259 2792 Defens.
1286 2742 1469 2794 declarat.
1487 2746 1558 2786 lib.
1579 2760 1605 2785 x
1621 2778 1631 2796 ‚
1658 2762 1745 2801 cap.
1768 2739 1792 2788 3
1809 2781 1821 2800 ,

1007 2804 1133 2844 scribit
1163 2819 1173 2845 :
1204 2806 1292 2846 Hoc
1323 2822 1409 2861 erqo
1440 2824 1488 2849 ex·
1523 2812 1645 2864 officio
1681 2814 1823 2854 Petrus
1859 2841 1862 2844 ⁴

1007 2869 1117 2910 habet
1143 2902 1154 2921 ‚
1178 2871 1249 2912 hoc
1282 2875 1392 2914 Petri
1418 2890 1647 2917 successores
1672 2881 1717 2917 in
1750 2879 1825 2918 Pe-

1004 2943 1061 2976 tro
1087 2948 1312 2992 aeceperunt
1328 2973 1338 2991 ‚
1368 2950 1411 2981 ut
1431 2942 1578 2995 fratres
1594 2938 1823 2997 confirmare

1001 3003 1233 3056 jubeantur.
