2028 3354
379 207 504 240 ΡΑιιΤ.
547 211 578 239 ι.
619 210 739 240 sacr.
780 212 829 240 11.
872 211 969 242 CAP.
1007 214 1038 242 1.
1079 212 1134 244 nu
1171 212 1297 243 PE'rm
1331 211 1549 244 mummi.
1724 198 1818 246 305

115 323 245 369 stolis
268 323 472 386 aeqaales
489 325 699 386 fuerunt
720 324 810 387 (1).
838 325 1193 390 Chrysostomus
1226 337 1362 376 vocat
1382 329 1695 394 apostolatum
1719 348 1817 378 non

116 398 267 446 solum
301 401 558 462 fastiyium
592 400 887 463 diqnitatum
902 438 917 460 ,
945 404 1027 449 secl
1056 405 1201 450 etiam
1233 406 1448 451 radicem
1479 414 1747 453 ceterarum
1771 412 1816 454 et

112 468 517 537 fundamentum,
544 477 843 540 affirmatque
865 480 1199 540 Apostolorum
1216 481 1331 542 fidei
1354 486 1577 544 qenti‘um
1595 486 1817 550 omnium

117 570 175 599 ac
202 556 346 599 totius
371 553 501 598 orbis
523 562 771 601 terrarum
795 573 965 602 curam
991 560 1146 619 fuisse
1169 562 1475 605 commissam
1499 559 1589 624 (2).
1620 561 1819 626 Cyrillus

119 628 248 675 Alex.
273 637 409 675 vocat
428 629 671 693 Apostolos
681 632 878 693 judices
900 633 1217 689 universales,
1240 641 1439 681 rectores
1457 641 1602 683 totius
1620 640 1816 686 mundi.

116 705 173 750 Et
190 707 239 750 in
258 705 406 768 Epist
432 707 502 751 ad
511 706 788 753 Nestorium
813 707 923 753 dicit
940 743 952 766 .‚
975 708 1180 755 Petrum
1199 717 1243 754 et
1260 710 1502 757 Ioannem
1516 715 1670 773 fuisse
1672 732 1822 777 pares

116 784 172 826 in
193 785 365 827 honore
382 798 437 827 ac
455 782 685 845 diqnitate
697 782 783 845 (3)
812 783 963 829 Victor
978 783 1195 847 Carthag.
1214 785 1298 830 Ad
1307 787 1486 851 quam(
1503 788 1783 854 Ecclesiam)
1802 827 1814 850 7

116 856 305 914 scribit,
338 874 496 904 omnes
531 859 793 904 beatissimi
834 858 1074 921 Apostoli,
1113 863 1239 922 pari
1273 862 1465 910 honoris
1514 872 1557 910 et
1574 872 1820 928 potestatis

117 926 349 980 consortio
370 934 598 996 proseliti,
628 935 926 996 populorum
970 940 1171 999 aymina
1216 948 1534 986 convertentes
1566 942 1817 1003 perduxe-

117 1019 241 1056 runt
273 1009 360 1072 (4).
408 1009 609 1055 Isidorus
641 1010 818 1075 Hispal.
870 1011 1049 1069 Ceteri,
1084 1014 1259 1078 inquit,
1291 1015 1508 1078 Apostoli
1535 1034 1647 1074 cum
1681 1019 1824 1066 Petro

109 1103 213 1150 par
241 1089 532 1132 consortium
563 1086 754 1132 honoris
788 1096 832 1132 et
856 1092 1103 1150 potestatis
1137 1101 1424 1153 acceperunt
1454 1092 1555 1156 (5).
1585 1094 1727 1141 Conc.
1766 1096 1818 1142 V.

118 1162 459 1209 oecumenicum
477 1160 680 1208 declarat
696 1180 706 1207 :
723 1163 854 1211 Licet
869 1166 1001 1211 enim
1019 1166 1192 1212 Sancti
1207 1168 1422 1233 Spiritus
1437 1172 1604 1232 qratia
1625 1179 1669 1216 et
1686 1175 1823 1219 circa

119 1239 331 1302 sinyulos
359 1238 599 1301 Apostolos
630 1240 927 1296 abundaret,
953 1250 1009 1287 ut
1032 1259 1130 1288 non
1156 1244 1431 1307 indiqerent
1450 1247 1606 1293 alieno
1628 1250 1824 1295 oonsilio

117 1315 186 1361 ad
207 1331 262 1361 ea
297 1331 403 1377 quoe
429 1316 616 1378 ayenda
633 1325 829 1364 crant...
856 1318 943 1380 (6).
968 1319 1177 1366 Tandem
1201 1320 1414 1368 Nicolaus
1445 1323 1653 1370 Cusanus
1677 1342 1688 1371 ε
1716 1327 1823 1372 Sci—

114 1408 252 1449 mus,
273 1392 402 1453 quod
434 1392 613 1438 Petrus
647 1392 776 1439 nihil
795 1395 914 1455 plus
936 1398 1186 1456 potestatis
1216 1414 1248 1442 a
1287 1398 1473 1445 Christo
1501 1404 1677 1462 recepit
1707 1404 1822 1449 aliis

113 1468 362 1529 Apostolis.
388 1467 534 1514 Nihil
565 1472 697 1514 enim
730 1469 916 1515 dictum
936 1479 1003 1516 est
1027 1472 1096 1517 ad
1115 1472 1320 1519 Petrum
1339 1507 1352 1532 ‚
1384 1477 1514 1536 quod
1538 1478 1653 1523 aliis
1675 1476 1822 1525 etiam

115 1546 301 1591 dictum
318 1562 413 1591 non
426 1548 504 1590 sit.
518 1579 547 1591 ..
562 1546 673 1592 Ideo
692 1556 810 1592 recte
830 1548 1059 1603 dicimus,
1078 1566 1236 1595 omnes
1257 1551 1496 1613 Apostolos
1510 1570 1603 1600 esse
1615 1557 1819 1617 oequales

119 1637 230 1666 cum
262 1624 404 1666 Petro
434 1622 484 1665 in
517 1629 739 1682 potestate
766 1622 853 1686 (7).
883 1624 1018 1686 Ergo.

180 1696 293 1743 455.
333 1698 471 1760 Resp.
511 1696 579 1743 Ad
616 1697 708 1757 1¹1¹,
748 1701 860 1762 Ney.
897 1701 1008 1748 Haec
1030 1702 1158 1749 enim
1191 1705 1310 1750 meri
1346 1705 1521 1753 ordinis
1551 1723 1631 1754 seu
1655 1725 1821 1773 perso-

113 1771 230 1818 nalis
267 1772 635 1837 praeeminentiae
668 1777 1003 1839 praerogativa,
1043 1778 1218 1844 absque
1253 1797 1362 1827 vera
1399 1783 1644 1846 potestatis
1668 1788 1819 1846 juris-

113 1847 312 1895 dictione
331 1885 342 1907 ,
374 1850 532 1913 inepta
572 1867 762 1914 prorsus
799 1852 963 1901 fuisset
988 1871 1127 1921 scopo
1165 1873 1246 1903 seu
1275 1857 1388 1916 fini,
1418 1875 1560 1922 quem
1600 1859 1688 1907 sibi
1710 1879 1820 1926 pro-

111 1926 267 1990 posuit
302 1925 511 1973 Christus
553 1926 602 1971 in
647 1927 896 1977 condenda
937 1931 1134 1978 Ecclesia
1175 1950 1256 1979 sua
1300 1933 1360 1981 ad
1398 1934 1547 1982 instar
1585 1937 1819 1987 individui

94 1996 329 2049 niventis.
372 2002 654 2050 Instituisset
684 2005 811 2051 enim
844 2023 1008 2071 corpus
1033 2009 1152 2055 -sine
1188 2010 1368 2073 capite,
1407 2012 1675 2060 societatem
1718 2015 1819 2063 sine

111 2094 329 2141 supremo
360 2087 540 2124 rectore
556 2114 568 2137 ,
606 2095 709 2143 quae
735 2097 831 2127 non
857 2100 950 2129 una
975 2083 1056 2130 sed
1087 2083 1340 2150 multiplex
1364 2087 1525 2134 fuisset
1545 2124 1557 2143 ,
1592 2098 1707 2153 quot
1729 2091 1820 2137 sci-

110 2152 215 2200 licet
237 2154 295 2201 ab
314 2154 544 2220 Apostolis
568 2155 763 2220 singulis
793 2157 999 2207 fundatae
1021 2170 1177 2208 essent
1204 2162 1413 2210 Ecclesiae
1432 2200 1443 2223 7
1465 2173 1672 2230 quotque
1691 2165 1819 2213 dein-

113 2245 218 2293 ceps
257 2240 361 2295 post
390 2231 510 2295 ipsos
542 2232 929 2294 instituerentur,
958 2245 1123 2301 utpote
1161 2237 1292 2284 nullo
1323 2239 1448 2286 inter
1471 2257 1518 2288 se
1547 2241 1731 2289 vinculo
1767 2260 1819 2290 ac

113 2321 238 2351 nexu
268 2306 514 2370 colligatae,
558 2317 610 2354 ut
641 2316 769 2373 patet
801 2327 857 2357 ex
886 2311 1082 2359 coetibus
1109 2316 1480 2379 protestantibus
1509 2325 1555 2363 et
1592 2317 1819 2367 schisma-

111 2379 211 2426 ticis
228 2416 241 2440 7
264 2382 343 2445 qui
356 2392 464 2429 sunt
482 2385 782 2433 territoriales
803 2422 816 2447 ‚
841 2404 892 2434 ac
915 2387 1060 2435 veluti
1076 2391 1388 2455 possessiones
1410 2402 1489 2439 aut
1508 2395 1818 2459 proprietates

111 2454 223 2517 soli,
255 2473 335 2504 seu
360 2458 596 2520 regiminis
615 2497 628 2520 7
665 2461 790 2526 quod
819 2463 873 2510 iis
897 2474 1066 2529 praeest
1084 2466 1176 2530 (8).
1216 2467 1425 2515 Christus
1455 2479 1612 2517 autem
1640 2471 1690 2518 in
1719 2473 1818 2520 sin-

166 2610 214 2661 (1)
241 2609 348 2649 Adv.
379 2608 515 2649 Jovin.
1050 2617 1100 2668 (6)
1131 2616 1235 2657 Acta
1263 2619 1382 2659 Conc.
1416 2631 1507 2661 tom.
1529 2636 1596 2673 111,
1621 2624 1694 2662 col.
1717 2624 1806 2664 188.

168 2676 221 2726 (Ξ)
253 2675 396 2714 Homil.
441 2674 498 2714 De
533 2676 621 2716 utfil.
658 2677 739 2717 leot.
779 2679 924 2731 Script.
1062 2683 1115 2733 (7)
1156 2684 1220 2722 De
1256 2686 1432 2725 concord.
1469 2688 1606 2725 cathol.
1651 2689 1721 2727 lib.
1756 2703 1809 2736 ιι,

118 2748 208 2779 tom.
235 2755 300 2789 ιιι,
316 2753 397 2793 pag.
424 2739 562 2794 75-77.
996 2761 1077 2799 cap.
1105 2749 1164 2787 13.
1185 2773 1236 2778 —-
1261 2751 1449 2791 Hactenus
1462 2753 1608 2793 Palmer
1626 2784 1636 2802 ‚
1668 2769 1731 2807 op.
1751 2757 1812 2794 cit.

179 2806 228 2856 (3)
261 2811 352 2846 Act.
383 2805 500 2846 Conc.
528 2808 644 2848 Hard.
673 2818 765 2851 tom.
794 2824 807 2848 1
824 2841 833 2859 ‚
857 2813 927 2851 col.
995 2822 1094 2864 part.
1116 2828 1208 2863 vm,
1234 2816 1299 2855 De
1325 2831 1420 2856 rom.
1460 2816 1610 2871 Pontis.
1648 2833 1732 2872 cap.
1772 2833 1784 2857 ι
1803 2849 1814 2868 ,

124 2868 241 2924 1287.
996 2892 1034 2930 p.
1054 2877 1131 2932 477
1147 2888 1183 2919 et
1202 2896 1308 2935 seqq.

176 2936 226 2987 (h)
255 2936 384 2990 Epist.
418 2938 470 2977 ad
505 2938 648 2979 leeod.
678 2941 845 2994 Papam.
1052 2944 1103 2994 (8)
1132 2945 1275 2986 Exinde
1292 2957 1477 3000 receptum
1499 2959 1549 2988 est
1566 2963 1610 2987 ac
1623 2949 1811 3000 vulgatum

174 3002 226 3052 (5)
257 3001 320 3040 De
338 3003 497 3056 officiis,
519 3006 586 3045 lib.
613 3018 639 3045 ιι
655 3036 666 3055 ,
693 3021 776 3061 cap.
800 3007 839 3048 5.
997 3011 1094 3062 apud
1130 3014 1351 3054 acatholicos
1383 3016 1486 3055 velut
1510 3019 1653 3055 axioma
1678 3014 1815 3068 princi-

183 3066 235 3113 T.
278 3067 395 3116 VIll.
1556 3081 1619 3127 20
