2028 3354
203 191 297 239 356
688 209 843 240 mser.
881 211 937 239 nr.
972 210 1092 241 Locis
1127 210 1422 241 summanus.

199 331 317 369 stros
327 321 573 374 Ecclesz'oe,
595 319 645 365 in
669 319 848 366 bonum
867 319 1081 367 videlicet
1101 320 1308 369 Ecclesiae
1332 339 1357 369 a
1377 321 1559 368 Christo
1581 322 1854 369 constitutos
1869 359 1886 383 7

198 414 350 451 oono.;
389 395 663 442 constitutos
688 413 713 442 a
738 394 951 442 fidelibus
980 412 1060 442 seu
1090 413 1114 441 a
1148 395 1355 443 fidelium
1376 406 1527 454 coetu,
1561 414 1666 460 neg).
1705 397 1889 460 Signifi-

198 481 306 519 cant
345 470 426 518 illa
467 460 690 536 loquendi
712 471 921 531 ratione,
957 488 1006 517 se
1038 488 1123 535 pro
1156 470 1336 518 Christo
1363 471 1586 534 legatione
1620 472 1748 536 fungi
1782 481 1892 519 tan-

198 565 338 612 quam
361 546 530 594 Christi
564 547 827 603 ministros,
856 548 907 593 in
933 546 1198 593 animarum
1231 546 1450 606 salutem,
1477 566 1555 595 seu
1580 565 1628 594 se
1656 550 1893 595 ministros

200 640 296 670 esse
326 622 536 671 Ecclesiae
554 659 567 682 7
587 631 640 669 ut
675 624 927 686 fungantur
949 622 1096 669 officio
1112 658 1124 682 ,
1149 621 1209 669 ob
1230 622 1355 686 quod
1381 625 1610 687 praepositi
1628 635 1753 671 sunt.

264 698 374 745 524.
416 698 487 745 Ad
515 698 609 757 4¹¹2,
643 700 771 746 Dist.
812 698 989 745 Fideles
1018 707 1243 746 vocantur
1265 701 1449 760 fratres
1477 701 1653 747 ratione
1684 699 1893 762 ejusdem

199 775 306 822 fidei
328 791 379 822 ac
399 784 573 821 mutuae
591 773 875 833 dilectionis,
904 792 1031 821 conc.
1049 793 1064 827 ,·
1097 774 1275 821 ratione
1295 773 1593 839 aequalitatis,
1618 793 1718 839 neq.
1740 778 1895 824 Sacer-

199 850 330 898 dotes
353 859 511 898 autem
529 849 767 897 interdum
787 850 1033 908 dicuntur,
1060 859 1111 896 ut
1135 848 1246 896 alias
1271 850 1561 897 ostendimus
1584 851 1653 913 (l)
1669 887 1681 910 7
1705 853 1894 916 mystice

195 937 242 974 et
269 927 523 991 improprie
560 925 619 971 ob
659 926 905 989 mysticum
939 925 1089 972 laudis
1120 943 1170 972 ac
1204 943 1395 990 precum
1431 927 1732 986 sacrificium,
1771 927 1895 991 quod

196 1004 295 1050 Deo
311 1001 479 1049 offerre
503 1000 627 1049 debe
641 1010 697 1047 nt
711 1037 724 1060 7
747 1009 827 1046 aut
846 1001 986 1047 etiam
1004 1000 1064 1048 ob
1081 1002 1323 1065 mysticam
1342 1002 1629 1060 unctionem,
1652 1021 1742 1068 qua
1764 1002 1895 1050 Chri-

194 1079 333 1124 stiani
359 1086 483 1123 sunt.

261 1153 371 1200 525.
409 1152 480 1200 Ad
518 1153 612 1211 5⁰¹7
649 1154 770 1217 Ney.
803 1157 1128 1217 suppositum,
1164 1154 1385 1201 nimirum
1422 1171 1505 1220 per
1534 1154 1732 1205 Verbum
1754 1173 1900 1219 pasce

195 1238 381 1276 tantum
395 1230 642 1292 significari
671 1231 901 1276 alimenta
921 1231 1103 1291 proebe,
1128 1247 1224 1276 non
1255 1240 1411 1297 autem
1425 1248 1612 1294 pascere
1630 1248 1735 1278 cum
1752 1233 1899 1296 impe-

195 1307 289 1365 rio7
320 1305 523 1369 regendo
559 1304 793 1364 videlicet,
824 1306 980 1370 prouti
1008 1305 1146 1370 paulo
1193 1316 1300 1354 ante
1332 1307 1635 1354 ostendimus.
1668 1309 1899 1366 Quoniam

198 1399 309 1429 vero
335 1398 530 1446 praeesse
556 1390 603 1427 et
637 1381 824 1428 subesse
841 1417 853 1440 7
874 1398 1032 1445 regere
1059 1398 1110 1428 ac
1136 1383 1256 1443 regi,
1290 1398 1474 1447 pascere
1497 1401 1548 1430 ac
1584 1384 1708 1447 pasci
1725 1420 1736 1442 7
1776 1384 1898 1430 rela-

198 1458 375 1504 tionem
399 1457 524 1503 inter
557 1473 603 1503 se
632 1456 838 1516 habent,
870 1458 930 1503 ita
958 1466 1008 1503 ut
1035 1457 1235 1504 alterum
1262 1459 1361 1505 sine
1393 1457 1542 1505 altero
1570 1476 1654 1506 nec
1683 1476 1781 1506 esse
1813 1476 1901 1506 nec

199 1533 395 1595 intelligi
425 1541 593 1596 queat,
617 1542 748 1597 patet
770 1567 782 1589 ,
810 1549 917 1579 cum
941 1535 1075 1580 Petro
1103 1533 1281 1580 dictum
1312 1534 1371 1580 sit
1397 1543 1449 1580 ut
1474 1535 1658 1598 praesit,
1685 1544 1813 1598 regat
1852 1543 1900 1583 et

201 1620 385 1676 pascat,
425 1609 603 1657 dictum
635 1611 812 1675 pariter
857 1610 994 1657 fuisse
1033 1610 1246 1658 fidelibus
1280 1620 1327 1659 et
1364 1611 1652 1672 injunctum,
1678 1622 1731 1658 ut
1766 1613 1901 1658 Petro

201 1687 410 1745 subsint,
447 1695 586 1750 atque
616 1685 673 1732 ab
709 1687 809 1751 ipso
842 1703 890 1732 se
917 1687 1011 1749 regi
1041 1687 1197 1733 sinant
1223 1704 1274 1733 ac
1308 1687 1449 1752 pasci.

259 1763 377 1810 526.
414 1762 483 1808 Ad
512 1764 604 1821 6¹¹¹,
638 1764 761 1810 Disc.
786 1764 901 1819 Quia
926 1762 1090 1809 maluit
1110 1765 1271 1810 Petrus
1294 1763 1523 1810 rationem
1542 1763 1738 1810 reddere
1759 1780 1900 1829 quam

202 1840 271 1886 uti
295 1840 567 1886 auctoritate
594 1856 704 1895 sua,
740 1855 895 1892 oonc.,·
929 1840 1059 1903 quasi
1098 1857 1194 1885 non
1227 1839 1433 1903 potuerit
1470 1856 1517 1886 se
1547 1839 1680 1886 aliter
1715 1856 1897 1903 gerere,

204 1933 307 1979 περ.
340 1914 520 1961 Scilicet
545 1913 693 1960 voluit
722 1917 885 1960 Petrus
918 1913 1129 1961 Ecclesiae
1154 1914 1429 1961 Praesulibus
1461 1915 1835 1962 mansuetudinis
1848 1931 1901 1962 ac

208 1990 446 2038 modestiae
459 1989 727 2055 exemplum
741 1989 947 2054 praebere
961 2025 973 2047 7
990 1991 1142 2054 potius
1158 2008 1297 2054 quam
1312 1992 1583 2039 auctoritate
1596 2028 1608 2050 7
1630 2009 1719 2056 qua
1734 1991 1901 2057 praedi-

207 2076 281 2114 tus
303 2067 526 2114 divinitus
542 2075 667 2125 erat,
683 2065 938 2113 tumultum
952 2083 1263 2131 compescere,
1285 2068 1354 2113 uti
1366 2066 1672 2114 observarunt
1696 2068 1895 2113 S.J0an.

209 2142 561 2206 Chrysostomus
579 2150 626 2188 et
650 2143 694 2188 S.
710 2142 956 2204 Gregorius
977 2143 1038 2188 M.
1058 2141 1144 2188 hoe
1165 2141 1337 2188 factum
1354 2142 1669 2206 expendentes
1688 2143 1776 2204 (2).
1805 2143 1902 2190 Hac

207 2235 317 2266 sane
351 2226 578 2283 potestate
610 2235 717 2264 usus
764 2226 834 2263 est
863 2220 1023 2265 Petrus
1046 2226 1148 2264 tum
1173 2217 1394 2266 adversus
1416 2219 1651 2265 Simonem
1684 2235 1902 2282 magum,

266 2407 319 2458 (1)
350 2405 394 2443 In
412 2411 521 2445 tract.
545 2403 610 2444 De
624 2402 800 2451 Ordine,
827 2415 911 2453 cap.
947 2415 960 2440 1
975 2414 988 2439 ι
1014 2432 1025 2450 ,
1086 2402 1267 2453 fuerant,
1287 2401 1562 2454 >reprehendero
1594 2415 1672 2439 non
1698 2402 1898 2441 auderent.

211 2486 317 2524 prop.
355 2484 391 2511 1.
1090 2468 1168 2510 Sed
1181 2498 1192 2518 ‚
1216 2471 1252 2508 si
1273 2471 1315 2507 in
1330 2469 1479 2521 querela
1497 2468 1673 2519 fidelium
1687 2468 1837 2521 aliquid
1857 2467 1903 2505 de

269 2539 320 2588 (2)
350 2536 391 2575 S.
419 2535 530 2575 Joan.
553 2534 738 2587 Chrysost.
764 2535 889 2573 Hom.
922 2547 1021 2581 xxiv,
1089 2548 1159 2572 sua
1178 2542 1363 2585 potestate
1389 2535 1529 2573 diceret
1551 2564 1562 2582 ,
1583 2535 1747 2586 profecto
1776 2533 1903 2571 doctor

211 2605 257 2641 in
283 2604 409 2646 Acta,
429 2616 468 2639 n.
502 2615 547 2648 23
577 2600 618 2639 S.
641 2599 746 2651 Greg.
771 2599 827 2638 M.
858 2600 923 2637 lib.
951 2612 990 2638 ιι
1008 2629 1019 2647 ,
1089 2602 1397 2639 mansuetudinis
1424 2614 1501 2638 non
1528 2601 1710 2652 fuisset...
1748 2599 1796 2637 Si
1814 2610 1901 2648 erqo

214 2670 323 2721 epist.
344 2680 411 2706 xtv
427 2693 440 2715 ‚
467 2667 557 2705 edit.
583 2665 704 2703 Maur.
728 2664 801 2705 col„
824 2664 923 2703 1130
940 2696 949 2713 ‚
967 2679 1027 2704 cu·
1087 2672 1223 2718 pastor
1254 2664 1436 2705 Ecclest'ce
1455 2696 1467 2716 ,
1499 2664 1765 2718 Apostolorum
1789 2664 1902 2714 prin-

211 2738 272 2788 jus
301 2733 409 2773 verba
433 2733 510 2770 haec
535 2740 620 2770 sunt
637 2728 712 2771 :Si
740 2731 870 2777 enim,
896 2745 984 2769 oum
1004 2744 1028 2769 a
1095 2745 1180 2784 ceps
1196 2762 1205 2778 ‚
1236 2733 1349 2783 siqna
1380 2738 1416 2769 et
1441 2730 1628 2770 miracula
1649 2726 1903 2779 sinqulariter

210 2800 390 2853 fidelibus
424 2798 644 2851 culparetur
673 2828 683 2846 7
720 2798 985 2836 auctoritatem
1014 2827 1026 2846 ‚
1087 2798 1238 2848 faciens
1254 2828 1264 2845 ‚
1291 2811 1370 2836 non
1397 2797 1621 2848 dediqnatus
1645 2802 1697 2832 est
1719 2796 1764 2831 in
1783 2807 1901 2833 causa

215 2881 330 2920 quam
362 2867 407 2903 in
439 2873 572 2903 sancta
606 2862 783 2901 Ecclesia
807 2871 1026 2916 acceperat,
1093 2861 1395 2914 reprehensionis
1416 2874 1495 2901 suoe
1508 2861 1693 2898 rationem
1706 2859 1903 2897 humiliter

216 2931 450 2978 attendisset,
475 2928 698 2982 respondere
712 2933 877 2980 poterat,
895 2935 940 2966 ut
950 2941 1027 2981 pa·
1095 2927 1249 2965 reddere
1263 2958 1272 2975 ‚
1290 2966 1292 2968 ,
1307 2934 1446 2979 quanto
1474 2926 1600 2977 maqie
1633 2937 1702 2964 nos
1727 2930 1901 2977 peccatam

217 3006 352 3037 acorem
378 3009 492 3035 suum
517 3007 600 3034 oves
615 3021 627 3045 7
647 3007 733 3046 quw
755 2994 795 3031 ei
818 2996 1030 3033 commissas
1093 3005 1174 3039 res,
1197 3001 1269 3031 etc.
