2028 3354
306 246 435 275 mm.
475 246 507 274 1.
546 244 664 276 sucr-
699 244 751 274 11.
788 243 889 275 car.
924 243 989 274 111.
1024 244 1079 273 ms
1114 243 1216 273 uxr.
1254 243 1308 273 ΕΤ
1342 242 1438 274 sun.
1480 242 1607 273 rmu-
1701 226 1796 274 485

177 358 287 407 708.
328 358 416 406 Sed
453 357 619 405 falsum
655 366 876 423 praeterea
909 366 978 404 est
1008 357 1321 422 principium,
1347 357 1421 404 cui
1441 355 1670 422 praedictae
1703 355 1801 404 dis*

110 435 342 483 tinctionis
382 433 706 483 adinventores
734 434 1018 480 innituntur.
1050 433 1336 497 Principium
1376 433 1533 492 enim,
1581 432 1632 479 in
1675 431 1801 497 quod

112 520 429 576 superstructa
473 510 551 557 illa
599 509 836 557 distinctio
889 507 1118 556 incumbit
1141 545 1161 566 7.
1204 517 1275 555 est
1300 544 1312 568 ‚
1364 508 1491 573 quod
1540 511 1801 572 antiquum

110 586 318 633 Ecclesiae
350 589 426 647 jus
463 587 521 633 sit
555 603 743 650 prorsus
772 583 1092 642 immutabile,
1123 583 1187 629 ita
1219 591 1272 628 ut
1310 599 1488 630 novum
1513 587 1588 646 jus
1621 583 1798 631 censeri

109 661 275 709 debeat
311 661 570 726 corruptela
609 671 654 708 et
691 661 956 726 usurpatio,
994 676 1049 706 ex
1094 657 1355 705 isidorianis
1396 658 1708 706 decretalibus
1749 668 1798 706 et

107 736 321 785 barbarie
354 737 578 801 profecta.
615 740 756 784 Porro
780 734 1004 798 ejusmodi
1029 733 1311 798 principium
1339 733 1508 780 falsum
1529 744 1624 792 est3
1660 734 1800 799 siqui-

110 813 249 874 dem7
287 815 451 861 ceteris
487 814 663 861 omissis
683 850 696 872 7
730 829 835 859 cum
862 812 936 872 jus
972 808 1357 867 ecclesiasticum,
1390 826 1447 856 ex
1483 827 1576 874 quo
1599 811 1799 874 patriar-

108 889 251 936 chalis
290 898 337 936 et
371 888 707 954 metropolitica
753 886 999 933 auctoritas
1052 884 1258 949 prodiit,
1311 885 1371 931 sit
1423 885 1672 933 mutationi
1711 885 1798 932 ob·-

107 965 300 1012 noxium
323 1001 336 1024 .,
365 965 433 1012 ita*
453 982 537 1029 pro
558 973 825 1027 temporum
845 978 896 1008 ac
921 961 1129 1008 locorum
1153 961 1404 1021 varietate,
1433 960 1642 1011 Ecclesiae
1670 960 1795 1007 bono

107 1040 158 1087 id
186 1031 488 1107 exposcente,
519 1047 675 1103 potest
704 1037 897 1097 variari,
934 1045 986 1083 ut
1020 1053 1198 1085 novum
1232 1041 1308 1099 jus
1348 1054 1373 1083 a
1400 1036 1605 1101 legitima
1634 1046 1799 1086 aucto-

108 1117 247 1163 ritate
261 1115 584 1163 constituatur.
615 1114 927 1177 Quapropter„
954 1113 1040 1159 etsi
1060 1111 1249 1159 daretur
1265 1149 1277 1172 .,
1298 1112 1426 1177 quod
1445 1123 1605 1161 tamen
1626 1113 1797 1161 falsum

108 1201 203 1250 est,
228 1191 285 1238 ab
307 1189 568 1236 isidorianis
589 1187 822 1235 mercibus
844 1205 1019 1237 novam
1047 1188 1185 1235 fuisse
1213 1187 1509 1254 disciplinam
1531 1190 1794 1250 invectam=7

106 1285 210 1314 cum
249 1265 347 1313 haec
376 1275 536 1312 tamen
574 1264 711 1327 longo
747 1263 1009 1312 seculorum
1041 1282 1129 1311 usu
1162 1263 1220 1311 ab
1265 1264 1462 1313 Ecclesia
1494 1275 1681 1331 recepta
1708 1267 1795 1328 sit,

106 1352 151 1390 et
173 1341 232 1389 ab
252 1340 548 1390 oecumenicis
572 1339 783 1387 Conciliis
809 1341 1081 1387 confirmata
1099 1376 1112 1402 ,
1142 1341 1191 1386 in
1220 1342 1382 1404 primis
1405 1358 1516 1389 vero
1542 1359 1568 1388 a
1598 1342 1796 1390 Triden-

104 1420 233 1479 tino,
278 1435 416 1466 nemo
450 1416 620 1464 dixerit
653 1434 824 1465 novam
861 1416 984 1464 hanc
1015 1415 1310 1481 disciplinam
1347 1434 1445 1465 esse
1485 1419 1797 1484 corruptelam

104 1505 243 1561 atque
276 1495 624 1560 usurpationem
647 1494 733 1557 (1).
756 1494 816 1541 Ea
840 1494 1015 1559 quippe
1034 1494 1332 1554 auctoritate,
1361 1512 1452 1559 qua
1481 1493 1660 1560 aliquid
1687 1514 1790 1543 san-

107 1573 252 1619 citum
287 1581 356 1619 est
378 1608 391 1630 ,
430 1569 593 1619 eadem
629 1579 815 1635 potest7
852 1570 987 1632 justis
1024 1568 1421 1617 intercedentibus
1459 1572 1633 1631 causis„
1672 1571 1798 1638 quod

107 1657 334 1695 statutum
361 1648 539 1707 fuerat7
570 1648 811 1694 immutari
839 1647 973 1713 eique
1004 1646 1230 1711 derogari.

172 1725 286 1773 709.
327 1725 497 1773 Verum
523 1761 535 1784 ,
586 1724 712 1789 quod
761 1722 964 1772 secundo
1010 1721 1112 1771 loco
1158 1723 1524 1789 proposuimus,
1576 1724 1796 1789 praedicta

107 1937 259 1977 Isidoro
270 1940 436 1978 severius
445 1947 744 1991 antiquet-untur,
754 1940 919 1993 perinde

110 2015 158 2049 ag:
179 2003 215 2040 si
236 2004 319 2054 ejus
343 2004 565 2056 imposturis
587 2004 795 2058 disciplina
815 2013 920 2044 vetus

108 2066 276 2115 abolita,
315 2075 351 2106 et
380 2082 478 2106 nova
505 2069 628 2119 fuerit
651 2070 919 2110 introducta...

103 2134 329 2184 perturbata
355 2131 636 2186 Epis-caporum
652 2142 687 2172 et
697 2137 922 2187 provincia-

108 2197 205 2236 lium
234 2197 495 2238 conciliorum
510 2201 637 2250 jura,
667 2199 837 2237 sublatas
851 2202 922 2252 ju-

109 2263 298 2302 diciorum
325 2264 444 2317 leyes‚
478 2265 630 2317 aliaque
654 2266 712 2303 rei
743 2265 919 2304 ecclesia-

109 2331 214 2369 sticae
229 2330 370 2369 damna
382 2330 493 2369 illata
514 2333 653 2382 fuisse.
676 2330 771 2371 Hoec
795 2339 921 2370 autem

70 2442 72 2444 Ι
108 2408 216 2433 πουω
241 2402 275 2433 et
299 2397 513 2435 immutatos
548 2397 767 2450 disciplima
797 2410 922 2449 repre-

109 2460 242 2499 hensio
258 2474 374 2511 quam
390 2464 522 2501 minus
537 2477 648 2514 aequa
670 2465 745 2511 sit,
762 2465 922 2515 quisque

104 2525 225 2577 facile
241 2525 444 2577 iuteffiqet,
463 2529 500 2565 si
520 2528 595 2566 duo
613 2528 897 2567 animadvertat
909 2558 919 2576 ‚

109 2592 301 2629 nimirum
321 2590 500 2642 pleraque
510 2592 657 2643 pseudo
675 2592 922 2645 epistolarum

113 2657 262 2694 Isidori
306 2663 482 2708 excerpta
526 2669 603 2694 esse
641 2670 688 2695 ex
725 2658 922 2696 sententiis

111 2719 190 2760 SS.
212 2721 379 2760 Petrum
393 2751 406 2770 ,
433 2735 480 2759 ex
502 2723 663 2760 sinceris
681 2724 919 2761 constitutio-

112 2786 228 2824 nibus
248 2801 341 2825 rom.
359 2783 597 2837 Pontificum
608 2794 694 2839 post
707 2786 897 2826 siricium
909 2818 920 2836 ,

112 2863 158 2888 ex
178 2853 388 2890 canonibus
417 2852 679 2890 Conciliorum
692 2880 704 2900 ‚
736 2866 782 2890 ac
802 2866 851 2890 ea,-
863 2866 925 2891 ro-

116 2917 246 2953 manis
268 2916 437 2969 leqibus;
468 2931 552 2969 quoe
577 2931 669 2955 sane
687 2919 780 2956 novi
790 2919 920 2970 juris,

115 2992 295 3033 novasque
318 2982 537 3035 disciplinas
556 2996 635 3021 non
654 2990 746 3021 suut
764 2997 779 3031 ,·
802 2983 924 3034 οειξνα

115 3058 203 3085 vero
226 3059 310 3086 eam
337 3046 584 3101 disciplinam
607 3047 833 3101 plerumque
858 3062 923 3087 ex·-

985 1940 1137 1988 hibere,
1172 1954 1258 1992 quoe
1291 1940 1352 1979 vel
1371 1940 1536 1992 jamdiu
1569 1940 1797 1986 inoleverat,

985 2005 1133 2058 veljam
1148 2013 1239 2044 ante
1255 2006 1451 2057 aliquanto
1467 2006 1610 2044 induci
1621 2013 1798 2058 coeperat.

985 2071 1209 2124 Impostura
1222 2079 1352 2110 autem
1366 2073 1412 2111 in
1433 2086 1474 2110 eo
1496 2073 1572 2110 sita
1595 2080 1670 2118 est,
1698 2071 1800 2123 quod

987 2133 1141 2174 Pseudo
1154 2136 1335 2175 Isidorus
1351 2151 1415 2175 eas
1431 2139 1639 2176 sententias
1662 2138 1713 2174 iis
1726 2150 1799 2176 au-

985 2201 1151 2239 ctoribus
1164 2204 1401 2253 imposuerit,
1416 2216 1576 2254 quorum
1593 2215 1672 2240 non
1689 2208 1801 2249 suut,

986 2273 1023 2304 et
1049 2269 1275 2319 posterioris
1307 2270 1383 2307 oevi
1416 2267 1665 2320 disciplinam
1698 2269 1803 2306 anti-

986 2333 1187 2383 quioribus
1212 2330 1466 2383 Pontificibus
1481 2333 1666 2385 affixerit,
1689 2334 1803 2384 quasi

980 2399 1182 2450 prioribus
1206 2397 1393 2440 Ecclesia?
1420 2399 1573 2438 saeculis
1604 2413 1710 2451 oeque
1738 2400 1800 2438 vi-

985 2465 1141 2514 quisset.
1165 2463 1248 2504 Cfr,
1271 2465 1341 2504 loc.
1364 2467 1427 2503 cit.
1446 2479 1528 2517 pag.
1543 2477 1636 2503 221.
1651 2464 1797 2504 Ibidem

988 2542 1073 2567 vero
1095 2529 1308 2577 ostendunt,
1325 2532 1556 2582 propositum
1577 2530 1690 2582 hujus
1719 2529 1795 2568 col-

986 2593 1130 2632 lectoris
1167 2594 1267 2633 haud
1304 2594 1416 2634 fuisse
1453 2593 1559 2634 Sedis
1591 2594 1799 2645 apostolicae

985 2661 1068 2710 jura
1092 2660 1337 2711 amplificare.
1365 2659 1445 2700 Cfr.
1468 2662 1581 2699 etiam
1605 2660 1798 2707 Zaccaria,

989 2725 1029 2761 in
1058 2725 1328 2776 Antifebrouio
1363 2725 1583 2772 vindicato,
1614 2732 1708 2776 part.
1735 2738 1773 2762 ιν
1789 2754 1800 2772 ,

990 2788 1076 2827 diss.
1098 2802 1135 2827 xx
1150 2819 1162 2837 ‚
1191 2804 1272 2841 cap.
1297 2788 1339 2839 4.

1048 2853 1100 2904 (l)
1130 2853 1211 2893 Cfr.
1231 2855 1405 2893 Ballerin.
1439 2857 1480 2892 in
1506 2868 1569 2906 op.
1597 2852 1643 2891 V
1639 2853 1800 2893 indicioe

978 2920 1231 2958 auctoritatis
1273 2919 1488 2972 pontifioioe
1536 2926 1669 2958 contra
1707 2931 1802 2970 opus

991 2982 1144 3026 Justin.
1165 2984 1355 3023 Febrom‘i
1368 3013 1379 3033 ‚
1406 2997 1490 3036 cap.
1514 2983 1538 3024 5
1553 3014 1564 3032 ,
1586 2983 1609 3037 ἓ
1632 2983 1670 3022 3.
