2028 3354
232 190 322 237 112

713 208 865 239 TRAG'r.
905 209 960 239 DE
995 211 1115 242 Locis
1152 213 1446 244 THEOLOGICIS.

294 324 402 370 191.
443 322 512 370 Ad
551 322 646 379 ΖΜ,
685 322 810 367 Dist.
861 323 977 369 Ante
1015 323 1185 371 horum
1216 326 1514 374 articulorum
1557 328 1902 393 definitionem,

227 408 408 452 trans.;
422 405 526 461 post
538 394 712 457 editam
736 395 795 442 ab
819 396 1014 443 Ecclesia
1043 398 1364 448 definitionem
1387 439 1399 462 .,
1432 420 1534 467 neq.
1558 405 1630 451 Sic
1645 422 1869 468 negamus
1888 443 1901 467 ,
1944 459 1954 467 .

228 476 273 521 S.
302 472 589 536 Stephanum
620 470 866 520 damnasse
891 472 1173 519 sententiam
1201 476 1248 520 S.
1271 477 1485 541 Cypriani
1509 500 1521 537 ς
1556 489 1742 527 tantum
1779 484 1906 529 enim

227 547 370 597 edidit
388 545 624 594 decretum
641 546 699 593 de
722 548 951 595 servanda
974 557 1159 612 recepta
1181 548 1230 595 in
1254 550 1445 599 Ecclesia
1468 555 1719 604 traditione
1735 593 1748 617 ⁷
1771 558 1833 604 ita
1856 567 1908 605 ut

226 625 275 670 in
299 623 430 688 praxi
448 622 564 669 nihil
588 622 780 670 deberet
801 624 1033 671 innovari.
1061 624 1158 669 Imo
1176 623 1296 671 addo
1312 661 1326 685 ,
1356 642 1506 692 neque
1534 648 1797 696 expressam
1822 632 1907 680 hac

225 701 285 747 de
305 716 355 747 re
383 699 539 746 datam
570 716 668 746 esse
692 698 1013 746 definitionem
1046 701 1097 752 in
1133 700 1235 764 ipso
1264 702 1465 749 Concilio
1495 703 1679 754 Nicaeno
1699 744 1712 767 .‚
1746 718 1797 754 ut
1826 725 1908 754 suo

225 776 323 837 locp
351 775 637 823 ostendimus
663 775 752 838 (1).

293 854 402 900 192.
441 853 512 900 Ad
544 852 636 911 3¹¹¹.
665 854 793 900 Disc.
839 853 1002 899 Errore
1036 852 1145 898 facti
1172 852 1432 901 invincibili
1466 854 1646 920 decepti
1666 893 1678 915 .,
1714 868 1761 904 et
1798 860 1911 923 quin

227 929 480 996 peculiares
502 937 648 976 coetus
675 927 847 974 faciant
880 928 1055 976 divisos
1089 927 1148 974 ab
1185 927 1378 975 Ecclesia
1423 931 1699 991 universali,
1740 950 1867 983 conc.
1888 956 1908 993 ,-

226 1023 379 1055 errore
404 1003 611 1053 vincibili
630 1013 677 1052 et
696 1021 778 1069 per
797 1013 946 1051 coetus
968 1002 1220 1068 peculiares
1249 1015 1544 1069 segregantes
1565 1025 1613 1055 se
1631 1008 1689 1055 ab
1719 1009 1913 1056 Ecclesia

229 1081 511 1140 universali,
549 1098 650 1144 neq.
693 1082 746 1127 Et
784 1079 950 1127 exinde
991 1080 1231 1144 responsio
1260 1089 1390 1144 patet
1429 1081 1488 1127 ad
1524 1083 1792 1145 exemplum
1830 1083 1915 1131 ad-

227 1158 420 1205 ductum
442 1174 498 1204 ex
520 1155 873 1203 occidentalium
894 1155 1207 1202 obluctatione
1232 1154 1281 1200 in
1303 1156 1594 1203 admittenda
1614 1158 1915 1207 damnatione

228 1235 370 1282 trium
394 1232 703 1298 capitulorum
723 1232 887 1278 emissa
910 1249 935 1277 a
960 1230 1165 1278 Concilio
1184 1233 1469 1279 oecumenico
1501 1234 1554 1279 V.
1589 1233 1746 1281 Plures
1772 1234 1915 1299 siqui-

228 1310 337 1358 dem
368 1309 426 1356 ab
453 1309 586 1355 initio
618 1325 770 1355 errore
797 1307 1055 1359 invincibili
1087 1307 1267 1371 decepti
1308 1309 1454 1355 varias
1488 1308 1547 1356 ob
1578 1326 1760 1370 causas,
1801 1327 1914 1375 quas

229 1387 303 1434 hic
320 1403 417 1433 non
439 1394 569 1434 vacat
587 1401 825 1432 recensere
841 1420 854 1443 ⁷
875 1382 1153 1431 recusabant
1178 1400 1276 1430 sese
1294 1383 1522 1445 subjicere
1548 1384 1614 1431 illi
1635 1385 1913 1445 definitioni⁷

230 1480 317 1510 nee
342 1472 501 1508 tamen
534 1470 809 1525 separarunt
831 1477 877 1506 se
897 1459 955 1506 ab
985 1458 1208 1516 Ecclesia3
1241 1467 1399 1522 postea
1420 1477 1552 1518 vero,
1582 1477 1686 1506 cuin
1709 1478 1782 1508 res
1809 1461 1917 1508 satis

231 1538 432 1603 eliquata
456 1545 603 1595 esset,
636 1536 896 1601 pervicaces
922 1535 970 1580 in
1012 1551 1150 1581 sensu
1176 1549 1258 1579 suo
1291 1534 1433 1582 veluti
1468 1523 1744 1581 schismatici
1767 1535 1918 1583 habiti

231 1623 366 1673 sunt,
404 1630 490 1660 nec
520 1613 608 1659 nisi
639 1621 743 1677 post
772 1611 948 1677 aliquot
979 1609 1239 1657 seculorum
1262 1618 1464 1657 tractum
1495 1610 1775 1658 reconciliati
1808 1621 1920 1659 sunt

233 1709 337 1739 cum
379 1689 574 1737 Ecclesia
613 1698 751 1752 atque
785 1688 834 1734 in
870 1686 1248 1733 communionem
1287 1687 1461 1751 recepti
1483 1722 1495 1745 7
1531 1690 1706 1749 ejurata
1747 1703 1919 1752 nempe

233 1768 359 1833 prius
390 1765 577 1832 propria
616 1764 874 1822 sententia7
909 1772 956 1809 et
983 1762 1184 1809 admisso
1213 1761 1336 1808 illius
1378 1762 1568 1809 Concilii
1603 1762 1790 1810 decreto
1826 1764 1915 1826 (2).

237 1843 365 1891 Idem
389 1841 578 1902 contigit
606 1841 721 1886 circa
751 1839 1009 1886 Concilium
1040 1838 1278 1886 Nicaenum
1300 1839 1368 1897 ΙΙ,
1390 1842 1517 1900 cujus
1539 1839 1738 1902 genuina
1761 1847 1921 1886 mente

235 1919 442 1975 detecta,
473 1916 531 1963 ab
561 1915 775 1962 omnibus
818 1913 1180 1961 occidentalibus
1223 1913 1465 1961 Germanis
1501 1922 1549 1961 et
1592 1913 1733 1961 Gallis
1778 1913 1922 1961 veluti

236 1993 570 2043 oecumenicum
601 1991 816 2038 habitum
850 2000 918 2037 est
953 1989 1042 2053 (3).
1077 1988 1240 2047 Quoad
1269 1990 1526 2036 Concilium
1562 1990 1886 2037 Florentinum
1906 2027 1918 2049 ,

238 2070 346 2117 lieet
364 2086 390 2116 a
419 2066 657 2115 nonnullis
698 2066 930 2130 gallicanis
959 2065 1017 2111 ad
1046 2074 1231 2131 tempus
1268 2065 1481 2112 eamdem
1506 2065 1566 2112 ob
1590 2083 1773 2113 eausam
1810 2065 1923 2112 sub-

293 2223 346 2273 (l)
378 2221 421 2260 ln
440 2228 541 2259 tract.
566 2217 619 2257 De
643 2231 808 2259 sacram.
827 2219 871 2255 in
883 2230 1019 2268 qenere
1034 2246 1045 2268 ,

237 2302 319 2340 cap.
338 2288 361 2327 3
372 2318 386 2336 ‚
407 2301 512 2339 prop.
526 2299 555 2335 1,
569 2298 677 2323 num.
705 2297 777 2337 ²¹9
793 2291 826 2322 et
840 2297 945 2335 seqq.

292 2353 345 2405 (2)
375 2353 453 2392 Cfr.
489 2353 534 2391 de
566 2351 637 2390 hoc
660 2357 875 2402 argumento
907 2348 1044 2386 Christ.

240 2418 364 2469 Lupus
395 2449 405 2465 ,
452 2419 595 2456 dissert.
651 2414 706 2453 De
736 2416 872 2466 quinta
904 2412 1047 2463 synodo

238 2481 409 2534 qenerali
427 2510 439 2530 ,
469 2491 560 2521 tom.
582 2494 635 2527 u,
664 2494 745 2531 pag.
778 2478 852 2518 165
884 2487 919 2517 et
939 2492 1043 2531 seqq.

241 2562 325 2600 opp.
350 2548 440 2585 edit.
464 2547 599 2587 Venet.
635 2544 763 2596 17243
792 2544 1010 2582 sirmondus
1033 2574 1043 2590 ‚

241 2616 281 2652 in
316 2612 573 2665 Propemptici
596 2610 663 2649 lib.
697 2624 749 2660 n,
774 2623 855 2661 cap.
886 2623 923 2662 7.
957 2623 1044 2661 opp.

241 2680 328 2719 edit.
354 2678 468 2716 Paris.
495 2675 616 2730 1696,
642 2686 732 2716 tom.
757 2690 813 2724 iv,
841 2674 914 2714 col.
938 2673 1044 2722 2163

242 2744 424 2796 praecipue
447 2756 531 2780 vero
563 2741 674 2786 Card,
702 2740 867 2780 Norisius
884 2770 894 2787 ‚
918 2742 1045 2793 quijn

242 2807 516 2848 Dissertatione
526 2807 707 2845 historica
724 2806 770 2844 de
781 2806 922 2857 synodo
936 2806 1045 2857 quin-

243 2881 304 2922 ta,
337 2887 419 2925 cap.
452 2886 503 2925 9,
531 2871 582 2925 §1
609 2881 646 2911 et
673 2874 774 2924 seqq.
797 2871 939 2909 erudite
967 2883 1044 2909 rem

245 2942 410 2978 universe
422 2946 562 2985 tractat,
576 2952 662 2990 opp.
674 2935 906 2976 edit.Veron.
926 2949 938 2973 1
948 2947 1041 2988 729,

246 3015 339 3046 tom.
362 3020 402 3055 1,
427 3005 499 3046 col.
525 3002 604 3057 675
628 3016 736 3057 seqq.
775 3003 840 3043 ubi
868 3002 1040 3051 ostendit,

1118 2217 1315 2270 Episcopos
1349 2217 1459 2255 Istriae
1481 2246 1491 2265 ,
1520 2230 1565 2255 ac
1587 2218 1627 2254 in
1658 2230 1787 2268 genere
1814 2222 1921 2254 aulo-

1117 2281 1288 2334 cephalos
1304 2289 1531 2333 nuncupatos
1543 2310 1556 2331 ,
1581 2295 1660 2320 vere
1674 2282 1923 2321 schismaticos

1119 2347 1254 2395 fuisse,
1276 2356 1384 2400 atque
1402 2347 1448 2386 ab
1461 2346 1625 2385 Ecclesia
1648 2349 1816 2386 universa
1827 2346 1922 2386 divi—

1091 2416 1094 2421 ’
1118 2426 1175 2450 sos
1201 2421 1372 2465 extraque
1395 2414 1491 2450 viam
1523 2413 1648 2450 salutis
1681 2414 1922 2458 constitutos,

1118 2493 1186 2519 nee
1233 2479 1407 2517 admissos
1439 2479 1485 2517 ad
1513 2480 1691 2518 unitatem
1724 2492 1824 2525 esse,
1851 2478 1920 2515 nisi

1117 2534 1299 2597 przemissa
1329 2543 1486 2583 formula
1523 2547 1572 2582 eis
1610 2558 1630 2582 a
1672 2542 1711 2583 S.
1749 2542 1920 2593 Gregorio

1125 2609 1179 2648 M.
1203 2610 1405 2661 proposita.
1427 2637 1429 2639 ·

1173 2675 1227 2725 (3)
1255 2675 1334 2713 Cfr.
1353 2674 1425 2726 Ch.
1447 2673 1572 2725 Lupus
1587 2674 1626 2710 in
1647 2672 1735 2709 diss.
1763 2669 1825 2708 De
1838 2684 1922 2723 sep-

1118 2742 1212 2779 tima
1239 2740 1382 2792 synodo
1401 2736 1581 2791 qenerali,
1596 2750 1677 2788 cap.
1710 2733 1755 2773 15
1770 2744 1805 2773 et
1819 2750 1921 2789 seqq.

1118 2822 1203 2860 opp.
1233 2807 1323 2846 edit.
1338 2792 1421 2845 cit.
1446 2814 1535 2842 tom.
1553 2815 1623 2851 1113
1644 2814 1713 2839 nec
1735 2815 1810 2839 non
1835 2801 1921 2841 Nat.

1118 2872 1302 2912 Alexand.
1330 2872 1417 2909 diss.
1450 2881 1491 2907 ιιι
1523 2870 1563 2905 in
1586 2880 1657 2906 sec.
1695 2879 1789 2915 vm,
1813 2874 1923 2919 atque

1119 2938 1207 2977 diss.
1237 2949 1276 2976 vt
1293 2965 1305 2986 ‚
1328 2934 1419 2974 ibid.
1436 2932 1494 2986 §7
1515 2946 1618 2985 seqq.
1637 2931 1805 2971 adversus
1831 2930 1921 2970 Dal·
1974 2950 1983 2968 ;
2003 2944 2008 2985 ss

1119 3002 1247 3041 laeum.
1782 3007 1785 3009 ’
1973 2999 1976 3003 ’
