2028 3354
220 202 310 250 106
701 221 857 250 ruer.
895 220 950 251 ne
987 222 1103 254 zocxs
1137 223 1432 256 ’κηποι-091015.

211 336 402 395 factm-i
422 331 625 380 sumus?
649 332 711 378 In
736 333 890 379 verbis
921 336 1093 382 nostris
1119 352 1224 382 eam
1252 340 1510 400 quaesituri
1526 375 1540 392 ,
1568 353 1634 383 an
1661 341 1713 384 in
1737 339 1891 384 verbis

213 412 384 472 capitis
407 410 489 455 sui
507 408 569 453 D.
593 406 663 454 Ν.
686 408 734 455 J.
765 408 813 454 C.
833 407 855 454 f?
876 408 1029 468 Puto5
1061 412 1190 471 quod
1215 415 1270 457 in
1294 415 1599 475 illiuspotius
1621 415 1773 460 verbis
1788 430 1895 460 eam

212 501 422 548 quaerere
434 483 767 546 dehemus,qui
777 488 951 530 veritas
965 493 1043 539 est,
1061 493 1105 530 et
1119 489 1290 547 optime
1307 492 1438 534 novit
1455 505 1632 552 corpus
1652 506 1796 535 suum
1809 488 1893 552 (l).

214 559 268 603 50
294 561 411 605 Sane
443 559 672 622 Scriptura
702 576 783 606 seu
813 558 1008 606 verbum
1039 562 1120 607 Dei
1150 561 1305 607 notius
1331 572 1398 609 est
1428 564 1623 611 Ecclesia
1643 601 1654 623 7
1686 581 1790 628 quae
1812 580 1898 630 per

213 635 495 699 Scripturam
528 633 768 701 probatur.
804 637 854 682 6ο
885 637 948 682 Ut
979 645 1141 682 notam
1175 645 1397 700 praeterea
1432 639 1641 687 Ecclesiae
1668 658 1760 687 suae
1784 657 1898 705 pro-

211 712 364 776 posuit
386 711 592 759 Christus
608 711 865 775 legitimum
884 714 1288 759 Sacramentorum
1312 731 1448 760 usum
1465 751 1477 774 ,
1501 718 1758 780 praesertim
1782 719 1901 781 Bap-

212 786 368 845 tismi,
411 804 617 834 asserens
652 805 662 834 :
701 788 800 851 Qui
836 790 1094 835 crediderit
1128 797 1169 834 et
1205 790 1478 852 baptizatus
1507 794 1662 854 fuerit
1684 829 1696 847 ,
1742 794 1901 839 salvus

209 868 305 910 erit
327 863 426 927 (2);
468 863 626 927 negari
656 873 813 910 autem
838 882 934 910 non
962 873 1141 929 potest,
1172 864 1230 911 ad
1252 882 1412 912 veram
1447 866 1618 913 Christi
1654 867 1900 914 Ecclesiam

209 940 447 1005 pertinere
467 974 480 998 ,
522 939 601 1004 qui
644 939 901 987 salvantur.
947 942 1052 988 Non
1100 949 1170 988 est
1198 940 1366 1005 igitur,
1407 958 1488 988 cur
1523 942 1633 990 alias
1672 951 1805 989 notas
1843 941 1901 989 ab

209 1015 478 1063 hominibus
503 1015 780 1078 excogitatas
800 1032 1077 1081 quaeramus.

279 1092 387 1140 183.
422 1094 557 1157 Resp.
584 1091 652 1139 Ad
687 1094 750 1139 11¹²
769 1127 784 1153 ‚
812 1092 930 1156 Ney.
962 1093 1059 1138 Hoc
1083 1092 1184 1157 ipso
1203 1093 1330 1139 enim
1361 1091 1486 1158 quod
1516 1093 1726 1140 Christus
1754 1093 1905 1140 Eccle-

211 1170 326 1216 siam
346 1186 477 1216 suam
499 1168 627 1218 velut
653 1168 805 1228 ovile,
839 1168 1031 1214 domum
1064 1185 1116 1215 ac
1149 1185 1345 1231 regnum
1364 1205 1377 1228 ‚
1402 1169 1496 1214 imo
1525 1177 1578 1214 ut
1601 1185 1796 1232 regnum
1816 1185 1907 1216 coe‘

211 1246 366 1294 lorum
400 1245 643 1305 exhibeat,
685 1245 897 1311 illudque
935 1245 1211 1292 duraturum
1243 1263 1389 1310 usque
1423 1245 1479 1292 ad
1514 1244 1662 1293 saeculi
1694 1262 1908 1292 consum-

213 1324 471 1371 mationem
487 1359 499 1382 ,
528 1322 716 1370 exhibet
738 1322 983 1369 Ecclesiam
1002 1340 1133 1368 suam
1162 1339 1334 1383 unam,
1366 1330 1600 1379 sanctam,
1631 1320 1906 1369 catholicam

212 1409 259 1447 et
290 1400 616 1465 apostolicam7
651 1417 707 1446 ex
738 1399 905 1463 quibus
934 1398 1256 1452 essentialibus
1281 1399 1671 1464 proprietatibus7
1703 1408 1756 1444 ut
1781 1398 1908 1445 vidi-

213 1493 316 1522 mus
334 1511 347 1535 ,
376 1485 500 1523 notae
519 1475 715 1522 totidem
736 1475 1003 1539 germinant
1026 1475 1273 1521 exteriores
1286 1509 1304 1531 ,
1329 1474 1496 1538 quibus
1516 1483 1567 1520 ut
1585 1474 1687 1521 talis
1713 1474 1907 1520 Ecclesia

213 1569 293 1599 sua
317 1550 376 1598 ab
402 1551 618 1599 omnibus
638 1550 1034 1617 deprehendatur.
1054 1551 1217 1597 Cetera
1236 1586 1247 1608 .,
1269 1565 1370 1615 quae
1394 1550 1452 1597 de
1473 1550 1666 1597 Ecclesia
1688 1567 1767 1595 sua
1786 1549 1909 1596 Chri-

212 1638 309 1675 stus
326 1629 613 1688 enunciavit,
639 1628 780 1674 autin
797 1628 851 1674 iis
875 1628 1175 1674 continentur
1195 1635 1274 1672 aut
1295 1643 1369 1673 eas
1384 1635 1668 1691 supponunt.
1699 1625 1906 1671 Vidimus

212 1705 421 1769 insuper,
451 1721 548 1751 non
572 1703 777 1751 abnuere
806 1703 1052 1769 plerosque
1075 1704 1409 1761 Protestantes7
1441 1719 1554 1766 quas
1592 1701 1906 1749 recensuimus

212 1790 374 1840 notas,
409 1797 530 1828 verae
555 1780 720 1827 saltem
746 1779 950 1826 Ecclesiae
973 1795 1071 1825 esse
1099 1778 1424 1843 proprietates.

286 1857 392 1906 184.
428 1858 498 1905 Ad
527 1859 623 1914 2¹²ssq
658 1861 709 1904 ln
738 1873 875 1903 sensu
909 1855 1309 1913 adversariorum,
1353 1873 1456 1919 neq.
1499 1854 1712 1919 Alioquin
1769 1852 1899 1899 nulla

213 1942 334 1980 esset
353 1935 472 1980 ratio
491 1932 783 1980 discernendi
802 1949 961 1981 veram
986 1930 1234 1978 Ecclesiam
1256 1949 1280 1977 a
1301 1932 1479 1977 Satanae
1499 1931 1764 1995 synagogisg
1790 1928 1900 1976 nul-

213 2009 311 2057 lum
335 2009 565 2075 siquidem
589 2018 660 2074 est
672 2008 1067 2066 conventiculum,
1094 2006 1222 2072 quod
1243 2006 1330 2052 sibi
1356 2024 1452 2053 non
1473 2015 1656 2069 arroget
1676 2007 1904 2053 sinceram

213 2085 344 2132 verbi
375 2086 459 2133 Dei
490 2084 885 2151 praedicationem.
932 2084 975 2130 Si
1016 2083 1143 2129 enim
1183 2082 1371 2129 cuilibet
1407 2083 1615 2128 societati
1648 2083 1792 2128 fixum
1829 2097 1906 2126 ra-

214 2170 409 2228 tumque
428 2180 523 2209 non
544 2162 692 2221 foret,
723 2177 772 2207 se
793 2162 1019 2207 sinceram
1047 2159 1176 2207 verbi
1204 2160 1287 2206 Dei
1307 2159 1681 2224 praedicationem
1703 2156 1876 2204 habere
1890 2191 1903 2214 ,

215 2256 311 2287 non
331 2239 633 2286 constitueret
656 2245 830 2285 coetum
851 2235 1179 2301 particularem
1210 2235 1269 2281 ab
1299 2234 1388 2281 alio
1417 2235 1580 2299 quovis
1599 2232 1800 2279 divisum
1820 2232 1905 2298 (3).

266 2413 320 2463 (1)
352 2412 437 2452 Lib.
466 2415 529 2452 De
546 2416 650 2450 anit.
675 2410 823 2451 Eccles.
841 2425 920 2463 cap.
943 2426 976 2450 2.
1086 2411 1289 2450 oramentis
1313 2410 1456 2449 existit.
1482 2409 1526 2447 Et
1553 2411 1593 2447 in
1632 2406 1786 2446 Catech.
1811 2409 1906 2459 maj.

269 2478 320 2529 (2)
350 2477 466 2517 Marc.
487 2480 556 2518 ult.
1088 2475 1198 2530 §503
1218 2489 1228 2513 ε
1260 2475 1502 2528 Quicumque
1520 2479 1625 2513 extra
1638 2463 1906 2512 christianita-

266 2542 319 2594 (3)
349 2542 468 2593 Quare
492 2545 536 2581 in
558 2541 729 2592 Confess.
749 2541 920 2592 Auqust.
950 2550 1016 2580 art.
1088 2550 1159 2581 tem
1182 2547 1275 2578 eunt
1291 2571 1302 2587 ‚
1326 2541 1405 2579 sive
1423 2540 1603 2593 gentilem,
1632 2541 1712 2577 eive
1731 2538 1873 2576 mmm
1895 2565 1907 2582 ‚

212 2624 239 2648 ιι
258 2640 268 2657 ,
295 2617 331 2648 et
351 2611 391 2647 iu
412 2610 557 2661 apolog.
607 2622 643 2646 xv
657 2637 667 2655 ‚
707 2606 782 2647 156
797 2639 811 2656 ,
844 2607 976 2647 dicitur
1007 2622 1019 2647 ε
1090 2609 1170 2645 sive
1179 2606 1405 2653 Judoei‚aut
1415 2604 1512 2658 salsi
1522 2602 1865 2656 etiamGliristiani
1876 2608 1911 2639 et

216 2675 482 2714 Certiesimum
512 2680 590 2720 eet,
616 2673 717 2727 quod
731 2674 937 2726 promissio
961 2688 1024 2712 ea·
1094 2674 1298 2725 hypocrita»
1311 2702 1323 2722 ,
1351 2686 1572 2725 quanquam
1609 2682 1734 2708 unum
1754 2673 1911 2706 lantum

213 2738 306 2778 lutis
318 2742 491 2792 pertinet
511 2740 626 2777 etiam
646 2738 698 2776 ad
718 2737 916 2791 parvulos,
944 2739 1024 2778 Ne·
1096 2746 1132 2777 et
1152 2752 1281 2777 verum
1305 2737 1437 2777 Deam
1456 2750 1533 2775 esse
1560 2734 1716 2774 credant
1739 2738 1775 2769 et
1796 2734 1912 2770 invo-

213 2820 284 2857 qae
304 2818 391 2843 vero
419 2806 590 2857 pertinet
616 2805 667 2842 ad
696 2803 777 2842 illos·
795 2835 805 2852 ,
835 2804 904 2855 qui
936 2812 1028 2843 sunt
1096 2810 1207 2851 cent,
1253 2818 1372 2855 neque
1402 2810 1528 2841 tamen
1565 2804 1709 2837 certam
1751 2797 1914 2842 habent,

215 2877 322 2910 extra
346 2868 559 2910 Ecclesiam
584 2868 734 2908 Christi
748 2899 759 2917 ‚
776 2869 845 2907 ubi
867 2882 935 2921 nec
947 2883 1029 2908 ver-
1100 2884 1176 2921 quo
1205 2883 1295 2921 erqa
1331 2882 1391 2907 eon
1426 2868 1623 2905 animaene
1661 2866 1713 2902 eit
1752 2866 1883 2902 animo
1902 2892 1913 2909 ‚

214 2937 304 2974 bum
332 2949 401 2974 nec
425 2934 678 2974 Sacramenta
703 2940 795 2972 eunt
810 2964 820 2981 ‚
846 2936 938 2986 quia
972 2948 1031 2973 re·
1101 2949 1220 2987 neque
1236 2934 1443 2987 quidquam
1463 2931 1611 2983 favoris
1631 2938 1698 2969 aut
1708 2933 1845 2982 qratiae
1867 2928 1912 2965 de

214 3017 336 3053 ynam
350 3002 499 3041 Christi
520 3009 668 3041 tantum
685 3016 773 3041 cum
787 3002 896 3040 verbo
911 3009 947 3039 et
956 2999 1030 3042 Sa·
1105 3000 1190 3038 Deo
1212 3000 1288 3038 eibi
1299 2997 1473 3052 polliceri
1492 2996 1636 3034 audent
1646 3001 1716 3035 aut
1724 2999 1917 3048 poseant,-
