2028 3354
1701 181 1800 228 ‘299

351 201 478 232 PART.
519 202 551 230 1.
588 200 708 231 SECT.
749 199 800 228 11.
837 199 936 229 CAP.
977 201 1010 228 1.
1050 200 1105 227 DE
1142 196 1269 228 PETRI
1304 197 1517 227 PRIMATU.

90 320 231 365 totius
252 316 461 365 Ecclesiae
483 332 587 362 cum
614 314 860 380 potestatis
890 313 1189 379 plenitudine
1222 312 1554 378 quodcumque
1583 311 1801 361 solvendi

90 413 142 442 ac
164 394 340 458 ligandi
357 430 369 453 7
392 411 470 441 seu
488 390 802 439 constituendi
824 391 977 454 leges7
1001 390 1210 437 subditos
1235 389 1473 453 obligandi
1493 389 1552 437 ad
1571 389 1693 455 ipsas
1712 389 1801 438 ob-

91 471 373 529 servandas7
425 468 656 533 puniendi
698 478 1090 532 transgressores7
1126 466 1449 532 efficiendique
1486 466 1715 533 quidquid
1740 468 1802 515 ad

91 548 301 594 Ecclesiae
332 546 473 611 ipsius
508 544 688 593 bonum
727 552 773 591 et
811 544 1061 592 utilitatem
1100 560 1186 607 pro
1217 542 1459 601 locorum7
1496 553 1802 609 temporum,

91 641 398 690 personarum
417 640 468 670 ac
491 640 650 669 rerum
671 621 900 685 adjunctis
920 621 1019 685 ipse
1044 619 1255 666 conferre
1270 619 1555 681 judicaverit
1578 621 1667 685 (l).

156 700 269 747 449.
309 701 404 747 Nec
433 700 588 747 minus
619 698 881 746 luculenter
913 705 1075 761 patere
1109 695 1352 760 promissae
1381 697 1626 760 potestatis
1656 696 1801 745 colla-

88 776 268 823 tionem
300 776 426 840 apud
445 777 706 833 Joannem7
739 772 840 820 loco
867 772 946 819 cit.
968 809 980 832 7
1006 770 1150 818 verba
1178 772 1278 837 ipsa
1308 771 1609 835 significant7
1633 773 1803 838 quibus

91 852 302 899 Christus
334 870 430 899 non
458 869 602 898 unam
636 858 717 896 aut
744 848 940 896 alteram
976 848 1136 913 gregis
1155 849 1225 895 sui
1258 857 1472 914 partem7
1504 849 1588 897 sed
1617 867 1802 914 gregem

90 947 230 975 suum
249 929 390 994 plane
421 930 689 977 universum
716 925 868 975 eidem
897 925 1185 991 pascendum
1212 927 1444 973 commisit
1461 963 1473 985 7
1504 944 1585 974 seu
1609 928 1807 975 univer-

91 1023 191 1052 sam
222 1006 468 1053 Ecclesiam
488 1042 500 1063 7
536 1021 639 1070 quae
667 1021 721 1051 ex
755 1021 983 1067 agnorum
1009 1012 1057 1050 et
1090 1002 1251 1051 ovium
1276 1002 1548 1051 collectione
1567 1003 1798 1052 coalescit.

91 1083 162 1129 Ne
190 1082 291 1145 quis
323 1099 434 1128 vero
473 1079 807 1140 arbitraretur7
846 1079 1051 1127 officium
1076 1079 1310 1127 duntaxat
1336 1080 1643 1128 ministeriale
1678 1098 1802 1147 prae-

89 1156 234 1204 bendi
265 1157 420 1204 cibum
454 1158 583 1220 agnis
613 1166 659 1204 et
682 1156 847 1205 ovibus
876 1156 1113 1203 Christum
1147 1158 1286 1204 Petro
1313 1156 1524 1205 conferre
1557 1157 1762 1205 voluisse
1786 1194 1799 1218 7

92 1243 267 1299 praeter
290 1251 449 1283 vocem
475 1235 621 1293 βάσκε,
659 1251 762 1299 quae
790 1233 980 1299 proprie
1003 1233 1230 1296 significat
1245 1251 1391 1297 pasce
1402 1251 1491 1289 ,seu
1513 1235 1640 1291 ciba,
1660 1233 1800 1282 aliam

91 1327 252 1358 vocem
265 1310 463 1370 addidit7
482 1312 617 1370 v.167
633 1310 791 1358 dicens
808 1328 817 1356 τ
832 1312 1015 1372 Ποίμαινε
1032 1315 1082 1357 τὰ
1094 1312 1277 1375 πρόβατά
1286 1331 1372 1372 μου,
1386 1311 1512 1378 quod
1527 1320 1599 1359 est
1607 1328 1807 1375 pascere

91 1403 202 1434 cum
231 1390 436 1451 impe-rio
458 1405 651 1453 pascere
668 1388 976 1450 proesiolemlo
994 1423 1007 1446 7
1035 1396 1177 1452 prout
1204 1389 1346 1434 etiam
1376 1405 1432 1435 ex
1463 1406 1548 1435 usu
1577 1387 1804 1454 loquendi

93 1464 438 1530 Scripturarum
468 1480 520 1510 ac
551 1463 663 1510 locis
686 1463 918 1528 parallelis
940 1472 1101 1528 aperte
1129 1464 1371 1511 conficitur
1400 1464 1488 1529 (2)

148 1618 200 1668 (l)
231 1616 373 1656 Juverit
397 1623 443 1655 ad
469 1618 767 1657 confirmandum
804 1617 906 1670 quod

90 1684 254 1722 diximus
278 1685 324 1723 de
351 1698 522 1735 suprema
547 1693 722 1736 potestate
758 1684 863 1723 Petro
887 1699 907 1722 a

89 1749 235 1789 Christo
277 1750 458 1802 promissa
473 1780 484 1798 7
517 1752 586 1789 sub
607 1754 754 1802 gemina
776 1751 906 1790 Petroe

89 1824 126 1854 et
164 1814 337 1862 clavium
366 1816 607 1869 metaphora,
638 1819 906 1869 expositionem

88 1883 130 1920 in
166 1882 332 1920 medium
364 1882 495 1921 afferre
540 1882 704 1922 hominis
740 1884 905 1935 profecto

89 1949 245 1987 minime
262 1950 419 2000 suspecti
435 1979 445 1995 7
466 1950 796 2001 judaeo-increduli
821 1949 905 1988 Sal·

89 2015 205 2053 vador
223 2044 233 2062 7
256 2017 319 2067 qui
340 2016 378 2052 in
399 2029 461 2066 op.
487 2017 551 2054 cit.
575 2014 844 2055 Jews-Christ
871 2022 909 2054 et

90 2094 133 2118 sa
168 2080 338 2118 doctrine
358 2109 368 2127 7
395 2089 485 2119 tom.
514 2095 527 2118 1
544 2111 555 2128 7
593 2081 656 2120 lib.
682 2096 736 2130 ιι,
769 2083 831 2121 ch.
857 2095 871 2120 1
896 2111 907 2128 7

91 2159 175 2196 pag,
200 2146 278 2185 325
290 2175 304 2196 ‚
333 2144 413 2185 haec
433 2149 471 2184 in
488 2161 565 2185 rem
581 2155 744 2186 nostram
760 2148 874 2186 habet
895 2161 906 2186 :

93 2210 269 2249 D’abord
283 2241 294 2262 7
315 2225 368 2250 au
384 2214 483 2264 sujet
499 2213 551 2251 du
577 2227 667 2251 nom
682 2221 717 2252 et
741 2213 805 2251 des
818 2213 909 2267 clefs

93 2275 140 2313 de
168 2273 326 2326 Pierre7
363 2279 388 2316 ὰ
416 2280 485 2330 qui
513 2279 565 2317 les
590 2283 684 2318 trois
717 2280 822 2318 listes
845 2280 910 2318 des

92 2339 247 2393 apdtres
268 2349 483 2396 rapportees
504 2359 580 2397 par
612 2344 663 2383 les
683 2344 907 2398 EvanqileS,

95 2405 298 2445 aecor-dent
320 2411 490 2462 ioujours
514 2410 546 2449 le
567 2414 740 2465 premier
758 2402 907 2465 ranq...

96 2472 375 2512 L'attribution
411 2478 482 2527 qui
520 2476 580 2515 lui
605 2478 670 2529 fiat
706 2479 804 2530 faite
832 2493 911 2532 par

98 2537 214 2576 Jesus
245 2539 299 2578 du
327 2547 404 2578 mot
435 2544 616 2594 syriaque
649 2544 791 2595 kephas
810 2575 820 2591 7
855 2546 911 2583 si-

95 2604 262 2657 ynifiant
270 2607 400 2658 pierre
415 2635 427 2655 ,
451 2609 654 2659 repondait
672 2610 696 2647 ὰ
722 2623 798 2649 ane
814 2611 910 2649 dou-

97 2670 153 2709 ble
191 2672 407 2725 metaphore
429 2689 443 2712 .·
471 2674 496 2711 ὰ
527 2674 564 2713 la
584 2675 739 2727 fermete
768 2677 814 2715 de
843 2691 913 2715 son

100 2737 186 2775 dme
203 2767 213 2785 7
234 2736 306 2790 'que
336 2738 370 2777 le
396 2739 555 2792 Ianqaqe
579 2743 756 2794 poetique
780 2744 825 2781 de
844 2755 912 2780 nos

88 2803 205 2853 jours
228 2805 359 2843 aurait
379 2810 575 2859 comparee
588 2838 598 2853 7
624 2806 723 2846 dans
741 2807 773 2847 le
794 2810 914 2847 meme

100 2870 219 2920 esprit
237 2900 246 2917 7
279 2871 304 2909 ὰ
323 2884 377 2909 un
406 2871 558 2918 weber,
595 2880 631 2911 et
662 2874 687 2911 ὰ
716 2881 807 2913 cette
839 2875 915 2915 cir-

101 2940 303 2974 constance
313 2966 324 2985 7
339 2938 450 2988 qu'en
463 2951 502 2976 se
515 2942 742 2991 presentant
754 2953 807 2978 au
819 2942 914 2979 maf-

101 3004 155 3036 tre
181 2998 225 3036 de
247 3000 445 3041 Nazareth
464 3017 607 3043 comme
639 3018 709 3043 son
743 3007 914 3057 premier

976 1617 1204 1668 defensam,
1226 1619 1322 1671 puis
1348 1632 1397 1657 en
1422 1619 1637 1671 confessam
1667 1620 1700 1658 le
1713 1633 1806 1673 pre-

976 1684 1073 1722 mier
1108 1697 1151 1722 sa
1186 1684 1333 1736 qualite
1369 1685 1414 1723 de
1446 1684 1607 1732 Christ,
1647 1685 1679 1725 il
1700 1688 1808 1726 avait

975 1751 1109 1788 merite
1131 1749 1177 1787 de
1204 1764 1344 1802 passer
1371 1763 1477 1803 pour
1502 1751 1539 1790 la
1565 1753 1697 1804 pierre
1718 1752 1805 1804 fim-

975 1815 1190 1853 damentele
1210 1816 1255 1854 de
1280 1814 1439 1868 l’edifice
1472 1816 1517 1855 de
1538 1816 1568 1854 J
1569 1821 1654 1856 esus
1673 1824 1708 1856 et
1731 1818 1808 1857 d’e-

976 1888 1032 1919 tre
1062 1881 1201 1933 charye
1217 1881 1282 1920 des
1306 1881 1398 1934 cless
1412 1881 1678 1935 symbolique&
1692 1883 1807 1924 Dans

976 1947 1009 1987 le
1034 1948 1175 1987 nouvel
1202 1949 1312 1987 ordre
1337 1949 1482 1988 d'idees
1502 1982 1513 1998 7
1542 1950 1579 1989 la
1602 1953 1805 2003 siynifioa-

977 2019 1060 2055 tion
1074 2020 1220 2070 ajoutee
1236 2019 1261 2057 ὰ
1272 2031 1331 2057 ees
1353 2018 1444 2070 clefis
1453 2020 1681 2071 compos-tait
1692 2031 1797 2056 non-

976 2082 1183 2122 seulement
1206 2083 1239 2122 le
1277 2083 1379 2122 droit
1413 2083 1670 2137 d'approuoer
1694 2091 1730 2122 et
1762 2084 1807 2122 de

978 2149 1256 2201 desapprouver
1281 2164 1322 2188 ce
1350 2149 1450 2202 qu’il
1482 2148 1614 2202 fallait
1628 2150 1735 2201 faire
1757 2163 1808 2188 ou

977 2228 1026 2252 ne
1041 2228 1116 2267 pas
1139 2215 1268 2267 [αἰνᾶς
1296 2218 1399 2254 mais
1431 2215 1465 2253 le
1501 2216 1603 2254 droit
1632 2216 1805 2254 d’ouorir

977 2294 1027 2318 ou
1055 2280 1102 2319 de
1123 2281 1267 2333 fermer
1287 2282 1341 2319 du
1366 2283 1487 2321 meme
1504 2295 1600 2333 conp
1624 2294 1806 2334 antepro-

978 2346 1109 2400 selytes
1147 2356 1182 2386 et
1213 2362 1293 2387 aux
1325 2348 1506 2401 disciples
1525 2379 1536 2397 7
1567 2348 1670 2387 selon
1693 2347 1805 2387 I'esci-

979 2427 1095 2464 qence
1121 2414 1185 2453 des
1207 2428 1271 2453 cas
1286 2445 1295 2461 7
1324 2414 1377 2453 les
1397 2422 1526 2467 portes
1558 2413 1735 2453 actuelles
1761 2414 1807 2454 de

979 2477 1233 2519 l'association
1254 2487 1290 2519 et
1311 2479 1344 2518 Ie
1362 2494 1527 2534 passaqe
1542 2494 1622 2518 aum
1640 2480 1808 2533 selicz'tes

981 2544 1027 2582 de
1048 2544 1085 2584 la
1101 2547 1358 2586 resurrection
1384 2546 1610 2600 prochaine.
1635 2548 1740 2586 Loin
1763 2548 1810 2587 de

980 2610 1155 2651 chercher
1178 2612 1263 2651 leur
1292 2613 1446 2665 oriqine
1474 2614 1572 2651 dans
1593 2613 1645 2652 les
1682 2619 1810 2654 coutu-

981 2690 1060 2715 mes
1074 2677 1139 2716 des
1151 2680 1349 2717 Romaim
1364 2710 1373 2727 7
1401 2693 1450 2718 ou
1469 2678 1561 2718 cltez
1576 2686 1676 2718 tonte
1698 2687 1807 2718 autre

981 2746 1116 2781 nat'ion
1131 2773 1145 2794 7
1175 2758 1223 2783 on
1252 2745 1334 2783 doit
1358 2744 1395 2783 la
1415 2745 1657 2783 demandaret
1684 2744 1722 2784 la
1732 2758 1809 2797 pa-

982 2809 1055 2847 trie
1066 2809 1129 2848 des
1135 2809 1363 2862 fhndateurs
1373 2811 1417 2849 de
1428 2810 1610 2849 l'institut
1621 2810 1790 2849 chrecien
1799 2838 1808 2846 .

982 2874 1125 2914 Deinde
1145 2877 1255 2916 refert
1277 2885 1418 2915 textum
1446 2879 1509 2916 cit.
1528 2876 1643 2915 Isaiae.

1004 2961 1007 2964 ·
1042 2941 1100 2993 (2)
1131 2939 1226 2981 Sane
1251 2943 1344 2981 Psal.
1385 2956 1439 2991 ιι,
1475 2955 1526 2995 9,
1565 2941 1631 2980 ubi
1661 2939 1811 2990 vulgata

983 3006 1095 3046 habet
1118 3023 1131 3047 .·
1153 3002 1273 3061 Reges
1296 3022 1378 3059 eos,
1408 3020 1523 3060 graeca
1550 3008 1668 3046 versio
1695 3004 1810 3044 habet
