2028 3354
252 217 346 265 364
729 237 889 267 mmor.
929 239 982 267 mi
1017 239 1137 269 zoms
1172 241 1472 274 ΤΗΕοιοαιοιε.

256 359 304 398 et
329 366 472 414 usque
496 349 545 395 in
573 348 712 396 seculi
744 351 887 410 finem
918 352 967 398 in
1002 353 1114 417 ipsis
1144 371 1460 418 perseveraret,
1490 359 1694 407 secundo
1721 360 1804 407 hos
1837 378 1940 409 suc·

256 442 456 472 cessores
489 426 538 471 in
573 426 697 472 Petri
728 428 933 491 primatu
974 428 1083 475 alios
1115 447 1211 476 non
1246 448 1342 480 esse
1371 434 1459 481 nisi
1492 437 1623 482 Rom.
1669 436 1938 496 PontificeS.,

260 502 342 564 qui
372 509 477 564 post
505 500 626 547 illius
659 512 857 550 mortem
882 507 977 565 ejus
1010 505 1278 553 cathedram
1308 525 1386 555 seu
1421 528 1667 558 romanum
1704 513 1943 576 pontifica·

258 584 360 622 tum
383 576 687 624 obtinuerunt
708 615 720 637 7
747 588 885 643 atque
914 580 961 626 id
982 580 1170 645 quidem
1187 585 1291 643 jure
1310 583 1482 632 divino.
1505 587 1659 648 Quum
1690 605 1799 635 vero
1822 592 1944 649 ejus-

257 652 385 698 modi
416 653 636 700 successio
662 671 718 700 ex
745 656 869 701 Petri
899 656 949 702 in
976 657 1139 703 urbem
1164 657 1370 705 adventu
1407 664 1594 725 ejusque
1621 664 1668 709 in
1690 681 1741 709 ea
1773 664 1944 727 episco-

259 737 400 793 patu,
427 747 566 794 quem
606 731 795 792 gesserit
838 749 982 796 usque
1021 732 1079 778 ad
1119 743 1340 790 mortem,
1369 743 1464 781 tota
1499 737 1728 800 pendeat,
1754 738 1859 785 ideo
1885 738 1944 785 ab

261 804 350 850 hoc
379 806 500 852 facto
523 806 667 853 veluti
686 806 783 852 basi
809 825 860 853 ac
892 808 1197 855 fundamento
1224 810 1591 859 constabiliendo
1611 814 1945 878 auspicandum

259 880 393 929 nobis
426 890 521 944 est,
554 892 605 929 ut
634 882 762 929 illam
787 884 1120 931 successionem
1145 885 1452 934 adstruamus.
1481 889 1549 934 Sit
1575 889 1762 936 interim

905 1038 1227 1082 PROPOSITIO
1260 1040 1295 1083 Ι.

318 1163 575 1210 Primatus
597 1199 609 1221 7
643 1163 785 1209 Petro
824 1165 1050 1222 collatus,
1096 1182 1152 1210 ex
1189 1166 1371 1211 Christi
1408 1169 1708 1214 institutione
1736 1169 1899 1215 debuit

361 1241 414 1285 in
437 1240 655 1287 Ecclesia
677 1249 789 1303 post
807 1242 942 1287 illius
967 1242 1149 1288 obitum
1175 1245 1230 1288 εἴη
1243 1252 1536 1306 perpetuum
1548 1245 1837 1307 perdurare.

332 1401 443 1449 533.
483 1402 715 1449 Primatus
750 1420 774 1449 a
812 1402 997 1450 Christo
1029 1405 1272 1450 institutus
1304 1413 1374 1452 est
1401 1405 1460 1452 ad
1495 1405 1702 1453 Ecclesiae
1732 1422 1819 1453 suae
1847 1407 1956 1452 uni—

266 1488 410 1526 tatem
443 1480 817 1527 constituendam
851 1491 897 1528 et
920 1482 1316 1539 conservandam3
1353 1482 1558 1546 adeoque
1585 1493 1767 1547 partem
1794 1501 1953 1530 essen-

265 1555 423 1603 tialem
444 1556 651 1619 ejusdem
675 1556 881 1604 Ecclesiae
907 1575 961 1605 ex
980 1559 1148 1605 Christi
1173 1558 1464 1605 institutione
1487 1559 1739 1605 constituit.
1762 1559 1956 1605 Tamdiu

268 1649 375 1695 ergo
400 1634 629 1698 primatus
658 1633 910 1698 perdurare
935 1633 1104 1694 debet7
1128 1633 1351 1698 quamdiu
1368 1634 1592 1699 perdurat
1614 1635 1808 1682 Ecclesia
1830 1636 1927 1699 ipsa
1945 1671 1958 1694 7

268 1708 328 1754 ad
360 1713 488 1771 cujus
516 1710 763 1756 essentiam
798 1719 975 1774 spectat
1000 1746 1013 1769 ·„
1055 1727 1226 1775 nempe
1253 1727 1397 1775 usque
1418 1710 1476 1756 ad
1511 1711 1960 1758 consummationem

267 1784 422 1831 seculi.

334 1859 444 1907 534.
481 1860 527 1906 Si
554 1878 646 1925 qua
670 1869 739 1907 est
768 1860 1011 1908 difficultas
1035 1863 1084 1907 in
1110 1861 1346 1926 proposito
1366 1872 1641 1926 argumento
1659 1899 1671 1921 ,
1703 1864 1817 1909 circa
1842 1862 1960 1910 veri·

268 1945 415 1983 tatem
438 1936 753 1984 antecedentis
775 1946 999 1984 versatur.
1029 1939 1134 1984 Jam
1167 1954 1276 1983 vero
1298 1938 1440 1985 talem
1464 1939 1601 1985 fuisse
1630 1938 1797 1985 Christi
1824 1956 1959 1985 men-

269 2020 366 2058 tem
403 2014 453 2059 in
479 2013 771 2059 institutione
795 2014 1021 2077 primatus
1050 2014 1099 2059 in
1122 2012 1314 2060 Ecclesia
1339 2032 1444 2073 sua,
1484 2032 1539 2061 cx
1571 2014 1703 2061 dictis
1739 2015 1787 2060 in
1810 2015 1959 2078 capite

268 2090 505 2154 superiore
543 2089 673 2136 facile
712 2088 953 2153 colligitur.
1002 2089 1184 2135 Etenim
1232 2089 1443 2136 Christus
1477 2090 1677 2136 instituit
1712 2089 1957 2135 Ecclesiam

271 2182 404 2212 suam
426 2165 633 2212 adinstar
680 2165 812 2212 ovilis
828 2202 839 2224 ,
865 2166 937 2211 cui
962 2164 1169 2229 praefecit
1194 2183 1338 2213 unum
1365 2175 1598 2228 pastorem
1621 2201 1635 2223 .‚
1663 2174 1714 2210 ut
1737 2165 1799 2211 ita
1821 2182 1962 2211 exur—

271 2250 398 2304 geret
425 2259 575 2288 unum
603 2241 724 2288 ovile
756 2249 803 2287 et
830 2259 949 2287 unus
981 2251 1164 2306 pastorq
1195 2241 1394 2287 instituit
1421 2240 1625 2287 adinstar
1648 2242 1777 2303 regni
1799 2276 1812 2302 ‚
1848 2249 1895 2287 et
1921 2241 1962 2288 ei

271 2335 418 2363 unum
437 2318 641 2382 praefecit
667 2317 955 2382 principem,
989 2318 1062 2364 cui
1082 2316 1232 2364 claves
1253 2333 1331 2363 seu
1354 2318 1532 2380 insigne
1557 2334 1786 2381 supremae
1804 2325 1962 2381 potes-

271 2393 380 2438 tatis
401 2392 625 2452 contulit,
661 2410 720 2439 ne
748 2410 944 2455 regnum
964 2402 1082 2439 esset
1101 2392 1302 2440 divisum
1333 2410 1384 2440 ac
1412 2392 1726 2451 desolaretur3
1759 2391 1963 2439 instituit

273 2467 480 2515 adinstar
508 2469 690 2516 aedificii
705 2505 718 2527 a
750 2470 821 2515 cui
841 2486 988 2515 unum
1007 2469 1278 2535 primarium
1300 2468 1659 2515 fundamentum
1680 2486 1758 2516 seu
1781 2477 1962 2533 petram

273 2543 673 2592 fundamentalem
691 2546 932 2609 supposuit
949 2545 1008 2591 ad
1028 2545 1142 2592 illud
1156 2544 1410 2609 regendum
1429 2581 1442 2605 ,
1458 2562 1517 2592 ne
1537 2544 1843 2592 collaberetur
1862 2542 1960 2606 (l);

328 2695 384 2747 (l)
412 2696 482 2735 Hic
506 2697 552 2734 ad
579 2697 832 2735 cavillationes
855 2711 981 2736 omnes
1001 2710 1089 2749 prae-
1159 2696 1347 2748 Apostolo,
1376 2711 1390 2734 1
1418 2697 1464 2734 ad
1490 2696 1576 2735 Cor.
1593 2710 1660 2742 111,
1690 2706 1731 2733 11
1750 2722 1760 2741 ‚
1794 2694 1841 2730 sit
1867 2692 1966 2732 solus

275 2763 455 2802 cavendas
485 2772 789 2815 protestantium,
814 2766 876 2815 qui
905 2764 1089 2802 scandali·
1155 2762 1323 2801 Christus
1359 2761 1464 2801 Jesus
1490 2791 1501 2809 ‚
1536 2772 1701 2799 revocare
1735 2759 1773 2795 in
1804 2766 1965 2795 mentem

277 2837 420 2876 matur,
447 2843 532 2867 cum
556 2829 711 2867 audiunt
724 2828 930 2868 Catholicos
944 2831 1089 2874 docere,
1158 2828 1335 2865 debemus
1355 2828 1554 2865 doctrinam
1572 2825 1719 2862 Patrum
1746 2851 1757 2868 ,
1790 2837 1862 2875 qua
1890 2823 1967 2860 haec

278 2894 426 2934 Petrum
449 2909 525 2934 esse
559 2894 855 2946 fundamentum
885 2896 1083 2941 Ecclesiae,
1151 2895 1315 2944 apprime
1340 2894 1434 2930 inter
1460 2905 1496 2928 se
1532 2888 1778 2927 conciliantur.
1804 2888 1860 2925 Ex
1883 2888 1970 2925 doc-

278 2974 324 2999 ex
353 2974 425 3012 quo
461 2961 615 2999 firmitas
655 2959 891 3012 soliditasque
921 2960 1089 3013 ejusdem
1153 2961 1251 2996 trina
1280 2957 1461 3010 siquidem
1495 2952 1562 2993 SS.
1604 2953 1781 3001 Patr-um,
1817 2962 1964 2993 eatenus

281 3026 465 3078 pendeat,
509 3040 594 3064 cum
632 3026 702 3064 tale
737 3025 1023 3064 fundamentum
1049 3038 1091 3063 ex
1158 3023 1284 3061 Petrus
1320 3029 1420 3074 petra
1464 3034 1526 3060 seu
1556 3020 1842 3058 fundamentum
1884 3025 1967 3065 est,
