2028 3354
1712 252 1806 300 419

352 271 477 303 PAR'r.
519 273 550 300 1.
589 271 708 300 SECT.
747 270 797 299 11.
837 269 935 298 CAP.
970 269 1019 299 11.
1061 269 1116 298 DE
1151 268 1332 299 muniar.
1371 268 1551 299 PERPET.

92 405 145 435 ac
190 387 383 435 titulum
419 386 506 432 alio
550 385 819 432 transferre.
866 386 931 432 De
965 388 1071 446 jure
1112 383 1343 449 siquidem
1386 383 1549 433 divino
1588 394 1686 445 est,
1731 387 1799 432 uti

95 464 323 521 diximus,
363 463 412 508 in
452 461 578 508 Petri
622 478 905 507 successores
940 477 1179 507 summum
1226 459 1439 507 Ecclesiae
1481 461 1737 526 primatum
1773 480 1800 509 a

94 540 275 588 Christo
305 538 573 585 institutum
600 537 815 585 transire.
853 539 1005 596 Quare
1031 537 1081 583 in
1119 536 1272 583 nullos
1299 536 1413 584 alios
1444 555 1586 602 quam
1614 538 1664 585 in
1686 539 1800 602 legi-

93 617 231 662 timos
253 615 377 662 Petri
408 631 689 661 successores
712 630 768 660 ex
788 613 947 662 divina
978 611 1274 658 institutione
1305 613 1535 677 primatus
1560 613 1800 662 dimanare

90 700 261 758 potest.
297 690 434 738 Aliud
449 708 587 756 porro
609 698 680 739 est
697 689 754 736 de
773 690 1039 737 residentia
1060 687 1288 734 disserere
1304 723 1316 746 ,
1347 687 1473 735 aliud
1488 706 1599 736 vero
1624 690 1682 738 de
1700 692 1803 738 sede

90 785 142 815 ac
165 768 289 814 sedis
322 769 473 814 titulo.
510 765 772 814 Residentia
810 765 939 811 enim
972 780 1068 809 non
1098 763 1163 808 ita
1190 762 1273 808 uni
1304 762 1441 810 affixa
1474 763 1575 811 loco
1607 775 1677 813 est
1696 803 1709 825 ‚
1749 776 1802 814 ut

84 845 222 907 justis
248 842 646 891 intercedentibus
673 840 848 897 causis·7
880 856 977 886 non
998 841 1144 903 possit
1168 837 1258 885 alio
1277 839 1548 899 transferri5
1582 842 1649 887 uti
1675 860 1801 909 saepe

91 921 313 983 contigit7
353 929 424 967 tot
452 917 712 984 praesertim
751 915 887 962 annis
921 914 1091 980 quihus
1124 932 1243 962 rom.
1281 916 1527 963 Pontifices
1563 917 1802 967 Avenione

91 996 364 1043 commorati
394 1005 529 1052 sunt3
561 1002 701 1057 atque
728 993 779 1038 in
809 991 1058 1057 hypothesi
1087 990 1215 1057 quod
1251 993 1397 1039 Roma
1427 992 1688 1056 deleretur,
1721 1005 1802 1043 aut

92 1090 144 1120 ea
165 1072 402 1120 christiani
422 1081 468 1117 et
494 1068 708 1116 catholici
732 1068 938 1115 nominis
968 1067 1124 1115 hostes
1144 1068 1437 1133 potirentur,
1457 1069 1583 1117 idem
1606 1073 1801 1120 omnino

92 1151 239 1198 fieret.
260 1148 398 1196 Sedes
420 1163 531 1194 vero
545 1183 558 1203 ,
585 1153 726 1210 prout
749 1145 873 1191 Petri
895 1153 965 1191 est
979 1180 991 1203 7
1014 1161 1064 1191 ac
1080 1145 1199 1192 sedis
1218 1143 1382 1192 titulus
1399 1162 1425 1192 a
1448 1145 1579 1194 nulla
1594 1146 1801 1197 humana

92 1225 360 1274 auctoritate
412 1222 655 1269 immutari
706 1228 862 1285 potest
918 1229 998 1268 aut
1043 1222 1092 1267 in
1146 1220 1285 1269 aliam
1335 1221 1495 1270 sedem
1548 1224 1801 1274 titulumve

92 1300 346 1350 transferri.
370 1297 688 1357 Quamobrem
713 1299 814 1346 fieri
833 1297 1028 1362 quidem
1055 1306 1238 1362 potest,
1268 1305 1322 1344 ut
1340 1314 1552 1346 summus
1584 1300 1800 1350 Pontifex

90 1377 288 1425 resideat
324 1375 537 1433 Viennae,
578 1373 856 1433 Mediolani,
896 1373 1097 1420 Berolini
1138 1382 1218 1419 aut
1247 1374 1510 1439 Petropoli;
1552 1393 1799 1443 nunquam

90 1470 201 1503 vero
231 1461 383 1518 potest
404 1451 533 1511 fieri,
564 1459 617 1497 ut
646 1449 847 1515 simplex
867 1450 1117 1515 Episcopus
1149 1450 1425 1497 Viennensis
1457 1460 1536 1498 aut
1567 1453 1797 1519 Petropo-

89 1530 261 1577 litanus
290 1529 350 1575 sit
371 1545 582 1574 summus
599 1527 839 1584 Pontifex3
862 1526 1143 1592 ubicumque
1158 1525 1328 1574 idcirco
1352 1526 1579 1590 resideat,
1610 1546 1798 1596 semper

91 1607 180 1654 erit
209 1605 422 1653 Pontifex
451 1621 670 1651 romanus
686 1640 698 1663 ‚
718 1612 771 1650 ut
794 1604 940 1668 possit
965 1603 1053 1650 dici
1083 1619 1136 1650 ac
1160 1619 1270 1651 vere
1293 1604 1353 1651 sit
1377 1605 1425 1651 in
1449 1605 1655 1670 primatu
1672 1608 1800 1655 Petri

91 1699 321 1730 successor
345 1682 432 1744 (1).

147 1859 200 1910 (Ι)
221 1858 300 1897 Hoc
309 1860 445 1910 optime
457 1860 543 1896 novi
556 1857 722 1897 Pontifex
733 1857 797 1896 ille
811 1856 903 1896 Ave-

91 1926 205 1964 nione
224 1925 407 1969 residens,
423 1924 469 1963 de
489 1938 566 1977 quo
587 1925 754 1977 loquitur
769 1923 902 1962 Franc.

972 1870 1010 1895 es
1033 1857 1124 1903 tihi,
1153 1861 1191 1894 et
1214 1871 1296 1904 me,
1329 1863 1365 1895 et
1390 1857 1461 1908 qui
1486 1856 1587 1895 mihi
1604 1871 1792 1898 successe-

971 1924 1076 1971 rint,
1100 1923 1292 1976 episcopos
1315 1922 1591 1962 cathurcenses
1600 1924 1794 1975 fieri...il-

92 1989 313 2037 Pau-archa,
352 1991 391 2028 in
422 1990 486 2027 lib.
519 1988 788 2041 Epi-<stolarum
818 1991 903 2027 sine

91 2055 203 2094 titulo
215 2084 226 2104 ,
247 2069 307 2107 ep.
333 2069 392 2098 xv,
420 2057 459 2093 in
471 2070 540 2107 qua
557 2056 815 2094 calamitatem
834 2069 900 2094 ur-

93 2120 153 2159 bis
172 2120 301 2158 Romae
326 2119 509 2172 deplorat.
533 2119 628 2158 Cum
656 2123 755 2159 enim
780 2121 905 2159 Ponti-

94 2185 152 2223 fex
173 2185 273 2224 Italis
286 2194 378 2224 esset
389 2186 556 2224 infensus
567 2215 577 2232 ‚
592 2187 743 2238 quidam
758 2201 801 2225 ex
819 2190 900 2238 ejus

95 2251 235 2287 intimis
259 2249 505 2290 familiaribus
530 2251 584 2289 illi
619 2251 831 2299 consuluit,
857 2259 900 2290 ut

96 2315 274 2367 Papatum
298 2317 422 2356 Romae
436 2321 590 2370 eriperet
604 2349 614 2366 ‚
636 2326 671 2357 et
692 2319 905 2357 transferret

98 2380 324 2420 Cathurcum
336 2385 375 2421 in
387 2382 613 2422 Vasconiam
626 2414 636 2431 ‚
653 2393 695 2423 ut
713 2385 783 2423 hoc
795 2385 905 2423 modo

100 2446 145 2484 de
172 2446 276 2484 Italis
303 2448 552 2489 ulcisceretur.
576 2449 684 2501 Quod
708 2450 905 2489 consilium

99 2511 267 2551 Pontifex
285 2514 359 2550 risu
379 2517 542 2565 excepit,
564 2515 785 2566 respondens
807 2516 909 2555 :Fe-

94 2576 231 2627 fellisti
250 2583 334 2624 meg
356 2576 537 2616 hactenus
560 2586 597 2617 te
618 2580 791 2618 nondum
813 2580 907 2619 deli-

99 2655 187 2680 rare
202 2655 463 2693 coqnoveram.
476 2643 544 2681 An
559 2646 711 2696 iqnoras
726 2676 736 2693 ‚
765 2647 908 2693 inscie,

98 2705 169 2745 hoo
182 2709 259 2752 via,
273 2721 388 2759 quam
405 2709 581 2747 statuisse
597 2709 787 2749 subtiliter
801 2712 910 2749 visus

971 1988 1050 2026 lam
1063 2002 1164 2037 vero,
1177 1990 1246 2040 qui
1254 1991 1393 2027 Romoe
1400 1989 1621 2041 proefuerit,
1636 1990 1793 2043 Papam

964 2056 1048 2107 fore
1061 2059 1081 2092 ?
1106 2053 1175 2093 Sic
1191 2054 1329 2094 italum
1352 2067 1492 2094 nomen
1515 2054 1608 2093 dum
1630 2063 1793 2094 evertere

963 2130 1081 2173 putas
1092 2150 1102 2168 ‚
1121 2120 1263 2159 attollis
1273 2149 1285 2167 ,
1299 2127 1335 2158 et
1346 2121 1390 2157 in
1400 2121 1601 2172 antiquam
1619 2122 1792 2160 restituis

971 2187 1244 2237 ‹hy-nitatem...
1265 2185 1328 2223 De
1342 2183 1467 2223 titulis
1482 2198 1562 2223 non
1582 2191 1791 2233 cenoman

972 2251 1131 2289 velimus
1160 2251 1327 2289 ‘nolimus
1352 2252 1458 2288 em'm
1474 2280 1484 2298 ‚
1519 2264 1646 2288 rerum
1674 2257 1792 2304 caput

973 2317 1094 2355 Roma
1111 2318 1201 2356 erit.
1221 2316 1318 2369 Opp.
1343 2316 1371 2353 F
1374 2317 1530 2354 rancisci
1553 2316 1758 2355 Petrarchae
1776 2346 1788 2366 ,

972 2382 1060 2420 edit.
1076 2382 1222 2421 Basileae
1242 2381 1357 2430 1581,
1373 2390 1461 2419 torn.
1475 2395 1502 2419 n
1516 2410 1526 2428 ‚
1541 2394 1578 2432 p.
1590 2380 1790 2432 727·7²8·

973 2449 1130 2488 Noverat
1141 2463 1275 2500 nempe
1291 2449 1457 2487 Pontifex
1469 2477 1479 2494 ‚
1494 2450 1681 2486 neminem
1695 2477 1706 2498 ,
1724 2449 1790 2501 qui

974 2529 1050 2553 non
1081 2514 1191 2553 fuerit
1213 2515 1320 2554 Petro
1347 2515 1387 2552 in
1419 2510 1594 2552 cathedra
1619 2512 1789 2552 Romana

976 2594 1176 2628 successor,
1204 2594 1307 2632 posse
1327 2593 1517 2619 summum
1531 2578 1790 2618 Pontificatum

978 2646 1144 2685 obtinere
1159 2676 1169 2694 ‚
1198 2646 1265 2699 qui
1285 2646 1375 2685 huic
1401 2647 1621 2685 successioni
1644 2645 1789 2697 insepa-

979 2711 1138 2751 rabiliter
1160 2726 1348 2752 connexus
1373 2721 1440 2752 cst.

1437 3120 1517 3168 27.
