2028 3354
206 207 267 254 76
684 226 841 257 TRAGT.
879 225 932 254 m:
966 223 1084 255 Locis
1119 215 1415 256 maomeims.

850 336 1098 370 DIFFICULT
1105 339 1163 371 AT
1170 338 1234 371 Es.

277 450 384 498 130.
422 448 527 510 obj.
551 449 718 513 prima.
754 450 803 495 1ο
835 450 1198 511 Argumentum,
1230 449 1352 513 quod
1378 466 1433 496 ex
1452 458 1613 496 mutua
1636 450 1798 497 animae
1830 459 1876 496 et

208 525 407 590 corporis
430 524 635 572 Ecclesiae
664 523 1079 583 communicatione
1107 522 1289 569 ducitur
1306 560 1319 583 7
1350 542 1518 588 vagum
1543 535 1611 572 est
1635 535 1682 573 et
1706 525 1875 572 nullius

205 601 361 663 frugis.
397 601 451 646 20
480 598 614 648 Nulla
635 600 861 665 siquidem
884 608 1006 646 secta
1029 607 1121 658 est,
1146 614 1246 664 quae
1265 599 1472 647 membra
1494 601 1742 649 virtutibus
1765 615 1876 666 prae-

205 676 375 722 stantia
393 693 488 722 non
505 679 676 738 jactet,
707 693 846 740 seque
874 683 1118 739 propterea
1142 674 1235 721 vita
1261 674 1351 720 frui
1380 676 1715 739 supernaturali
1732 714 1743 735 7
1776 692 1875 741 quae

205 755 398 816 exurgat
425 769 482 798 ex
509 752 676 799 intima
704 769 810 798 cum
845 751 1026 798 Christo
1053 751 1487 797 communicatione.
1520 750 1571 797 30
1604 753 1648 799 Si
1682 770 1790 801 vero
1819 751 1876 799 de

203 827 296 875 fide
314 827 367 874 in
390 829 538 891 specie
556 829 615 874 sit
633 845 784 875 sermo
800 864 813 885 7
842 842 1132 891 unaquaeque
1148 843 1197 873 se
1214 842 1374 875 veram
1393 825 1534 873 fidem
1550 861 1563 878 7
1584 829 1742 875 ceteris
1760 845 1879 874 com-

204 903 504 950 munionibus
526 904 718 951 exclusis
736 940 747 962 7
779 902 988 968 profiteri
1014 900 1269 948 contendit.
1294 900 1347 947 40
1372 903 1588 949 Ceterum
1620 903 1812 951 virtutes
1831 919 1882 949 ac

205 980 423 1026 sanctitas
443 996 514 1026 res
541 988 650 1025 sunt
669 978 873 1026 relativae
889 1015 901 1037 7
926 977 983 1024 de
1010 975 1176 1041 quibus
1196 977 1511 1041 unusquisque
1527 977 1723 1039 judicat,
1746 985 1883 1043 prout

205 1055 397 1102 affectus
428 1064 525 1115 est7
558 1072 637 1102 seu
674 1055 830 1101 animo
860 1061 1179 1118 comparatus3
1213 1052 1322 1099 hinc
1351 1069 1489 1117 opera
1520 1053 1749 1116 poenalia,
1787 1053 1886 1101 vir-

204 1131 398 1194 ginitas,
434 1129 673 1178 coelibatus
696 1167 708 1189 ,
750 1146 851 1195 quae
888 1130 937 1175 in
977 1145 1158 1174 summo
1193 1128 1342 1192 pretio
1378 1126 1611 1173 habentur
1639 1128 1763 1192 apud
1797 1129 1884 1175 Ca-

203 1206 428 1267 tholicos,
476 1205 806 1253 abominabiles
848 1213 958 1251 sunt
999 1205 1124 1267 apud
1163 1205 1502 1261 protestantes3
1553 1202 1679 1249 idem
1719 1202 1791 1249 dic
1828 1202 1885 1249 de

206 1282 420 1348 pluribus
453 1282 568 1329 aliis,
597 1284 724 1347 Ergo.
1729 1279 1732 1282 ⁴

274 1359 381 1405 131.
419 1360 557 1422 Resp.
589 1358 659 1405 Ad
686 1360 778 1416 lm7
811 1357 931 1420 Neq.
960 1357 1023 1402 Ex
1042 1356 1206 1403 intima
1236 1354 1463 1419 siquidem
1493 1356 1558 1402 rei
1580 1364 1746 1401 natura
1770 1353 1887 1404 illud

209 1443 537 1498 argumentum
574 1435 777 1499 petitur,
812 1432 1053 1496 quodlibet
1081 1432 1206 1478 enim
1236 1431 1536 1478 individuum
1563 1446 1618 1477 ex
1653 1431 1806 1476 anima
1841 1438 1887 1476 et

208 1526 398 1575 corpore
438 1518 652 1556 constans
693 1510 740 1557 vi
771 1508 891 1554 illius
923 1508 1182 1555 commercii
1231 1508 1360 1555 vivat
1396 1523 1581 1553 necesse
1630 1515 1717 1553 est.
1754 1505 1888 1563 Quod

208 1594 366 1632 autem
399 1584 458 1632 de
489 1584 731 1634 individuo
770 1584 959 1649 physico
997 1583 1191 1641 dicitur,
1235 1598 1320 1647 per
1355 1580 1611 1643 analogiam
1649 1580 1888 1628 individuo

207 1660 373 1708 morali
413 1661 563 1726 aptari
593 1670 747 1726 potest
777 1677 827 1706 ac
854 1659 1010 1707 debet.
1047 1660 1165 1705 Sane
1205 1674 1310 1704 cum
1349 1656 1541 1703 Ecclesia
1579 1673 1663 1721 per
1698 1655 1889 1703 modum

210 1737 414 1802 corporis
444 1738 645 1785 viventis
667 1754 692 1782 a
718 1735 901 1782 Christo
925 1734 1135 1781 instituta
1155 1734 1214 1779 sit
1229 1769 1241 1791 7
1267 1737 1393 1794 cujus
1417 1732 1633 1778 sanctitas
1653 1732 1891 1796 ingenerat⁴

210 1823 287 1861 tur
308 1830 393 1878 per
419 1813 611 1875 gratiam
632 1848 645 1872 7
671 1829 811 1876 quam
828 1810 1035 1857 Christus
1060 1810 1109 1855 in
1139 1827 1242 1856 eam
1263 1818 1487 1872 tanquam
1503 1816 1641 1871 caput
1662 1808 1710 1854 in
1736 1825 1888 1855 mem-

210 1890 296 1936 bra
325 1898 372 1936 et
405 1889 512 1937 vitis
538 1889 588 1935 in
615 1889 828 1953 palmites
848 1888 1020 1951 jugiter
1045 1886 1195 1933 influit
1215 1922 1227 1946 7
1259 1885 1423 1933 melius
1454 1885 1663 1948 cognosci
1686 1885 1849 1949 nequit
1870 1920 1883 1943 7

211 1973 371 2011 utrum
400 1980 505 2012 eam
532 1965 677 2011 vitam
721 1963 892 2010 habeat
923 1980 1002 2009 seu
1027 1965 1184 2025 jugem
1213 1962 1338 2008 hunc
1369 1960 1627 2019 influxum7
1661 1979 1803 2026 quam
1833 1977 1889 2007 ex

145 2063 148 2066 ¹
212 2044 309 2103 ejus
331 2040 534 2087 externis
567 2039 930 2105 operationibus.
958 2038 1002 2084 Si
1025 2039 1121 2085 istae
1151 2037 1263 2084 tales
1293 2038 1385 2083 sint
1402 2073 1414 2094 7
1443 2044 1496 2082 ut
1523 2037 1711 2082 nonnisi
1737 2036 1890 2099 gratiae

212 2116 517 2164 sanctificanti
540 2116 684 2162 tribui
706 2116 910 2179 possint,
946 2115 1202 2161 necessario
1232 2121 1411 2160 constat
1440 2111 1499 2159 de
1529 2111 1752 2173 ejusmodi
1777 2111 1889 2159 vita.

281 2191 388 2240 132.
426 2190 495 2238 Ad
527 2192 625 2251 2¹27
659 2193 786 2238 Dz'st.
822 2189 957 2236 Nulla
984 2198 1103 2236 secta
1135 2198 1203 2237 est
1225 2225 1237 2247 7
1269 2206 1372 2254 quae
1396 2185 1606 2234 membra
1634 2203 1730 2233 non
1749 2189 1892 2248 Jactet

213 2268 478 2334 praestantia
508 2266 755 2316 virtutibus
786 2265 980 2331 politicis
1011 2274 1058 2312 et
1089 2264 1404 2330 appellativis,
1438 2279 1601 2315 conc.‚·
1642 2261 1891 2310 virtutibus

216 2344 417 2401 divinis,
448 2342 787 2409 profluentibus
817 2358 986 2405 nempe
1016 2357 1072 2388 ex
1099 2340 1327 2387 consortio
1354 2339 1521 2387 divinae
1544 2346 1750 2396 naturae,
1785 2354 1888 2401 neq.

218 2541 298 2592 ejus
322 2551 499 2589 corpore3
534 2537 615 2577 illos
654 2549 730 2574 non
765 2537 945 2587 pertinere
978 2534 1023 2573 ad
1097 2543 1159 2574 tua
1174 2536 1332 2586 corporis
1348 2535 1436 2573 vivi.
1458 2532 1543 2571 Non
1561 2539 1683 2572 autem
1699 2531 1892 2583 significat,

220 2605 369 2643 unicam
396 2602 609 2641 columbam
623 2609 756 2640 castam
767 2629 778 2644 ,
801 2599 1022 2651 simplicem,
1096 2607 1299 2652 peccatores
1326 2599 1491 2638 absolute
1506 2613 1583 2637 non
1596 2612 1672 2637 esse
1684 2600 1723 2635 in
1739 2607 1890 2646 corpore

219 2671 393 2723 pudicam
410 2699 420 2717 ,
447 2678 519 2707 etc.
539 2668 631 2720 Quia
660 2675 864 2720 peccatores
887 2675 973 2705 sunt
987 2669 1025 2705 in
1097 2664 1256 2712 Christi,
1280 2673 1319 2703 ut
1340 2668 1438 2716 patet
1454 2665 1562 2703 etiam
1583 2677 1623 2701 ex
1653 2660 1771 2699 verbis
1786 2689 1795 2707 a
1813 2673 1892 2711 quoe

221 2735 380 2774 Ecclesia
404 2733 562 2781 visibili,
587 2733 650 2772 sed
678 2746 755 2771 non
778 2739 865 2770 sunt
893 2732 937 2770 de
956 2731 1026 2770 Ec·
1099 2731 1308 2769 immediate
1322 2730 1447 2768 subdit
1457 2737 1536 2781 post
1555 2742 1594 2767 ea
1608 2755 1621 2776 ‚
1639 2739 1718 2778 quae
1741 2725 1894 2763 adduxi-

221 2801 340 2840 clesiae
353 2812 498 2851 corpore
514 2828 525 2847 ‚
539 2807 718 2851 quatenus
734 2811 810 2836 non
822 2805 906 2835 sunt
919 2810 1029 2835 mem·
1100 2810 1182 2835 mus
1205 2810 1244 2835 ex
1278 2804 1384 2835 tract.
1413 2797 1454 2833 in
1488 2794 1598 2831 Joan.
1636 2790 1726 2829 Non
1761 2789 1895 2828 abhor-

222 2867 289 2906 bra
314 2866 396 2905 viva
410 2893 420 2912 ‚
454 2878 516 2903 seu
534 2865 717 2903 vivificata
742 2878 762 2902 a
784 2862 931 2901 Christo
953 2892 963 2910 7
985 2876 1029 2901 ex
1100 2869 1179 2901 reat
1206 2876 1231 2900 a
1252 2873 1427 2913 conzpaqe
1449 2856 1700 2896 membrorum
1714 2884 1725 2904 7
1750 2868 1829 2893 non
1846 2854 1897 2892 ait

228 2932 363 2985 quibus
384 2932 615 2983 componitur
640 2943 771 2982 corpus
793 2930 918 2968 vivum
939 2931 1031 2982 ejus·
1094 2934 1209 2980 putre
1227 2926 1433 2965 meonbrum
1446 2952 1456 2969 ,
1471 2921 1570 2974 quod
1579 2921 1742 2970 resecari
1759 2931 1898 2958 merea-

226 2999 317 3038 dem
332 2997 521 3046 Ecclesiae,
536 2998 598 3037 sed
612 2997 731 3037 solum
752 2995 915 3035 membra
930 3008 1029 3034 mor·
1104 2999 1213 3032 tur...
1238 2993 1289 3031 sit
1301 2989 1506 3045 pulchrum
1527 3018 1538 3037 ,
1562 2988 1612 3026 sit
1630 2999 1767 3026 sanum
1783 3015 1794 3035 7
1825 2991 1895 3024 etc.
