2028 3354
472 192 600 221 PART.
641 191 674 219 1.
713 190 810 219 CAP.
849 189 918 220 111.
959 191 1010 219 DE
1045 190 1259 221 ECCLESIAE
1294 191 1436 221 NOTIS.

1698 175 1790 222 119

115 304 194 368 qui
221 301 389 350 scribat
414 321 424 350 :
453 303 585 351 Huic
602 302 826 350 Ecclesioe
840 341 852 358 ,
876 320 981 366 quoe
993 321 1086 367 per
1108 313 1252 351 totam
1272 314 1453 352 terram
1476 306 1789 368 diffunditur,

112 382 329 441 quisquis
357 396 451 426 non
478 382 824 435 communicat,
854 385 942 426 cm*
963 397 1059 426 non
1079 384 1395 428 communicet
1413 382 1566 442 vides,
1586 383 1630 427 si
1647 384 1788 444 cujus

112 454 337 519 (Christi)
354 460 447 501 ista
465 455 608 502 verba
628 458 727 501 sint
747 456 890 502 audis
905 455 1003 517 (1);
1031 455 1111 502 sed
1126 457 1284 503 Patres
1303 456 1467 519 reliqui
1486 457 1783 504 unanimiter.

112 529 293 576 Etenim
338 529 397 576 ad
441 547 588 576 unum
626 547 786 577 omnes
841 539 893 576 ut
940 540 1162 576 tesseram
1206 547 1327 578 verae
1371 531 1576 578 Ecclesiae
1617 531 1789 580 Christi

113 611 324 650 statuunt
352 609 449 666 ejus
477 610 711 652 unitatem
743 614 790 653 et
815 606 1255 661 universalitatem,
1289 622 1370 652 seu
1400 606 1627 654 unitatem
1655 609 1703 654 in
1734 625 1788 656 eo

109 679 335 742 positam,
381 681 505 744 quod
544 680 716 745 ubique
750 688 978 727 terrarum
1016 678 1178 725 eadem
1211 680 1298 736 sit3
1335 680 1400 726 ita
1434 682 1643 727 ,Iustinus
1678 684 1749 747 (2)
1775 720 1787 743 ,

111 754 417 802 Tertullianus
460 755 550 819 (3),
588 759 786 803 Irenaeus
822 753 911 817 (4),
966 754 1179 801 Clemens
1227 754 1355 801 Alex.
1395 756 1505 819 (5),
1548 758 1788 821 Dionysius

109 938 210 976 hunc
235 947 362 990 typum
396 939 601 977 adhibitum
625 940 746 989 potius
767 952 844 977 esse
869 947 909 977 ut

109 1012 361 1055 argumentum
379 1004 621 1055 theologicum
637 1033 647 1051 ,
666 1017 779 1057 quam
794 1004 908 1042 veluti

109 1081 150 1107 ex
182 1068 377 1119 apostolica
399 1069 592 1107 traditione
609 1072 906 1120 provenientem3

108 1141 216 1184 atque
244 1132 438 1180 admonet,
473 1142 689 1184 argumenta
727 1132 908 1187 ejusmodi

107 1210 181 1234 nou
201 1198 278 1235 sine
299 1199 464 1237 examine
483 1212 560 1237 esse
584 1199 810 1238 admittenda
828 1229 839 1248 ,
866 1214 909 1239 eo

105 1263 214 1314 plane
245 1263 354 1301 modo
379 1277 451 1316 quo
477 1265 519 1302 fit
550 1265 673 1317 quoad
693 1267 829 1304 motiva
853 1279 909 1304 ra-

106 1329 311 1380 tionesque,
324 1342 406 1380 quae
422 1329 468 1367 ab
482 1332 716 1370 oecumenicis
736 1330 909 1370 Conciliis

105 1392 145 1430 in
167 1394 241 1443 suis
266 1393 417 1432 decretis
438 1395 642 1433 afferuntur
657 1424 668 1440 ,
698 1398 817 1447 prouti
841 1398 909 1447 ipsi

105 1456 237 1495 docent
256 1458 422 1496 catholici
447 1460 617 1511 theologi.
634 1460 789 1509 Verum,
815 1472 908 1511 prae·

106 1528 273 1573 terquam
297 1523 396 1573 quod
421 1523 462 1560 hi
482 1525 549 1574 ipsi
568 1524 729 1576 theologi
753 1525 886 1563 docent
897 1554 908 1571 ,

106 1587 366 1625 secernendum
387 1589 427 1625 in
449 1586 613 1627 Patribus
633 1589 764 1628 thesim
789 1604 809 1628 a
826 1604 910 1640 pro-

102 1649 341 1700 bationibus,
363 1654 449 1704 quia
473 1654 513 1691 in
537 1652 628 1692 thesi
650 1653 776 1692 Patres
791 1668 829 1692 se
846 1668 910 1705 ge-

102 1724 190 1754 runt
211 1725 252 1754 ut
274 1721 382 1755 testes
407 1717 508 1766 fidei,
533 1732 612 1769 quae
634 1718 825 1757 obtinebat
844 1734 909 1758 sua

101 1789 206 1820 aetate
238 1784 277 1819 in
305 1781 489 1831 Ecclesia,
530 1790 567 1821 et
604 1785 834 1835 traditionis5
870 1787 908 1824 in

101 1846 379 1898 probationibus
394 1861 478 1886 vero
500 1862 537 1887 se
553 1849 729 1888 exhibent
749 1850 908 1889 ut‘theo-

101 1912 224 1963 logos,
251 1912 397 1951 evidens
428 1922 494 1962 est,
528 1914 625 1952 hanc
647 1915 909 1955 indivisibilem

102 1978 280 2015 unitatem
321 1991 341 2015 a
380 1977 420 2018 S.
470 1978 659 2032 Cypriano
693 1980 832 2019 adstrui
869 1990 910 2020 ut

101 2040 237 2095 dogma
251 2044 533 2091 inconcussum,
558 2045 658 2097 quod
684 2047 816 2097 passim
839 2046 910 2085 ibi-

101 2105 186 2145 dem
213 2107 398 2157 inculcat,
435 2108 676 2161 pluribusque
703 2111 909 2149 rationibus

103 2173 308 2211 confirmat.
346 2173 597 2213 Describerem
628 2174 784 2214 libenter
811 2179 909 2215 inte-

103 2251 206 2288 grum
219 2246 373 2288 textum,
387 2242 458 2279 nisi
483 2243 594 2280 nimis
615 2242 776 2292 prolixus
799 2251 907 2283 esset.

104 2300 265 2341 Afferam
310 2306 567 2344 tantummodo
602 2306 711 2345 verba
726 2336 736 2353 ‚
775 2308 910 2360 quibus

103 2365 147 2406 S.
173 2366 311 2420 Martyr
331 2369 460 2408 thesim
488 2385 593 2409 suam
620 2372 751 2410 evincit
774 2386 821 2411 ex
852 2375 908 2424 ip-

102 2432 148 2471 sis
167 2432 303 2471 Christi
329 2435 446 2472 verbis
471 2449 482 2473 =
506 2435 608 2488 Quis
632 2449 718 2487 erqo
733 2466 743 2484 ‚
769 2439 906 2491 inquit,

102 2498 158 2534 sic
183 2503 237 2534 est
255 2496 455 2536 sceleratus
476 2508 510 2538 et
522 2500 694 2552 perfidus
707 2529 720 2550 ,
747 2505 834 2553 quis
852 2504 908 2541 sic

103 2560 303 2600 discordioe
317 2562 449 2614 furore
470 2578 632 2603 vesanus
646 2595 656 2614 ,
680 2573 723 2604 ut
748 2575 817 2605 ant
830 2581 909 2616 ere-

103 2628 169 2667 dat
184 2630 312 2668 scindi
330 2643 440 2682 posse
452 2661 463 2679 ‚
492 2637 561 2669 aut
579 2631 719 2671 audeat
733 2634 905 2673 scindere

104 2695 292 2733 unitatem
317 2694 398 2734 Dei
417 2725 428 2742 ‚
450 2703 586 2735 vestem
608 2695 793 2746 Domini,
822 2700 904 2738 Ec-

103 2758 255 2798 alesiam
278 2759 427 2799 Christi
436 2764 457 2798 P
470 2762 605 2800 Monet
614 2763 694 2815 ipse
710 2764 755 2801 in
769 2762 809 2802 E
810 2776 905 2802 van-

103 2824 201 2875 9elio
231 2839 321 2874 suo,
349 2834 384 2865 et
407 2827 510 2865 docet
525 2857 534 2874 ‚
564 2828 692 2866 dicens
722 2843 732 2866 ε
753 2828 810 2867 Et
833 2831 906 2867 erit

106 2902 208 2928 unm
239 2904 331 2942 φναν
359 2898 396 2930 et
425 2905 528 2931 unus
553 2899 711 2946 pastor.
750 2893 807 2933 Et
828 2907 904 2933 esse

102 2967 211 3005 poue
223 2968 299 2994 uno
320 2956 364 2995 in
381 2956 457 2996 loco
470 2957 614 3009 aliquis
635 2959 829 2998 existimat
839 2968 905 2999 aut

975 937 1117 977 multos
1149 947 1334 992 pastores·
1360 947 1429 978 out
1458 940 1592 994 plures
1624 945 1790 994 qreyes!9

976 1001 1034 1041 Ex
1057 1004 1114 1042 his
1139 1007 1330 1056 postremis
1367 1006 1485 1045 verbis
1509 1006 1653 1046 Palmer
1685 1013 1789 1048 occa-

974 1071 1115 1108 sionem
1138 1072 1250 1108 sumit
1264 1071 1470 1122 exponendi
1483 1080 1644 1111 mentem
1658 1071 1698 1112 S.
1712 1073 1790 1126 Cy-

975 1136 1107 1185 priani,
1123 1136 1274 1187 perinde
1291 1149 1335 1174 ac
1353 1138 1381 1173 si
1396 1137 1514 1175 solum
1534 1139 1787 1187 contenderit,

974 1200 1150 1238 adversus
1173 1198 1393 1238 Novatianos
1404 1230 1415 1248 ,
1428 1201 1528 1240 haud
1543 1205 1699 1254 possein
1712 1218 1787 1244 uno

973 1266 1177 1320 eodemque
1201 1267 1281 1306 loco
1309 1268 1430 1319 plures
1460 1281 1537 1307 esse
1560 1268 1758 1323 Episcopos
1776 1300 1788 1322 ‚

976 1333 1131 1370 minime
1156 1346 1240 1372 vero
1278 1333 1378 1385 quod
1413 1335 1534 1372 unitas
1558 1336 1674 1374 scindi
1713 1350 1789 1375 non

974 1399 1086 1446 possit
1107 1400 1202 1436 inter
1226 1398 1388 1437 diversas
1413 1399 1593 1440 ecclesias.
1621 1400 1684 1441 Ast
1704 1416 1786 1454 per-

974 1475 1127 1512 peram3
1152 1465 1290 1500 etenim
1310 1464 1405 1501 ibid.
1437 1479 1472 1516 p.
1508 1464 1583 1504 165
1599 1495 1611 1513 ,
1636 1468 1685 1505 de
1712 1467 1786 1507 Ec-

974 1526 1082 1564 clesia
1106 1527 1303 1565 universali
1320 1541 1358 1566 se
1369 1527 1472 1581 loqui
1495 1530 1667 1579 ostendit,
1695 1534 1786 1570 scri·

974 1590 1068 1631 bens
1096 1606 1106 1630 ε
1134 1590 1202 1632 Sic
1224 1598 1260 1630 et
1294 1591 1466 1632 Ecclesia
1498 1594 1667 1633 Domini
1701 1595 1785 1636 luce

967 1657 1128 1707 perfusa
1140 1669 1214 1708 per
1234 1657 1359 1695 orbem
1391 1664 1508 1696 totum
1541 1661 1670 1699 radios
1699 1674 1786 1701 suos

968 1722 1150 1772 porriyit.
1176 1720 1309 1760 Unum
1325 1728 1451 1761 tamen
1465 1723 1592 1762 lumen
1606 1733 1671 1777 est,
1687 1728 1787 1778 quod

974 1787 1114 1838 ubique
1129 1786 1388 1840 diffunditur,
1411 1801 1480 1827 nec
1500 1791 1630 1828 unitas
1652 1805 1786 1844 corpo-

974 1853 1029 1889 ris
1043 1858 1257 1904 separatur,
1272 1859 1344 1892 etc.
1367 1867 1447 1905 quae
1458 1854 1554 1893 clara
1573 1863 1658 1894 sunt
1669 1857 1778 1905 adeo,

973 1925 1014 1955 ut
1035 1931 1112 1955 non
1139 1919 1283 1969 possint
1305 1918 1420 1957 eludi.

1030 1983 1084 2033 (l)
1113 1982 1259 2021 Contra
1297 1982 1413 2023 litter,
1450 1983 1568 2023 Petit.
1613 1985 1680 2025 lib.
1728 2000 1754 2025 11
1775 2016 1785 2035 ‚

974 2060 1054 2099 cap.
1085 2046 1149 2086 55.

1028 2112 1083 2162 (2)
1114 2113 1158 2150 In
1172 2112 1331 2165 Dialoq.
1358 2128 1447 2153 cum
1462 2112 1497 2154 T
1494 2114 1605 2168 ryph.
1626 2130 1666 2156 n.
1692 2115 1779 2165 116,

973 2177 1783 2232 edit.Maran.p.209,ubiaffirmat,Christia-

973 2256 1039 2280 nos
1054 2256 1181 2282 omnes
1192 2258 1267 2282 esse
1274 2245 1324 2282 ad
1332 2246 1458 2283 instar
1466 2246 1584 2283 unius
1595 2244 1778 2293 hominis,

974 2308 1017 2349 αἷς
1031 2304 1077 2349 εἷς
1087 2305 1269 2360 ἅνθρωπος
1284 2314 1431 2358 πάντες,
1445 2324 1508 2348 seu
1518 2318 1557 2348 ut
1570 2310 1631 2348 alii
1641 2310 1781 2362 legunt,

973 2370 1243 2416 πιστεύσαντες.
1275 2373 1414 2413 Eadem
1440 2376 1572 2426 passim
1606 2376 1781 2414 inculcat.

1025 2439 1078 2490 (3)
1112 2439 1224 2480 Com.
1246 2439 1442 2480 Marcion.
1467 2441 1534 2480 lib.
1561 2455 1600 2489 v,
1623 2455 1704 2494 cap.
1733 2439 1782 2480 18

973 2511 1007 2542 et
1036 2517 1099 2557 19.

1027 2571 1077 2620 (14)
1105 2571 1220 2624 Cujus
1243 2572 1353 2611 verba
1377 2575 1541 2625 superius
1568 2575 1777 2621 retulimus,

971 2635 1105 2686 quibus
1134 2637 1180 2675 de
1199 2645 1270 2676 tota
1304 2636 1464 2677 Ecclesia
1482 2652 1545 2691 per
1568 2641 1777 2679 universum

971 2700 1351 2753 orbem3disseminata
1375 2704 1533 2744 affirmat
1552 2735 1562 2753 ‚
1584 2719 1702 2744 unam
1718 2705 1780 2742 in-

972 2763 1143 2805 habitare
1161 2767 1314 2806 domum
1332 2799 1342 2816 ,
1371 2782 1489 2807 unam
1513 2771 1686 2809 animam·
1703 2769 1776 2806 ka-

968 2828 1074 2878 bere,
1104 2845 1227 2871 unum
1247 2846 1333 2882 cor,
1363 2847 1484 2873 unum
1507 2847 1572 2882 os,
1599 2844 1670 2873 etc.

1024 2896 1076 2947 (ὅ)
1106 2895 1247 2937 Strom.
1274 2899 1434 2951 1ib.vn,
1450 2915 1489 2939 n.
1515 2913 1560 2954 ¹7
1582 2900 1777 2951 ,ubiprae—

972 2962 1067 3001 clare
1107 2964 1371 3004 indivisibilem
1395 2965 1569 3006 Eeclesiae
1598 2963 1779 3005 catholicae
