2028 3354
0 260 2 310 l

450 204 576 238 mar.
614 208 646 237 1.
685 207 783 238 CAP.
817 207 890 238 111.
927 206 983 237 DE
1016 206 1231 238 aceresia:
1264 206 1406 237 noris,
1692 191 1786 240 133

94 314 353 369 incredibili
377 319 563 367 audacia
584 319 670 367 sibi
701 337 872 366 munus
902 337 1133 384 arrogasse
1159 319 1355 368 docendi
1378 328 1578 369 matrem
1608 339 1771 383 suam,

93 398 287 461 perinde
313 414 364 444 ac
387 397 424 443 si
443 395 501 443 ab
527 397 625 461 ipsa
642 432 655 455 a
683 396 754 442 cui
773 396 858 443 soli
888 395 1085 444 docendi
1106 413 1275 444 munus
1295 396 1504 443 Christus
1527 397 1776 447 demanda·
1823 434 1836 447 .

92 473 187 530 vit,
222 490 438 537 perverse
467 471 667 518 instituti
687 481 841 519 essent
860 472 946 536 (1)

153 548 262 594 232.
299 547 369 594 Ad
401 547 494 606 4¹²1,
535 549 661 594 Dz'st.
708 547 845 593 Haud
882 563 1038 613 paucae
1075 547 1312 594 societates
1351 546 1611 596 christianae
1648 550 1768 598 hanc

87 623 412 686 praeseferunt
440 624 773 670 successionem
792 622 1108 679 materialem5
1135 631 1287 668 trans.
1319 622 1393 669 vel
1418 640 1546 671 conc.
1560 642 1576 678 ,·
1600 625 1773 691 forma-

86 696 208 755 lem7
252 715 352 761 neq.
386 700 494 745 Jam
537 698 746 762 superius
774 696 1137 754 declaravimus,
1175 696 1401 760 quidnam
1440 699 1625 746 intersit
1646 702 1771 749 inter

84 781 334 838 utrumque
353 776 712 830 successionemg
738 772 949 835 quamvis
968 780 1215 836 propterea
1240 772 1478 820 nonnullae
1497 775 1737 824 societates
1755 813 1766 836 ,

83 866 183 913 quae
203 849 539 897 hierarchicum
551 849 760 911 regimen
780 857 1088 894 servaverunt
1104 883 1116 906 7
1138 847 1425 895 materialem
1444 849 1768 914 episcoporum

80 925 414 971 successionem
437 923 586 987 aliqua
614 921 793 968 ratione
823 939 920 987 prae
941 940 990 969 se
1014 923 1187 984 ferant,
1221 940 1326 970 cum
1355 934 1514 972 tamen
1537 925 1667 973 nulla
1690 927 1769 975 ha-

78 998 188 1045 beat
215 999 544 1046 successionem
576 997 820 1045 formalem
843 1034 855 1057 ⁷
887 1009 1056 1064 praeter
1080 1016 1325 1046 romanam
1342 1037 1354 1057 ᾖ
1387 1010 1439 1047 ut
1465 1001 1657 1049 inferius
1688 1021 1763 1050 os·

78 1064 338 1133 tondemus,
370 1083 522 1138 patet,
541 1091 617 1121 eas
637 1092 734 1121 non
751 1076 920 1139 potiori
935 1079 1042 1138 jure
1062 1076 1150 1123 dici
1168 1093 1302 1141 posse
1322 1076 1593 1141 apostolicas
1619 1096 1762 1144 quam

77 1167 168 1214 quo
189 1149 244 1196 ’se
265 1151 500 1214 potuerint
528 1167 695 1198 vocare
721 1151 970 1207 Ecclesiam
993 1152 1228 1214 Judaicam
1275 1151 1576 1201 schismaticae
1614 1154 1763 1202 tribus

74 1224 352 1285 israeliticae,
397 1242 451 1273 eo
482 1225 607 1290 quod
641 1226 899 1275 sacerdotes
926 1246 951 1274 a
984 1228 1234 1293 Jeroboam
1265 1229 1420 1276 vitulis
1462 1231 1611 1278 aureis
1636 1247 1759 1296 prae-

73 1300 179 1347 fecti
198 1301 425 1365 originem
451 1303 682 1350 traxerint
702 1320 759 1351 ex
790 1303 978 1353 levitico
1009 1321 1176 1368 genere
1195 1304 1283 1368 (2).

715 1468 1025 1512 ARTICULUS
1056 1471 1110 1511 11.

66 1601 325 1650 Recensitae
353 1620 474 1650 verce
510 1604 733 1651 Ecclesiae
761 1615 883 1652 ποία»
911 1611 1000 1653 soli
1034 1607 1263 1655 Romanae
1290 1610 1513 1656 Ecclesioe
1551 1619 1754 1668 et'eom-

119 1685 298 1738 petunt
321 1687 363 1724 et
379 1688 633 1742 competere
652 1690 880 1743 possunt,
907 1699 1015 1745 quw
1027 1685 1231 1745 proinde
1250 1702 1306 1730 ex
1327 1686 1500 1733 eisdem
1521 1689 1621 1735 sola
1640 1706 1750 1737 vera

126 1768 219 1799 esse
243 1753 459 1801 Ecclesia
483 1754 669 1804 Christi
694 1758 1007 1821 diynosez‘tur.

124 1915 236 1962 233.
275 1918 559 1982 propositio,
598 1927 650 1966 ut
678 1929 809 1984 patet
851 1937 905 1968 ex
942 1923 1042 1985 ejus
1076 1924 1434 1986 enunciatione,
1471 1926 1584 1975 duas
1616 1946 1747 1977 com-

11 1988 13 1990 ’
56 1990 277 2055 'plectitur
334 2003 489 2059 partes
515 2030 527 2053 ,
575 1994 769 2043 alteram
813 1998 1097 2062 positivam,
1145 2017 1237 2064 qua
1291 2001 1497 2049 Ecclesiae
1536 2021 1743 2054 romanae

56 2065 383 2125 adscribuntur
419 2062 480 2117 et¹
503 2070 804 2119 vindicantur
840 2082 1040 2137 quatuor
1066 2076 1307 2124 recensitae
1341 2087 1463 2125 notae
1491 2115 1503 2137 7
1546 2079 1742 2127 alteram

56 2144 338 2205 negativam,
361 2162 452 2210 qua
470 2147 876 2194 communionibus
896 2148 1112 2197 omnibus
1134 2168 1215 2198 seu
1236 2153 1528 2200 societatibus
1555 2155 1745 2218 quibus-

56 2232 251 2281 cumque
264 2218 321 2266 ab
335 2220 531 2269 Ecclesia
545 2240 737 2270 romana
751 2223 908 2272 divisis
932 2241 986 2273 ac
1003 2228 1225 2291 separatis
1236 2263 1249 2285 ,
1272 2246 1466 2293 quaeque
1489 2228 1740 2278 christiano

106 2390 158 2442 (l)
188 2390 332 2442 Optime
351 2395 447 2434 idem
470 2395 510 2434 S.
532 2395 671 2449 Mai-tyr
691 2426 701 2443 ,
726 2398 793 2436 lib.
820 2413 848 2448 1,
921 2400 1039 2437 vicem
1056 2429 1066 2447 ‚
1092 2402 1204 2451 quasi
1235 2402 1306 2453 qui
1327 2403 1407 2440 sint
1432 2416 1479 2441 ex
1506 2403 1628 2442 variis
1660 2405 1740 2456 aspi·
1802 2409 1804 2413 '

51 2471 93 2495 ex
115 2457 402 2496 contradictoriis
429 2461 689 2500 haereticorum
721 2462 855 2501 doctri·
921 2464 1058 2503 ritibus
1092 2467 1249 2505 erroris.
1272 2465 1327 2506 Et
1353 2481 1399 2505 ex·
1424 2467 1491 2507 hoc
1515 2470 1619 2507 enim
1646 2469 1738 2508 dili-

49 2520 110 2559 nis
125 2550 135 2569 ‚
162 2529 277 2573 atque
308 2536 350 2560 ex
370 2523 541 2564 Ecclesiae
567 2527 754 2567 catholicae
776 2557 787 2575 ‚
815 2531 855 2566 in
922 2536 1052 2579 qemer
1061 2544 1279 2582 coqnescere
1293 2540 1348 2570 est
1358 2562 1372 2582 ‚
1390 2539 1426 2571 et
1437 2547 1484 2571 ex
1495 2536 1708 2574 ostensione
1722 2566 1733 2584 ‚

48 2587 177 2626 cadem
199 2588 398 2635 tradenda,
418 2590 586 2629 firmitate
602 2600 637 2630 et
650 2596 855 2631 constantia
921 2607 1004 2631 eam
1027 2595 1204 2645 firmam,
1236 2611 1321 2649 quw
1347 2599 1395 2637 ab
1421 2597 1597 2638 Ecclesia
1626 2614 1730 2653 proe-

48 2652 260 2704 colligebat,
298 2668 359 2693 eos
392 2657 447 2707 agi
471 2656 659 2706 spiritibus
683 2660 815 2697 erroris
841 2686 853 2709 ‚
920 2659 1101 2710 dicacur,
1126 2664 1325 2701 veritatem
1344 2693 1354 2711 ,
1382 2670 1418 2702 et
1440 2665 1488 2703 ab
1521 2667 1573 2703 iis
1593 2695 1605 2713 ‚
1636 2666 1738 2717 quod

51 2716 148 2756 hanc
168 2726 292 2758 autem
323 2734 343 2758 a
369 2720 447 2758 Deo
473 2734 550 2759 esse
585 2722 765 2762 edoctam.
794 2722 855 2762 Sic
919 2725 1110 2776 finyitur,
1132 2727 1415 2780 falsiloquium.
1452 2729 1563 2782 Quod
1594 2730 1729 2771 deinde

1 2782 5 2790 ”
53 2773 157 2820 enini
188 2782 353 2830 disserit,
377 2798 458 2836 cap.
500 2797 549 2836 9,
583 2798 622 2824 n.
659 2784 685 2824 5
712 2800 722 2825 ε
748 2786 856 2844 Bene
920 2793 1153 2842 prosequitur
1170 2794 1263 2832 ibid.
1285 2808 1368 2845 cap.
1399 2807 1461 2833 10.

50 2843 187 2884 habere
202 2850 428 2899 putavimus
443 2849 634 2888 ostendere
649 2855 800 2903 primo,
813 2853 857 2890 in
978 2855 1029 2905 (2)
1047 2855 1124 2896 Cfr.
1139 2857 1342 2897 massuetus
1351 2859 1524 2898 adversus
1535 2859 1728 2906 Grabium,

51 2910 190 2962 quibus
218 2912 296 2964 {poi
310 2920 441 2965 patres
462 2914 747 2968 huju-§fabulae
765 2917 855 2967 (hae—
917 2918 1029 2958 Dias.
1047 2931 1091 2959 111
1109 2919 1292 2962 Irenaica
1311 2952 1322 2971 ,
1339 2932 1411 2962 art.
1433 2922 1459 2975 4
1473 2954 1484 2972 ,
1506 2939 1548 2964 n.
1564 2923 1609 2974 41
1633 2936 1731 2974 3ne0

19 3015 23 3018 ,
54 2977 273 3028 reticorum)
295 2978 512 3032 discrepant
531 2980 713 3021 adversus
730 2995 768 3020 se
789 2984 852 3021 in·
916 2998 991 3023 non
1010 2984 1121 3026 Card.
1143 2987 1203 3028 Du
1225 2988 1365 3028 Perron
1380 3019 1391 3038 ,
1416 2989 1487 3029 loc.
1503 2991 1566 3027 cit.
