2028 3354
207 215 299 262 398

680 233 833 263 TRAGT.
869 235 921 262 lm
958 233 1077 263 Locis
1113 234 1408 265 THEOLOGICIS.

867 346 1241 379 DtFFICULTATEs

272 466 380 513 583.
417 466 522 528 Obj.
579 467 742 530 prima.
805 469 853 513 1Ο
906 466 1113 514 Ecclesiae
1166 484 1368 515 romanae
1403 470 1753 533 praeeminentia
1794 480 1891 517 tota

205 551 389 606 accepta
420 542 660 589 referenda
688 553 757 589 est
785 543 1010 605 adjunctis
1043 545 1275 601 externis7
1305 545 1405 609 quie
1431 546 1480 591 in
1501 563 1603 592 eam
1625 547 1759 592 unice
1777 563 1894 593 con-

205 616 486 672 currebant,
517 618 685 682 quibus
714 628 878 683 suapte
911 628 1077 685 nature
1117 620 1364 666 auctoritas
1384 657 1396 679 7
1431 639 1519 685 qua
1559 622 1634 669 vel
1666 621 1724 668 ab
1760 623 1893 668 initio

204 694 397 741 Ecclesia
425 696 510 740 ista
537 696 681 759 potita
707 704 776 740 est
793 730 806 753 7
840 694 1128 758 intelligitur.
1160 697 1264 742 Haec
1292 706 1447 743 autem
1468 707 1576 743 sunt
1600 700 1650 760 a)
1670 716 1892 746 numerus

203 774 299 833 ejus
329 769 437 817 cleri
468 780 514 817 et
553 770 713 835 populi
747 769 844 834 (l),
879 773 925 833 b)
958 775 1053 833 ejus
1085 772 1259 818 divitiae
1288 782 1335 818 et
1369 773 1565 819 charitas
1599 774 1696 837 (2)3
1733 777 1774 838 c)
1796 780 1892 837 ejus

208 846 334 909 origo
368 846 615 911 apostolica
634 882 645 904 7
686 854 848 910 utpote
876 864 902 893 a
939 848 1073 893 Petro
1101 855 1146 893 et
1173 847 1312 893 Paulo
1343 849 1534 895 fundata
1567 849 1636 911 (3)
1655 886 1666 908 7
1703 868 1793 914 quo
1823 851 1895 896 fa-

206 932 332 979 ctum
353 933 423 969 est
448 932 496 968 ut
515 940 540 968 a
562 921 772 968 Patribus
805 923 940 968 Sedes
963 923 1104 969 Petra·
1128 934 1504 988 nuncuparetur-3
1526 927 1580 990 d)
1602 926 1777 990 puritas
1799 930 1894 988 ejus

205 998 343 1058 fidei,
384 1000 432 1045 in
467 1015 583 1062 qua,
619 1006 670 1043 ut
706 997 912 1061 loquitur
953 998 1179 1056 Irenaeus,
1220 1016 1402 1062 semper
1441 1011 1713 1048 conservata
1746 1011 1815 1048 est
1842 1018 1896 1047 ea

169 1079 171 1081 ’
206 1093 310 1141 quae
342 1084 412 1121 est
442 1075 504 1120 ab
525 1074 753 1134 Apostolis
778 1074 976 1120 traditio
996 1073 1091 1136 (4);
1117 1075 1158 1136 e)
1179 1072 1377 1136 dignitas
1402 1078 1670 1143 temporalis
1693 1094 1896 1124 romanae

205 1152 332 1199 urbis
352 1188 363 1209 7
398 1161 537 1215 prout
573 1152 625 1196 2⁰
649 1149 852 1196 declarat
878 1151 1015 1195 Cone.
1048 1149 1446 1211 Chalcedonense7
1473 1170 1572 1199 can.
1590 1155 1802 1212 XXV1117
1826 1154 1895 1200 his

261 1316 313 1367 (l)
344 1316 399 1354 De
425 1331 499 1368 quo
535 1315 727 1354 Cornelius
753 1317 792 1353 in
817 1314 943 1367 Epist.
971 1314 1022 1351 ad
1087 1327 1208 1363 uum3
1246 1313 1310 1352 ubi
1333 1315 1469 1362 refert,
1502 1317 1680 1355 universae
1706 1316 1821 1369 Syriae
1863 1327 1899 1356 et

208 1383 382 1421 Fabium
414 1381 722 1428 Antiochenam,
754 1382 851 1434 apud
883 1381 1019 1420 Euseb.

208 1452 247 1488 in
270 1448 378 1494 Eiet,
405 1449 535 1489 eccles.
570 1452 711 1501 vigente
733 1448 834 1486 Decii
850 1461 1019 1499 persecu-

209 1517 322 1554 tione.
349 1514 410 1553 Sic
437 1515 648 1566 Cyprianus
666 1515 831 1552 scribens
857 1514 901 1552 ad
929 1512 1017 1551 Cor-

209 1581 350 1619 nelium
389 1580 510 1632 Episc.
549 1595 644 1618 rom.
677 1581 841 1632 loquitur
874 1580 920 1617 de
950 1579 1021 1630 flo-

209 1647 428 1684 rentissimo
441 1646 522 1685 illic
537 1645 633 1684 clero
647 1660 771 1684 secum
788 1645 1018 1696 praesidente,

210 1720 245 1751 et
274 1712 320 1750 de
339 1713 582 1749 sanctissima
609 1718 644 1749 et
667 1710 904 1763 aonplissima
912 1709 1022 1761 plebe

211 1777 333 1828 (epist.
358 1780 437 1823 tv).
467 1777 623 1814 Irenaeus
659 1778 800 1815 disserit
820 1777 865 1815 de
893 1774 1018 1814 Eccle-

209 1845 262 1881 sia
311 1855 462 1880 romana
492 1873 501 1888 7
548 1852 724 1894 tanquam
769 1843 813 1880 de
861 1842 1019 1881 Ecclesia

217 1908 406 1947 maxima.

264 1972 317 2024 (Ξ)
348 1972 548 2024 Opuleutia
593 1985 754 2010 romanae
791 1971 896 2010 Sedis
936 1972 1020 2010 talis

209 2047 314 2086 erat,
348 2047 389 2077 ut
413 2040 522 2077 fuerit
556 2039 702 2090 speciali
736 2040 876 2076 ratione
907 2036 1020 2089 sugil-

209 2106 283 2143 lata
317 2103 365 2143 ab
405 2106 601 2144 Ammiano
655 2104 868 2144 Marcellino
908 2104 1020 2142 veluti

210 2184 318 2209 causa
358 2172 506 2209 violenti
535 2170 761 2218 schismatis,
798 2184 914 2221 quum
946 2168 1020 2206 Da-

212 2251 338 2275 masus
360 2244 395 2274 et
421 2236 574 2275 Ursinus
589 2236 852 2274 contenderent
877 2249 942 2286 pro
961 2233 1021 2272 illa

212 2301 306 2340 Sede
328 2302 425 2352 (lib.
452 2315 553 2340 xxvii
570 2332 580 2349 7
617 2300 688 2339 sub
718 2301 828 2339 {inem
857 2314 938 2351 cap.
956 2300 1020 2348 3).

214 2359 482 2406 Verumtamen
496 2368 631 2405 divitiae
649 2370 723 2405 istae
740 2366 1022 2418 profundeban-

213 2442 275 2471 tur
300 2435 341 2470 in
365 2447 472 2484 opera
502 2434 698 2472 charitatis.
731 2433 928 2483 Dionysius
949 2431 1021 2470 Co-

218 2497 331 2536 rinth.
348 2498 436 2549 Epis
450 2513 625 2551 copusscr
637 2499 740 2536 ibens
762 2498 807 2534 ad
823 2498 1023 2535 Ecclesiam

214 2577 308 2602 rom.
343 2567 509 2614 tempore
544 2561 689 2610 Soteri,
735 2565 829 2601 circa
858 2561 1024 2599 medium

215 2629 328 2669 seculi
349 2640 376 2666 ιι
392 2641 403 2669 2
427 2630 528 2667 Hoec
550 2658 558 2674 ,
577 2631 703 2680 inquit
719 2658 729 2675 7
743 2628 849 2665 vobis
867 2640 1025 2665 consue-

214 2695 304 2733 tudo
325 2700 378 2732 est
394 2696 485 2748 jam
519 2694 610 2732 inde
635 2695 682 2731 ab
710 2696 792 2746 ipso
825 2693 1026 2744 reliqionis

213 2759 369 2800 exordio
383 2789 394 2808 ,
434 2767 476 2798 ut
509 2761 651 2811 fratres
690 2772 817 2798 omnes
848 2761 1027 2797 universo·

214 2826 485 2878 beneficiorum
522 2839 659 2877 yenere
708 2825 884 2877 afficiatis
899 2852 911 2872 ‚
959 2833 1025 2864 etc.

219 2891 496 2944 (apudJEuseb.
521 2891 590 2930 lib.
611 2904 663 2939 iv,
685 2905 719 2929 c.
740 2891 829 2936 23).
851 2887 1026 2943 Ejusdem

218 2958 406 2996 charitatis
430 2958 600 2996 meminit
617 2956 820 3009 Dionysius
839 2954 951 2995 Alex.
968 2969 1025 2994 se-

217 3023 302 3063 culo
325 3025 541 3077 insequente
562 3053 571 3071 7
607 3025 646 3060 in
671 3027 776 3073 epist.
800 3021 846 3060 ad
875 3020 1027 3073 Stepha-

1088 1378 1231 1417 Arabiae
1252 1383 1450 1418 necessaria
1475 1396 1495 1419 a
1514 1395 1608 1420 rom.
1633 1381 1789 1421 Ecclesia
1810 1398 1897 1434 sup-

1088 1445 1247 1495 peditata
1271 1445 1381 1483 fnisse
1403 1445 1518 1493 (ibid.
1540 1446 1608 1488 lib,
1627 1461 1673 1484 vu
1689 1476 1698 1494 7
1719 1461 1804 1499 cap.
1834 1447 1895 1496 5).

1089 1508 1149 1546 Nil
1174 1524 1281 1561 porro
1302 1512 1436 1548 mirum
1453 1525 1528 1549 esse
1548 1511 1672 1561 debet,
1707 1515 1736 1549 si
1760 1514 1897 1551 divitiae

1089 1575 1182 1613 bene
1201 1576 1292 1614 adeo
1313 1590 1480 1628 expensae
1508 1577 1785 1616 conciliaverint
1808 1578 1896 1617 Sedi

1089 1654 1184 1680 rom.
1209 1643 1453 1681 universalem
1477 1645 1762 1683 venerationem.

1144 1706 1197 1756 (3)
1226 1707 1280 1745 Ita
1306 1707 1464 1746 Irenaeus
1482 1739 1491 1753 7
1518 1710 1581 1760 qui
1598 1709 1763 1761 loquitur
1779 1709 1823 1746 de
1837 1723 1902 1747 ea-

1089 1773 1174 1811 dem
1189 1773 1350 1813 Ecclesia
1362 1773 1473 1814 veluti
1489 1776 1534 1812 de
1548 1775 1698 1813 ecclesia
1711 1776 1900 1821 maxima,

1086 1847 1122 1878 et
1140 1841 1412 1891 antiquissima
1434 1848 1467 1877 et
1487 1840 1663 1877 omnibus
1680 1841 1830 1891 coqm'ta
1846 1865 1858 1882 ,
1876 1852 1901 1877 a

1085 1906 1374 1957 qloriosissimis
1391 1906 1536 1943 duobus
1567 1904 1763 1958 Apostolis
1787 1904 1900 1944 Petro

1086 1979 1122 2010 et
1144 1969 1267 2010 Paulo
1291 1971 1425 2011 Romoe
1437 1970 1607 2022 fundata
1632 1978 1668 2009 et
1692 1972 1901 2011 constituta

1088 2039 1100 2088 (
1119 2038 1186 2077 lib.
1206 2051 1246 2075 111
1268 2068 1278 2085 7
1297 2051 1378 2089 cap.
1397 2037 1421 2075 3
1434 2039 1463 2087 )·
1481 2036 1651 2089 Synodus
1682 2035 1900 2075 antiochena

1089 2105 1250 2155 agnovit,
1272 2104 1370 2155 quod
1392 2105 1431 2141 in
1447 2105 1586 2154 scriptis
1599 2116 1726 2140 omnes
1743 2100 1903 2139 libenter

1086 2170 1311 2209 honorarent
1334 2169 1533 2208 Ecclesiam
1557 2182 1649 2206 rom.
1667 2174 1793 2218 utpote
1810 2179 1894 2218 quae

1087 2236 1145 2274 vel
1166 2236 1211 2274 ab
1230 2237 1334 2273 initio
1355 2234 1477 2272 schola
1494 2233 1603 2270 fuerit
1621 2230 1893 2283 Apostolorum,

1087 2315 1130 2340 ac
1155 2302 1339 2352 religionis
1365 2299 1585 2352 metropolis.
1604 2298 1782 2337 Peculiari
1811 2312 1895 2336 vero

1088 2366 1199 2404 modo
1212 2366 1391 2404 honorata
1405 2374 1458 2404 est
1473 2395 1483 2411 7
1503 2379 1545 2403 eo
1560 2365 1658 2417 quod
1673 2366 1706 2402 ei
1721 2364 1898 2416 praesede-

1089 2433 1138 2470 rit
1148 2430 1274 2469 Petrus
1287 2432 1427 2481 primus
1441 2430 1698 2483 Apostolorum
1713 2461 1722 2477 7
1738 2444 1780 2469 ac
1790 2443 1899 2481 prop-

1089 2505 1188 2535 terea
1213 2511 1233 2534 a
1270 2496 1438 2547 pluribus
1467 2496 1635 2534 Patribus
1658 2493 1767 2533 Petri
1797 2493 1898 2532 sedes

1089 2571 1301 2612 nuncupata
1317 2572 1384 2602 est.

1145 2629 1195 2679 (lt)
1228 2629 1319 2667 Loo.
1340 2632 1405 2668 cit.
1428 2615 1525 2668 Sane
1537 2643 1633 2668 rom.
1652 2629 1807 2668 Ecclesia
1827 2626 1898 2663 sol-

1092 2695 1191 2733 licita
1218 2709 1359 2746 semper
1380 2696 1451 2734 fuit
1477 2696 1522 2734 de
1546 2693 1788 2734 conservanda
1812 2706 1899 2730 vera

1091 2760 1165 2799 fide
1189 2761 1235 2798 ab
1248 2763 1497 2800 remotissimis
1507 2773 1622 2813 usque
1648 2757 1872 2808 temporibus
1889 2783 1899 2798 ‚

1093 2826 1272 2864 damnans
1286 2834 1321 2873 et
1338 2826 1478 2878 pellens
1498 2825 1705 2868 Gnosticos‚
1732 2822 1899 2860 Artemo-

1094 2892 1207 2930 nistas
1225 2921 1235 2939 ,
1258 2899 1328 2931 etc.
1346 2905 1358 2942 3
1376 2900 1411 2931 et
1431 2892 1576 2929 furente
1601 2889 1821 2928 Ariauorum
1841 2890 1901 2925 in-

1096 2957 1195 2994 sania
1213 2986 1224 3004 7
1246 2956 1324 3008 ipsa
1337 2957 1407 2996 fuit
1428 2956 1512 2994 fidei
1535 2954 1723 2994 catholicae
1738 2966 1900 3005 propug-

1093 3020 1285 3060 naculum.
