2028 3354
159 217 251 265 168

646 235 802 264 TRACT.
842 235 896 264 DE
932 235 1049 267 LOCIS
1083 236 1382 267 THEOLOGICIS.

155 348 245 397 illis
272 347 502 395 miraculis
521 382 541 404 „
559 364 665 409 quoe
696 364 754 393 ecc
781 347 961 394 Christi
978 351 1231 410 promissis
1257 352 1378 412 fiant
1409 350 1459 395 in
1495 366 1598 397 vera
1629 352 1725 411 ejus
1754 349 1837 395 Ec-

157 424 322 483 clesia,
361 423 422 470 ad
449 422 592 487 ipsius
628 423 923 470 sanctitatem
957 424 1390 472 commendandam.
1432 427 1519 472 Res
1552 424 1749 491 proinde
1778 424 1839 471 ad

156 500 363 547 criticam
399 496 695 557 devolvitur,
726 499 852 564 quod
886 499 924 545 si
957 498 1102 546 semel
1135 500 1392 547 constiterit
1434 500 1490 548 de
1531 501 1840 566 posteriorum

155 574 485 622 miraculorum
511 574 706 622 veritate
731 578 864 637 juxta
891 592 1064 624 severae
1085 574 1262 622 critices
1290 576 1467 638 regulas
1487 613 1499 635 ,
1531 578 1627 624 haec
1651 593 1841 624 omnem

156 652 253 700 vim
284 668 416 698 suam
438 649 617 697 habent
646 650 706 697 ad
730 651 899 711 finem,
932 652 982 697 in
1012 668 1153 715 quem
1181 659 1444 715 patrantur.

221 726 334 773 268.
374 725 442 772 Ad
462 727 528 773 3¹1²
544 762 556 785 ,
583 728 708 774 Dist.
728 726 891 792 Aliqua
908 761 920 785 ,
942 743 1095 781 conc.,·
1115 727 1296 784 omnia,
1320 744 1421 790 ηθ9.
1445 728 1843 793 Responsiopatet

159 820 218 851 ex
240 802 371 849 dictis
391 803 442 849 in
467 801 696 850 solutione
716 801 1199 867 primae-difficultatis.
1229 803 1447 850 Ceterum
1473 804 1518 850 S.
1537 806 1732 852 Irenaeus
1746 805 1842 868 (1),

159 877 472 926 Tertullianus
486 877 577 942 (2),
598 878 856 941 Cyprianus
869 877 964 942 (3),
988 878 1233 942 Dionysius
1255 879 1384 925 Alex.
1403 879 1499 943 (4),
1519 879 1742 927 Eusebius
1754 879 1843 942 (5),

158 954 435 1001 Athanasius
469 954 566 1017 (6),
599 954 911 1019 Hieronymus
945 953 1045 1017 (7),
1071 954 1289 1001 Paulinus
1317 954 1415 1017 (8)Ἰ
1454 955 1680 1020 Sulpicius
1706 955 1845 1003 Seve-

156 1047 237 1077 rus
264 1029 336 1093 (9)
355 1066 369 1089 ,
405 1029 685 1092 Augustinus
716 1029 848 1093 (10),
882 1030 1126 1092 Gregorius
1157 1032 1220 1077 M.
1254 1030 1382 1093 (ll),
1421 1030 1682 1077 Bernardus
1708 1031 1812 1094 (12)
1833 1066 1846 1089 ,

157 1114 212 1152 ut
235 1105 346 1152 alios
373 1114 674 1170 praeteream,
705 1122 758 1153 ea
782 1105 991 1153 referunt
1016 1104 1264 1163 miracula,
1287 1105 1362 1154 vel
1385 1123 1584 1170 quorum
1599 1124 1696 1153 sese
1717 1106 1850 1153 exhi-

156 1181 275 1230 bent
295 1181 498 1229 oculatos
526 1190 665 1229 testes
681 1218 694 1241 ,
727 1180 804 1230 vel
829 1198 930 1246 quae
951 1200 976 1228 a
1001 1180 1197 1229 testibus
1221 1182 1389 1230 coaevis
1412 1190 1459 1229 et
1482 1182 1575 1230 fide
1603 1181 1753 1246 dignis
1772 1199 1850 1229 ac-

158 1265 399 1323 ceperunt.
424 1256 634 1316 Accedit,
656 1256 884 1304 nonnulla
903 1256 1125 1304 miracula
1146 1257 1285 1304 fuisse
1304 1256 1487 1321 publica
1501 1267 1547 1305 et
1566 1258 1614 1303 in
1640 1258 1851 1304 omnium

160 1341 411 1399 conspectu
430 1333 605 1398 posita,
632 1332 887 1395 cujusmodi
908 1333 996 1380 fuit
1020 1333 1145 1398 quod
1166 1333 1216 1379 in
1237 1333 1490 1397 Typacensi
1511 1334 1726 1391 civitate,
1750 1350 1852 1399 per·

160 1410 399 1459 secutione
421 1408 660 1460 vandalica
680 1409 924 1469 saeviente,
954 1409 1128 1455 factum
1153 1417 1224 1456 est
1242 1408 1345 1472 (13)
1363 1428 1376 1466 ς
1402 1408 1488 1455 alia
1508 1409 1848 1474 permanentia,

218 1576 271 1628 (1)
305 1573 416 1614 Com.
441 1575 571 1614 haeres.
599 1573 670 1615 lib.
705 1588 757 1624 n,
788 1588 871 1627 cap.
896 1575 972 1624 32,

162 1641 253 1680 edit.
286 1640 463 1679 Massueti
480 1640 544 1678 ubi
571 1639 730 1678 ostendit
747 1669 758 1688 ‚
778 1653 977 1679 commune

163 1706 288 1745 adhuc
309 1721 373 1745 sua
393 1714 498 1745 aetate
526 1706 637 1744 fuisse
662 1706 927 1745 miraculorum
942 1714 978 1744 et

165 1772 426 1812 charismatum
465 1772 606 1810 donum
640 1772 680 1808 in
713 1770 876 1814 Ecclesia
918 1784 977 1809 ca-

166 1837 316 1876 thelica.

220 1902 276 1952 (2)
307 1901 391 1940 Lib.
420 1899 478 1939 De
499 1902 631 1939 anima
647 1930 659 1948 ,
678 1915 761 1953 cap.
791 1899 835 1939 51
864 1929 874 1947 ‚
890 1901 976 1939 edit.

167 1967 256 2020 Rig.
276 1969 317 2005 in
342 1981 454 2020 quem
475 1966 598 2005 locum
623 1967 694 2005 cfr.
715 1975 811 2005 notae
838 1966 882 2004 P.
909 1965 977 2005 La-

167 2032 284 2073 Cerda
316 2040 352 2072 et
383 2030 567 2079 Gretzeri‚
593 2034 633 2070 in
659 2032 878 2073 Ani-mado.
904 2034 978 2083 ju-

173 2099 322 2136 nianis.

225 2162 278 2215 (3)
309 2163 394 2202 Lib.
426 2161 491 2201 De
526 2162 644 2216 lapsis
675 2192 685 2210 ‚
722 2162 809 2201 edit.
852 2162 978 2203 Maur.

171 2240 256 2282 pag.
290 2226 380 2283 189.

225 2292 279 2345 (4)
312 2293 443 2347 Epist.
458 2307 523 2332 vui
539 2323 549 2341 ‚
564 2293 615 2331 ad
635 2292 856 2332 Philemon.
869 2292 978 2332 Rom.

169 2358 275 2397 Eccl.
305 2359 474 2411 presbyt.
511 2372 599 2411 opp.
618 2358 710 2398 edit.
733 2358 780 2396 de
802 2358 982 2409 Magistris

172 2422 282 2462 Rom.
300 2422 403 2476 1796
417 2453 427 2470 ,
442 2438 526 2476 pag.
544 2421 635 2473 1563
648 2431 683 2461 et
695 2421 929 2476 ibid.Epist.
948 2437 984 2462 xx

174 2488 324 2526 advers.
358 2488 543 2527 German.
574 2488 736 2540 presbyt.
769 2501 854 2540 pag.
881 2486 953 2527 165
971 2518 983 2537 ‚

175 2553 242 2592 ubi
267 2555 379 2592 etiam
408 2555 519 2594 refert
556 2553 718 2593 visiones
752 2553 823 2591 sibi
853 2567 873 2590 a
909 2552 986 2592 Deo

174 2618 306 2658 factas.

230 2684 289 2734 (ὅ)
318 2682 430 2722 Hist.
462 2682 549 2722 eccl.
568 2683 622 2721 lib
648 2691 684 2721 vi
701 2712 711 2731 ‚
734 2694 817 2734 cap.
834 2696 876 2735 9,
896 2684 985 2723 edit.

174 2747 298 2788 Vales.
320 2757 356 2788 et
378 2747 447 2787 lib.
475 2761 516 2786 ix
531 2747 627 2796 ,De
646 2748 880 2799 martyribus
905 2748 987 2789 Pa-

174 2813 337 2853 lestinoe.

235 2879 289 2932 (6)
318 2878 375 2917 In
391 2880 470 2917 vita
491 2878 535 2918 S.
564 2879 757 2928 Antonii,
779 2878 832 2930 54
854 2889 888 2919 et
911 2880 960 2932 57
976 2910 990 2930 ,

178 2945 269 2984 edit.
281 2942 405 2985 Maur.
420 2958 507 2997 opp.
525 2952 617 2984 tom.
634 2958 661 2990 ι,
675 2953 771 2998 part.
786 2956 828 2995 n,
840 2960 878 2997 p.
894 2944 991 2997 836,

179 3019 215 3049 et
238 3025 320 3063 pag.
351 3010 431 3064 839
447 3020 484 3052 et
510 3024 612 3063 seqq.

1097 1572 1150 1623 (7)
1178 1570 1232 1611 In
1265 1574 1346 1611 vita
1377 1574 1421 1614 S.
1447 1571 1696 1621 Hilarionis,
1730 1588 1767 1613 n.
1802 1573 1855 1626 39

1041 1646 1079 1678 et
1107 1652 1214 1692 seqq.
1249 1653 1337 1691 opp.
1372 1639 1457 1678 edit.
1481 1638 1634 1678 Vallars.
1676 1647 1767 1679 tom.
1798 1651 1852 1685 ιι,

1043 1717 1128 1756 pag.
1153 1702 1205 1742 36
1227 1711 1261 1742 et
1282 1718 1385 1756 seqq.
1407 1712 1443 1742 et
1463 1705 1503 1742 in
1515 1704 1583 1742 lib.
1602 1703 1716 1744 Com.
1736 1703 1783 1742 V
1777 1705 1854 1756 iqi-

1043 1768 1139 1808 lant.
1164 1784 1205 1808 n.
1230 1780 1259 1807 11
1280 1799 1290 1814 ,
1320 1770 1371 1808 ib.
1401 1783 1484 1821 pag.
1519 1769 1613 1822 397.

1098 1832 1150 1884 (8)
1179 1832 1235 1871 In
1251 1841 1427 1886 poemate
1448 1847 1542 1873 xxix
1559 1865 1569 1882 ‚
1601 1834 1692 1874 edit.
1719 1834 1848 1874 Mura-

1042 1900 1125 1937 torii
1168 1899 1306 1938 Veron.
1355 1898 1458 1950 1736
1483 1930 1493 1948 ‚
1534 1909 1569 1940 et
1615 1902 1655 1939 in
1689 1900 1851 1953 append.

1044 1964 1117 2002 col.
1146 1964 1241 2017 932.

1100 2027 1152 2077 (9)
1181 2027 1246 2066 De
1261 2031 1339 2066 vita
1354 2027 1399 2068 S.
1416 2029 1602 2079 Martini,
1619 2031 1708 2070 etde
1725 2032 1855 2070 eadem

1049 2091 1209 2143 Dialoqi
1230 2099 1303 2131 tres
1316 2122 1327 2142 ,
1343 2093 1430 2133 edit.
1457 2092 1679 2147 Hieronymi
1692 2095 1737 2133 de
1747 2096 1855 2134 Prato

1046 2157 1407 2197 Veronens.veronae
1427 2172 1439 2196 i
1450 2158 1522 2210 2⁷4¹
1534 2188 1544 2198 .
1560 2159 1640 2198 Cfr.
1653 2161 1764 2198 etiam
1778 2174 1856 2199 eru·

1047 2224 1114 2262 diti
1141 2225 1287 2264 editoris
1305 2225 1484 2264 dissertat.
1511 2228 1550 2264 in
1570 2226 1762 2265 eumdem.

1103 2289 1180 2339 (10)
1212 2288 1268 2328 De
1310 2292 1463 2330 civitate
1495 2290 1577 2330 Dei
1591 2320 1602 2339 ,
1641 2291 1714 2330 lib.
1751 2304 1828 2331 xxu
1844 2321 1855 2339 ‚

1049 2368 1131 2406 cap.
1156 2353 1195 2393 8.

1108 2419 1185 2471 (11)
1216 2420 1262 2458 In
1290 2429 1449 2474 quatuor
1467 2420 1570 2461 libris
1589 2420 1856 2474 Dialoyoram‚

1052 2487 1090 2522 in
1116 2497 1207 2536 quos
1239 2485 1308 2543 cfr..
1347 2487 1448 2538 praef.
1484 2488 1573 2527 edit.
1609 2487 1729 2528 Maur.
1769 2502 1857 2540 opp.

1024 2575 1026 2577 -
1054 2556 1148 2589 tom.
1167 2564 1210 2598 11,
1232 2563 1319 2604 pag.
1349 2564 1362 2589 1
1376 2552 1423 2590 13
1438 2560 1473 2591 et
1484 2567 1589 2606 seqq.

1110 2612 1189 2666 (12)
1220 2615 1264 2653 In
1289 2616 1357 2656 lib.
1378 2614 1436 2656 De
1461 2619 1542 2657 vita
1561 2625 1597 2657 et
1618 2618 1728 2657 rebus
1745 2618 1861 2669 qestis

1056 2680 1102 2719 S.
1128 2680 1340 2721 Malackiae
1357 2712 1368 2731 ‚
1396 2698 1478 2736 cap.
1508 2698 1553 2736 17
1585 2692 1619 2723 et
1639 2697 1744 2736 seqq.
1769 2695 1860 2736 prae-

1057 2748 1182 2785 sertim
1212 2761 1292 2799 cap.
1328 2760 1409 2803 29,
1450 2749 1539 2789 edit.
1571 2749 1692 2789 Maur.
1713 2749 1789 2789 vol.
1819 2764 1857 2800 ι,

1058 2825 1142 2863 pag.
1163 2809 1240 2850 680
1259 2822 1294 2851 et
1314 2828 1421 2867 seqq.
1458 2828 1460 2831 ’

1114 2876 1195 2928 (13)
1224 2877 1280 2917 De
1300 2892 1374 2931 quo
1399 2880 1471 2918 cfr.
1492 2878 1617 2918 Victor
1635 2878 1794 2919 vitensis
1823 2882 1862 2918 in

1059 2940 1142 2978 hist.
1166 2943 1429 2983 Persecution.
1456 2942 1503 2982 V
1498 2944 1712 2994 andaliaae,
1732 2945 1801 2984 lib.
1814 2959 1853 2993 v,

1055 3018 1137 3059 cap.
1155 3010 1197 3053 6.
1225 3012 1444 3053 miraculum
1465 3014 1562 3054 istud
1580 3027 1663 3054 vere
1688 3024 1863 3065 magnum
