2028 3354
188 163 281 211 330

683 181 843 210 TRACT.
879 180 935 210 DE
968 182 1087 213 LOCIS
1122 184 1421 215 THEOLOGICIS.

188 298 313 346 solus
337 298 424 344 fuit
459 297 637 343 Petrus.
672 293 807 352 Quod
835 295 1041 342 ostendit
1063 296 1202 343 series
1237 299 1462 346 sermonis
1498 298 1641 364 ipsius
1676 298 1846 346 Christi
1870 337 1882 359 7

191 374 270 439 qui
288 382 535 439 propterea
557 370 726 433 adjecit
749 387 759 416 :
784 370 855 418 Et
871 387 948 434 090
976 371 1081 417 dico
1112 373 1205 418 tihi
1221 408 1237 429 ,
1261 383 1332 421 etc
1354 374 1442 438 (1)
1463 375 1517 421 20
1537 375 1654 433 Quia
1676 375 1886 422 Christus

191 449 413 514 singulari
444 465 641 495 numero
677 446 928 512 alloquitur
964 446 1116 494 solum
1157 449 1364 497 Petrum.
1405 452 1457 498 30
1495 451 1627 509 Quod
1659 452 1695 498 si
1725 452 1888 499 ceteris

192 525 420 592 Apostolis
451 526 570 573 facta
589 534 658 572 est
682 525 943 572 communis
962 525 1204 589 responsio
1221 526 1348 572 Petri
1368 563 1381 585 7
1413 528 1463 574 id
1489 537 1676 575 tantum
1698 528 1890 591 contigit

190 620 277 669 per
307 603 661 649 consensionem
680 610 727 648 et
747 600 1160 666 approbationem7
1190 617 1286 649 non
1314 611 1472 650 autem
1493 604 1580 651 alia
1596 606 1810 664 ratione3
1839 621 1891 651 ac
1953 614 1955 617 “

192 678 394 745 proinde
417 716 429 739 7
471 678 600 743 quod
639 695 928 741 consequens
962 686 1033 724 est
1064 695 1115 724 ac
1146 680 1304 724 Patres
1342 678 1599 739 adnotant7
1626 683 1768 728 etiam
1806 698 1892 746 per

188 758 617 820 participationem
633 763 678 801 et
690 756 956 818 quamdam
981 758 1467 801 communicationem
1486 755 1594 803 facti
1615 766 1661 803 et
1674 758 1759 822 ipsi
1783 765 1894 804 sunt

183 841 329 896 petra
375 841 422 879 ec
454 832 838 894 fundamentum
879 829 1085 878 Ecclesiae
1107 866 1120 888 7
1163 847 1248 895 per
1278 829 1595 878 adhaesionem
1627 831 1686 879 ad
1712 842 1896 897 petram

194 907 503 974 principalem
524 942 538 968 7
571 923 672 972 quae
695 905 782 953 fuit
802 908 966 953 Petrus
988 905 1072 971 (2).
1095 906 1171 952 Ex
1197 905 1268 952 his
1292 908 1433 953 etiam
1457 916 1589 972 patet
1604 944 1616 966 7
1643 924 1735 972 quo
1759 925 1900 955 sensu

193 983 363 1032 dixerit
394 986 704 1047 Hieronymus
731 1001 743 1029 ι
785 983 944 1045 Super
967 999 1126 1029 omnes
1151 985 1389 1046 Apostolos
1422 1000 1479 1030 ece
1505 1001 1637 1047 oequc
1676 984 1902 1032 Ecclesiae

191 1061 427 1123 fortitudo
459 1061 698 1107 solidatur
720 1058 793 1123 (3)
812 1095 824 1118 7
860 1057 1079 1124 quodque
1112 1058 1245 1105 nobis
1269 1057 1403 1121 objici
1437 1059 1572 1106 solet.

263 1137 375 1184 489.
417 1136 486 1184 Ad
522 1136 613 1196 3⁶¹7
646 1137 773 1183 Dist.
809 1134 898 1182 Sed
924 1134 1104 1183 diversa
1134 1135 1314 1181 ratione
1333 1134 1392 1181 ab
1424 1152 1477 1182 ea
1496 1172 1508 1195 7
1539 1153 1628 1200 qua
1654 1135 1739 1183 soli
1766 1137 1904 1183 Petro

197 1213 400 1261 clavium
437 1221 719 1278 potestatem
756 1212 999 1277 promisit7
1034 1228 1192 1265 conc.;
1225 1210 1388 1258 eadem
1413 1212 1620 1271 ratione7
1647 1229 1749 1275 neq.
1786 1214 1906 1259 Nam

199 1289 368 1355 reliqui
393 1289 619 1359 Apostoli7
641 1288 873 1354 quidquid
900 1296 1179 1353 acceperunt
1198 1324 1211 1346 7
1238 1298 1518 1352 acceperunt
1536 1289 1585 1335 in
1605 1289 1908 1337 communiet

199 1384 292 1413 una
317 1384 425 1414 cum
453 1368 617 1424 Petr03
646 1367 807 1413 Petrus
829 1382 957 1422 vero7
982 1363 1209 1429 quidquid
1230 1365 1406 1429 accepit
1424 1399 1438 1421 7
1461 1365 1637 1430 accepit
1652 1382 1862 1412 seorsum
1880 1382 1904 1411 a

200 1442 391 1508 reliquis
411 1460 464 1490 ac
483 1441 794 1506 singulariter.
819 1442 939 1488 Hinc
958 1458 1098 1488 omne
1115 1440 1183 1499 id,
1206 1439 1332 1505 quod
1354 1442 1494 1487 ceteri
1514 1441 1745 1506 Apostoli,
1768 1441 1909 1488 etiam

257 1586 306 1637 (l)
339 1585 489 1638 Optime
509 1584 552 1623 S.
580 1584 652 1623 Leo
675 1584 729 1622 M.
755 1586 804 1623 ita
834 1583 1025 1623 Christum

930 1649 1024 1687 Ideo

203 1719 334 1757 beatus
348 1731 386 1755 es
407 1747 417 1764 7
435 1719 529 1768 quia
552 1723 585 1753 te
611 1714 728 1753 Pater
747 1729 853 1753 meas
870 1715 1020 1764 docuit,

203 1798 273 1822 nec
291 1791 441 1821 terrena
467 1783 597 1834 opinio
622 1788 656 1818 te
681 1780 820 1832 fefellit
835 1811 844 1828 7
871 1781 936 1818 sed
954 1783 1023 1818 in—

204 1851 366 1903 spiratio
415 1848 573 1888 coelestz's
603 1849 792 1885 instruxit
818 1865 832 1893 ;
876 1853 911 1884 et
945 1859 1025 1884 non

209 1929 298 1954 caro
318 1922 352 1953 et
368 1916 527 1965 sanquis
543 1943 553 1962 7
579 1913 643 1951 sed
674 1912 737 1951 ille
758 1927 816 1950 me
831 1912 905 1950 tibi
918 1941 930 1960 7
953 1925 1021 1950 cu·-

193 1983 268 2035 jus
282 1994 368 2019 sum
383 1981 608 2031 nniqenitus
618 1978 661 2015 F
659 1978 754 2016 ilias
771 2008 783 2026 7
813 1980 830 2015 i
835 1977 1020 2015 indicavit.

207 2045 261 2087 Et
288 2059 380 2097 eqo,
415 2047 569 2097 inquit7
600 2044 684 2082 dico
713 2044 813 2088 tibi,
843 2043 910 2082 hoc
945 2050 1023 2092 est,

208 2114 308 2150 sicut
342 2109 461 2150 Pater
504 2124 610 2149 meus
653 2110 727 2148 tibi
765 2109 1027 2161 manifestavit

202 1653 355 1692 Petrum
389 1651 638 1703 alloquentem
681 1650 826 1688 inducit
866 1663 876 1687 :

209 2179 457 2217 divinitatem
478 2191 601 2216 meam
619 2207 629 2225 7
648 2181 705 2215 ita
723 2190 788 2228 eqo
805 2176 876 2215 tibi
897 2183 1027 2213 notam

204 2246 310 2296 facio
334 2243 596 2283 excellentiam
632 2251 752 2281 tuam.
792 2240 897 2292 Quia
922 2248 964 2279 tu
990 2254 1028 2279 es

212 2309 351 2349 Petrus
369 2340 380 2355 ,
415 2310 458 2348 id
481 2317 561 2359 est,
589 2323 675 2347 cum
704 2322 770 2360 eqo
800 2309 875 2345 sim
899 2308 1027 2345 invio-

213 2376 342 2415 labilis
358 2383 471 2428 petra
484 2406 495 2420 ,
510 2389 575 2427 eqo
598 2375 697 2428 lapis
712 2373 918 2425 anqularz's
932 2403 942 2420 7
960 2374 1030 2424 qni

209 2443 315 2493 facio
338 2449 500 2492 utraque
524 2454 648 2478 unum
668 2469 680 2484 ,
710 2453 775 2491 eqo
794 2438 1030 2489 fundamen-

213 2513 314 2551 tum,
341 2513 485 2558 proeter
506 2506 606 2558 quod
638 2518 749 2544 nemo
770 2511 892 2558 potest
914 2503 1034 2543 aliud

208 2584 377 2624 ponere;
407 2578 533 2609 tamen
568 2577 611 2609 tu
646 2583 791 2622 qnoque
818 2577 928 2622 petra
961 2584 1000 2609 es
1018 2600 1029 2619 7

214 2639 308 2689 quia
339 2649 424 2674 mea
450 2638 591 2674 virtute
619 2635 797 2674 solidaris
815 2666 824 2684 7
851 2642 918 2683 ut,
946 2649 1031 2688 quoe

216 2702 504 2755 mihipotestate
512 2710 601 2740 sunt
606 2702 783 2755 propria,
791 2703 869 2740 sint
876 2702 948 2741 tibi
956 2717 1032 2742 me-

219 2782 307 2807 cum
333 2769 632 2821 participatione
652 2768 888 2806 communia.
919 2768 1039 2808 Serm.

220 2850 259 2874 ιν
273 2865 284 2883 ,
299 2833 357 2873 De
373 2833 501 2873 natali
510 2835 636 2886 ipsius
650 2848 687 2873 ιν
702 2863 712 2884 ,
731 2842 823 2873 tom.
839 2848 868 2884 17
884 2835 953 2874 col.
972 2848 1039 2887 177

225 2901 314 2940 edit.
339 2900 474 2940 Baller.

283 2967 341 3019 (2)
367 2964 446 3005 Csr.
469 2964 578 3005 Card.
604 2964 662 3004 Du
689 2964 823 3004 Perron
841 2995 851 3012 7
882 2966 953 3004 loc.
977 2969 1041 3005 cit.

1092 1583 1214 1634 Atque
1228 1584 1278 1620 ita
1296 1591 1472 1620 corruunt
1493 1582 1721 1635 objectiones
1736 1582 1764 1620 F
1767 1582 1911 1621 ebronii

1091 1656 1127 1688 et
1171 1648 1292 1700 Eybel
1333 1649 1568 1701 aliorumque
1600 1651 1779 1700 primatus
1811 1648 1913 1686 Petri.

1095 1728 1258 1752 osorum.

1149 1778 1203 1828 (3)
1234 1778 1343 1817 Cone.
1369 1778 1575 1816 Jovinian.
1598 1778 1668 1816 lib.
1696 1792 1733 1827 17
1766 1794 1808 1817 n.
1842 1777 1910 1825 267

1092 1847 1156 1886 ubi
1171 1854 1343 1898 praeterea
1367 1847 1547 1898 evestigio
1572 1845 1695 1884 subdit
1722 1859 1733 1884 :
1761 1845 1912 1884 Tamen

1085 1919 1286 1965 propterea
1310 1913 1410 1949 inter
1442 1910 1640 1949 duodecim
1672 1924 1776 1950 unm
1801 1910 1912 1962 eliqi-

1091 1986 1157 2016 tur
1173 2008 1183 2025 7
1207 1985 1271 2026 ut,
1290 1980 1415 2029 capite
1435 1978 1639 2015 constituto
1656 2006 1666 2023 7
1695 1976 1919 2015 schismatis.

1092 2044 1247 2083 tollatur
1269 2045 1431 2082 occasio.
1457 2043 1557 2083 Edi-t.
1576 2043 1732 2081 vallars.
1749 2051 1840 2081 tom.
1865 2055 1910 2088 η,

1092 2112 1165 2150 col.
1181 2123 1273 2165 279.
1294 2111 1468 2149 Ceterum
1485 2139 1495 2157 7
1521 2123 1608 2148 cum
1632 2107 1810 2147 nonnulli
1823 2121 1912 2160 pro-

1093 2185 1265 2216 testantes
1278 2176 1618 2222 animadverterint,
1635 2188 1827 2226 perperam
1847 2174 1913 2212 de-

1094 2243 1255 2295 torqueri
1271 2244 1310 2280 in
1327 2241 1441 2279 alium
1463 2252 1609 2278 sensum
1632 2238 1771 2277 Christi
1782 2238 1913 2287 verba,

1095 2308 1195 2361 qnod
1222 2321 1415 2359 nunquam
1433 2313 1539 2344 antea
1561 2312 1808 2357 pertentatum
1830 2304 1913 2343 fue-

1094 2382 1176 2420 rat7
1203 2381 1306 2412 aetate
1340 2372 1411 2410 hac
1449 2378 1572 2409 nostra
1610 2371 1738 2409 saltem
1770 2372 1811 2408 in
1843 2370 1914 2408 du-

1095 2440 1202 2478 bium
1219 2447 1336 2478 textus
1351 2436 1464 2490 hujus
1486 2435 1727 2474 authentiam
1745 2448 1912 2475 revocare

1097 2509 1308 2556 sategerunt
1323 2533 1334 2552 7
1363 2504 1485 2555 prouti
1509 2502 1597 2541 fecit
1615 2501 1913 2541 Schultessiusin

1097 2585 1158 2624 op.
1200 2566 1241 2607 V
1243 2583 1303 2608 om
1330 2567 1618 2616 Abcndmahl37
1644 2582 1707 2607 seu
1735 2566 1799 2605 De
1826 2563 1912 2602 θω-

1098 2651 1150 2675 na
1168 2668 1178 2687 ‚
1211 2644 1280 2675 etc.
1310 2649 1391 2688 pag.
1427 2647 1472 2673 21
1500 2642 1535 2673 et
1559 2648 1664 2687 seqq.
1689 2632 1827 2670 Verum
1851 2628 1911 2667 in-

1100 2703 1236 2741 sulsam
1257 2715 1406 2753 prorsus
1430 2702 1644 2752 opinionem
1656 2698 1733 2735 risit
1754 2695 1815 2734 vel
1832 2696 1910 2745 ipse

1107 2767 1398 2808 Bretsclmeider.
1416 2765 1493 2804 Cfr.
1510 2764 1741 2814 Roskovan57
1758 2759 1815 2800 De
1822 2761 1909 2813 pri·

1106 2841 1215 2871 matu
1238 2846 1335 2872 rom.
1360 2832 1480 2872 Pont.
1508 2828 1530 2882 §
1553 2841 1599 2877 27
1622 2834 1702 2867 not.
1730 2826 1782 2877 (π)
1800 2855 1811 2873 7
1839 2827 1914 2863 Au-

1108 2891 1392 2952 gustae'Vindel.
1416 2895 1532 2946 1834.
