2028 3354
1721 195 1813 243 307

366 217 495 248 PART.
533 218 566 246 1.
612 217 736 248 sssc'r.
784 218 838 247 11.
874 216 975 247 GAP.
1014 217 1047 246 1.
1087 216 1142 245 DE
1177 213 1305 245 PETRI
1339 213 1559 244 PRIMATU.

179 332 300 381 457.4
326 331 397 380 Ad
432 331 524 392 3¹¹²,
554 332 683 379 Dist.
718 331 954 396 Scriptura
981 328 1117 378 nobis
1151 328 1344 378 exhibet
1366 326 1610 394 Apostolos
1647 344 1813 377 omnes

114 408 314 475 aequales
344 410 394 455 in
422 407 708 472 apostolatu,
745 425 796 455 ac
833 408 885 454 in
913 406 1131 455 omnibus
1164 405 1453 471 apostolatus
1481 403 1779 453 facultatibus
1799 441 1812 464 7

114 487 194 552 qui
225 486 314 532 fuit
336 484 551 531 omnibus
585 484 873 544 communis,
910 499 1068 538 conc.;
1099 483 1149 529 in
1178 484 1410 548 primatu,
1442 481 1559 528 etin
1591 481 1817 529 facultati-

113 563 201 609 bus
221 562 450 627 primatus
479 561 708 626 propriis7
744 579 846 625 neq.
878 561 963 608 Hic
993 559 1124 608 enim
1148 575 1256 605 cum
1285 565 1516 621 potestate
1533 558 1817 619 jurisdictio-

118 639 190 685 nis
215 639 297 685 uni
316 640 455 685 Petro
483 637 676 685 collatus
704 655 729 684 a
752 637 933 684 Christo
956 645 1051 693 θεῖς
1086 642 1138 680 ut
1164 633 1315 697 liquet
1346 649 1402 680 ex
1431 632 1786 697 probationibus
1803 672 1816 695 ,

115 731 229 781 quas
262 714 393 761 nullo
435 713 575 761 modo
604 714 848 760 infirmant
880 711 1057 773 objecta
1090 711 1434 774 Scripturarum
1469 709 1652 757 oracula
1671 748 1683 769 ‚
1713 729 1818 776 quae

116 790 174 838 de
211 791 448 837 communi
486 789 769 856 apostolatus
809 787 1030 835 facultate
1071 796 1118 834 et
1150 794 1385 852 potestate
1426 784 1686 851 loquuntur
1724 788 1813 852 (1)

119 868 228 915 Haec
258 884 370 915 vero
410 867 695 933 apostolatus
734 873 938 930 potestas
970 881 1200 927 suprema
1236 863 1428 928 quidem
1460 871 1530 910 est
1562 863 1614 909 in
1653 862 1819 910 ordine

116 961 224 1004 suo,
264 944 461 990 minime
489 959 600 991 vero
636 940 877 1000 absolute,
912 958 967 988 eo
1006 941 1108 1005 ipso
1141 939 1298 1005 quod,
1328 940 1374 988 vi
1420 939 1650 1005 primatus
1677 942 1815 987 Petro

119 1020 273 1068 collati
291 1057 304 1079 ‚
326 1019 535 1085 Apostoli
554 1034 714 1066 omnes
735 1019 777 1066 ei
796 1017 992 1080 subjecti
1015 1017 1189 1064 fuerint
1208 1033 1260 1063 ac
1279 1014 1572 1063 subordinati
1593 1034 1620 1062 a
1637 1016 1821 1064 Christo

119 1097 236 1164 ipso.
269 1098 326 1143 Et
355 1096 442 1142 hoc
481 1112 671 1143 rursum
712 1093 921 1157 ejusdem
961 1093 1192 1160 primatus
1235 1092 1494 1141 acerbiores
1527 1092 1821 1158 impetitores

120 1171 383 1221 concedunt
418 1172 509 1235 (2).

118 1388 193 1428 pro
211 1388 330 1427 pace,
348 1374 395 1412 ad
413 1382 481 1412 art.
504 1388 525 1426 7
543 1403 558 1420 ‚i
575 1373 652 1411 haec
665 1372 815 1410 scribit:
835 1371 940 1409 Gra—

124 1441 198 1479 dus
211 1442 507 1494 proepositorum
527 1440 570 1477 in
592 1437 766 1479 Ecclesia
785 1451 863 1475 esse
878 1436 942 1475 de-

126 1506 210 1545 bere
224 1536 236 1555 ,
255 1514 291 1546 et
310 1520 384 1559 per
404 1505 491 1544 illos
506 1504 651 1556 gradus
675 1504 943 1556 compaqinari

128 1571 361 1619 Ecclesiam,
379 1570 510 1609 docuit
522 1583 591 1608 nos
604 1569 755 1608 Paulus
768 1598 779 1616 ,
795 1567 939 1620 Ephes.

128 1650 188 1683 lv,
221 1650 281 1675 11.
313 1635 419 1674 Ordo
448 1636 531 1673 sive
560 1636 604 1672 in
632 1634 840 1687 partibus,
862 1634 942 1671 sive

127 1704 172 1741 in
197 1710 270 1742 toto
299 1734 310 1752 ‚
346 1703 564 1740 continetur
594 1702 824 1753 principatu
852 1713 943 1751 quo-

126 1768 216 1807 dam
232 1799 243 1817 ‚
268 1770 349 1806 sive
360 1768 569 1820 proepositi
604 1767 765 1804 unitate.
791 1764 850 1803 Et
872 1764 941 1802 hoc

126 1842 193 1882 est,
208 1834 309 1887 quod
319 1835 364 1872 in
378 1834 495 1872 Petro
509 1846 578 1870 nos
594 1831 774 1870 Christus
794 1830 940 1870 docuit.

127 1900 214 1940 Hoc
243 1915 268 1939 a
312 1887 464 1940 Cliristo
501 1898 639 1937 didicit
673 1898 898 1950 Cyprianus
924 1912 939 1946 ‚-

127 1967 230 2005 idem
269 1979 358 2004 cum
397 1965 607 2017 Cypria-na
626 1962 723 2001 dicit
742 1961 942 2015 Hierony-

127 2046 213 2070 mus
235 2032 419 2070 adversus
448 2028 758 2069 Jovinianum...
777 2026 866 2065 Tale
878 2040 942 2065 ca-

123 2104 197 2150 put
228 2103 281 2135 est
310 2099 411 2135 inter
433 2093 675 2146 Presbyteros
699 2093 941 2146 Episcopus,

130 2165 230 2202 inter
250 2162 467 2216 Episcopos
493 2160 844 2214 Metropolitanm,
878 2165 946 2196 aut

131 2227 207 2267 alio
244 2230 332 2280 quis
368 2228 476 2266 modo
515 2228 680 2273 electus,
722 2232 766 2263 ut
801 2226 947 2263 coeteris

123 2295 274 2346 proesit.
292 2294 388 2334 Tale
400 2295 499 2332 inter
509 2305 638 2331 omnes
648 2289 863 2344 Episcopus
874 2291 948 2328 Ro-

131 2372 272 2396 manus
296 2361 371 2399 vid.
386 2374 474 2412 opp.
491 2360 582 2399 edit.
600 2357 802 2397 Amstelod.
830 2356 948 2410 1679,

135 2432 230 2464 tom.
259 2435 328 2473 111,
353 2440 440 2478 pag.
466 2424 560 2464 658.
590 2425 700 2463 Plura
739 2424 808 2462 alia
843 2423 948 2462 hete-

133 2491 412 2530 rodoxorumin
431 2492 531 2531 hanc
549 2506 628 2530 rem
644 2492 850 2541 testimonia
867 2503 951 2543 pro-

135 2560 206 2598 fert
229 2558 271 2598 P.
303 2557 465 2610 Ignatius
492 2558 622 2596 Fiume
641 2557 733 2596 Ord.
760 2556 878 2597 Praecl.
911 2559 953 2595 in

134 2640 197 2677 op.
227 2623 365 2663 Schola
388 2624 564 2662 veritatis
589 2622 804 2663 orthodoxae
821 2654 832 2673 ‚
859 2632 952 2661 etex

138 2695 221 2743 ipso
250 2690 377 2729 Petrus
399 2689 617 2727 Ballerinius
630 2718 640 2736 ,
662 2702 723 2740 op.
740 2698 775 2728 et
795 2689 868 2726 loc.
888 2689 952 2726 cit.

141 2769 223 2808 quae
244 2756 321 2794 illic
344 2754 456 2793 recoli
488 2760 654 2804 possunt.

196 2820 252 2872 (l)
274 2820 353 2859 Hoc
375 2822 498 2872 ipsum
521 2818 657 2857 fatetur
675 2825 802 2856 auctor
823 2816 953 2856 adver-

143 2888 237 2924 sario
270 2894 394 2924 nostro
426 2886 593 2937 apprime
643 2897 748 2921 carus
769 2911 780 2930 ,
822 2896 956 2934 nempe

144 2950 354 3002 Dupinius‚
379 2952 497 3003 quiin
519 2950 575 2988 his
593 2949 774 2987 dissertat.
799 2946 864 2986 De
885 2961 957 2986 an-

146 3017 255 3068 tiqua
268 3015 453 3055 Ecclesia!
469 3014 695 3068 disciplina,
711 3014 831 3054 docet.
841 3012 878 3053 S.
892 3013 960 3052 Pe-

1007 1380 1061 1409 tro
1095 1368 1288 1421 Apostolos
1313 1375 1496 1421 potestate
1528 1376 1563 1407 et
1601 1371 1825 1408 auctoritate

1007 1438 1160 1474 omnino
1169 1435 1326 1487 aequales
1337 1436 1448 1474 fuisse
1457 1465 1466 1482 ,
1476 1442 1628 1488 excepto
1633 1437 1824 1488 primatu.

1006 1500 1101 1539 Nam
1127 1504 1167 1539 in
1193 1501 1283 1539 diss.
1309 1514 1347 1538 ιν
1370 1530 1380 1547 ‚
1408 1515 1492 1553 cap.
1515 1514 1530 1539 1
1551 1532 1561 1549 ‚
1587 1500 1609 1553 ἓ
1635 1501 1657 1539 3
1676 1532 1685 1550 ,
1706 1502 1824 1540 allatis

1008 1567 1232 1620 quibusdam
1279 1568 1432 1606 Patrum
1480 1569 1668 1606 sententiis
1714 1571 1725 1618 (
1751 1568 1826 1607 illis

1007 1647 1141 1684 nempe
1166 1633 1334 1681 eisdem,
1362 1647 1455 1685 quos
1497 1647 1540 1672 ex
1568 1634 1640 1672 hoc
1677 1642 1824 1673 auctorc

1006 1698 1142 1737 deinde
1172 1701 1259 1737 citat
1298 1699 1493 1750 palmer),
1532 1699 1669 1750 quibus
1698 1714 1825 1739 omnes

1006 1763 1172 1815 Apostoli
1197 1764 1304 1804 Petro
1326 1778 1432 1816 pares
1464 1766 1576 1803 fuisse
1601 1765 1779 1804 dicuntur
1812 1779 1823 1804 :

1007 1829 1131 1878 Ham,
1159 1830 1307 1883 inquit,
1334 1831 1527 1882 probant,
1550 1830 1751 1883 Apostolos
1782 1833 1826 1869 in

1006 1895 1173 1934 clavium
1195 1896 1667 1946 administratione,fidei
1680 1897 1827 1950 praedi-

1007 1963 1157 2000 catione
1180 1990 1193 2011 ‚
1248 1961 1514 2000 Ecclesiarum
1545 1962 1779 2013 fundatione
1810 1994 1822 2015 ‚

1003 2034 1191 2080 potestate
1204 2057 1217 2077 ,
1244 2029 1471 2066 auctoritate
1490 2027 1655 2079 aequales
1673 2030 1797 2080 fuisse
1809 2044 1826 2079 ,-

1011 2101 1052 2131 at
1072 2107 1132 2132 eos
1147 2095 1190 2132 in
1200 2096 1378 2146 primatu
1396 2094 1512 2131 Petro
1527 2093 1690 2144 oequales
1703 2095 1828 2146 faisse

1011 2158 1146 2197 nullus
1169 2159 1279 2198 dicit.
1300 2160 1420 2211 Loqui
1447 2173 1556 2211 porro
1577 2160 1680 2197 hunc
1701 2168 1830 2199 aucto-

1011 2239 1090 2265 rem
1114 2228 1161 2266 de
1175 2225 1439 2279 jurisdictionis
1460 2229 1621 2279 primatu
1634 2257 1646 2276 ,
1663 2241 1740 2265 non
1757 2242 1824 2266 an-

1012 2299 1086 2332 tem
1110 2293 1156 2331 de
1179 2293 1255 2331 solo
1275 2293 1437 2345 primatu
1466 2293 1605 2330 ordinis
1633 2301 1696 2330 aut
1715 2306 1831 2345 prace-

1014 2360 1202 2397 minentiae
1224 2367 1258 2397 et
1279 2359 1440 2404 honoris,
1459 2358 1574 2411 liquet
1594 2360 1716 2405 exiis,
1743 2372 1827 2411 quae

1014 2424 1126 2464 habet
1156 2427 1195 2463 in
1219 2424 1348 2463 eadem
1369 2424 1455 2462 diss.
1479 2437 1596 2475 cap.n
1611 2452 1624 2473 ,
1654 2411 1742 2477 §3zv
1762 2423 1829 2463 Ex

1016 2489 1084 2528 hoo
1105 2490 1282 2541 primatu
1306 2489 1460 2526 romani
1473 2488 1683 2539 Pontificis
1699 2489 1831 2540 fluunt

1016 2555 1149 2594 multoe
1174 2555 1446 2608 proeroqativae
1467 2584 1479 2603 ‚
1516 2568 1602 2606 quae
1644 2555 1725 2607 ipsi
1747 2568 1828 2593 non

1018 2633 1122 2659 secus
1152 2634 1200 2659 ac
1215 2621 1384 2673 primati
1404 2621 1499 2674 jure
1522 2619 1658 2658 divino
1680 2634 1828 2672 compe-

1018 2692 1130 2735 tunt,
1157 2700 1250 2739 quas
1279 2699 1365 2724 mox
1391 2686 1561 2724 distincte
1584 2686 1711 2725 refert.
1730 2684 1828 2737 Quo-

1020 2750 1131 2789 modo
1152 2765 1237 2790 vero
1270 2751 1334 2789 hic
1364 2759 1491 2790 auctor
1519 2750 1589 2789 sibi
1621 2750 1826 2798 eohaereat‚

1020 2818 1099 2868 ipse
1125 2816 1266 2856 viderit.

1076 2882 1127 2933 (2)
1157 2883 1200 2921 Id
1224 2884 1337 2921 fassus
1357 2890 1409 2921 est
1427 2882 1666 2935 Quesnellus‚
1696 2883 1761 2934 qui
1788 2883 1827 2918 in

1021 2948 1172 2996 libello,
1193 2949 1291 2988 edito
1313 2962 1375 2987 an.
1399 2946 1520 3001 1705,
1537 2949 1712 2998 inscripto
1734 2942 1828 2982 Idea

1021 3013 1195 3067 yenerale
1230 3014 1284 3053 du
1315 3012 1434 3051 libelle
1463 3028 1476 3050 .·
1507 3010 1631 3062 Motis
1647 3010 1701 3048 du
1732 3010 1832 3048 droit

1522 3075 1604 3121 20.
