2028 3354
178 171 273 217 29ss
671 187 825 217 rnAor.
866 189 920 216 ns
956 190 1073 218 mols
1109 189 1407 219 rnnozomms.

181 302 331 350 menti
349 300 693 367 praestantiam,
713 300 812 347 sive
835 298 894 345 ob
907 300 1297 361 adversariorum,
1312 303 1390 368 qui
1411 302 1529 350 illud
1550 305 1878 369 quoquomodo

180 379 379 444 aggressi
401 385 529 434 sunta
553 374 923 423 multitudinem.
939 376 1057 422 Cum
1076 377 1204 424 enim
1226 379 1376 441 agitur
1392 379 1450 426 de
1469 378 1675 427 Ecclesiae
1699 381 1849 444 capite
1865 415 1878 436 ,

181 459 332 521 agitur
366 454 425 501 de
464 470 648 500 summa
682 453 779 512 rei,
814 471 838 499 a
870 471 960 518 qua
997 454 1140 518 ipsius
1171 454 1377 503 Ecclesiae
1407 458 1652 504 existentia
1685 467 1732 505 et
1759 457 1880 504 salus

181 532 376 580 omnino
399 529 577 595 pendet
605 528 694 592 (l).
726 529 992 576 Adversarii
1020 538 1197 589 autem7
1234 532 1316 594 qui
1341 531 1494 596 ipsum
1522 535 1880 598 impugnarunt,

178 619 292 656 sunt
318 607 561 655 acatholici
579 623 742 653 onmes
761 643 773 665 7
801 608 879 671 qui
909 608 1027 654 vires
1048 624 1212 654 omnes
1234 624 1339 654 suas
1362 608 1420 655 ad
1449 609 1566 657 illud.
1588 611 1882 658 labefactan-

180 686 295 732 dum
321 684 452 731 nullo
483 701 581 730 non
613 691 825 746 tempore
853 692 1178 730 exercuerunt.

247 762 358 809 445.
401 762 716 823 Quaecumque
747 759 804 806 de
832 758 918 806 hoc
940 761 1090 823 capite
1121 759 1287 806 dicturi
1315 778 1499 820 sumus,
1531 764 1733 810 revocari
1752 763 1885 810 facile

179 846 376 904 possunt
396 837 455 883 ad
485 837 742 900 primatum
761 871 773 887 q
802 853 944 900 quem
969 836 1178 883 Christus
1194 871 1209 896 ἦ
1232 837 1446 884 Ecclesiae
1475 837 1714 885 institutor
1733 849 1781 886 et
1800 857 1885 886 au-

180 924 283 962 ctor
299 951 312 972 ,
338 913 537 960 contulit
555 929 696 976 super
716 911 838 957 hanc.
857 912 1107 959 Ecclesiam
1122 930 1256 959 suam
1274 915 1409 960 Petro
1432 932 1444 970 ς
1468 914 1527 960 ad
1551 915 1886 962 successionem

181 994 230 1037 in
269 991 357 1036 hoc
387 990 625 1054 primatu3
660 987 719 1034 ad
745 987 882 1048 hujus
915 989 1146 1052 primatus
1174 998 1418 1047 naturamt,
1459 989 1517 1036 ad
1550 989 1652 1036 illas
1685 990 1889 1055 denique

182 1068 316 1115 dotes
332 1084 384 1112 ac
407 1065 755 1130 praerogativas,
774 1063 943 1129 quibus
966 1082 1076 1111 eum
1096 1064 1307 1111 Christus
1325 1065 1607 1112 instructum
1627 1082 1679 1113 ac
1696 1067 1893 1129 insigni-

182 1155 285 1191 tum
327 1141 490 1190 voluit.
526 1143 593 1188 De
622 1140 694 1187 his
729 1149 977 1205 propterea
1014 1139 1308 1204 singillatim,
1341 1157 1395 1187 ea
1433 1158 1523 1205 qua
1551 1159 1636 1205 per
1673 1159 1758 1189 nos
1792 1142 1892 1190 fieri

182 1221 357 1287 poterit
382 1219 621 1282 diligentia
640 1252 652 1273 ‚
684 1218 1073 1283 pertractandum
1095 1219 1184 1265 erit
1204 1254 1215 1276 ,
1238 1236 1335 1264 non
1359 1219 1500 1265 modo
1522 1229 1682 1265 contra
1708 1220 1891 1267 acatho-

180 1297 295 1344 licos
312 1333 324 1356 7
348 1313 514 1343 verum
536 1295 678 1341 etiam
698 1293 921 1341 adversus
943 1294 1189 1341 catholicos
1207 1312 1304 1341 non
1319 1312 1489 1359 paucos
1506 1329 1519 1353 ‚
1549 1295 1647 1359 qui‚
1677 1297 1890 1360 quamvis

182 1375 443 1439 primatum
469 1372 630 1419 divino
659 1375 764 1432 jure
800 1370 1057 1417 admittant
1088 1372 1137 1417 in
1166 1370 1390 1431 Ecclesia,
1424 1371 1569 1434 ipsius
1600 1381 1763 1418 tamen
1795 1373 1892 1420 vim

184 1460 440 1498 extenuare
460 1484 473 1507 7
512 1447 666 1512 quoad
693 1448 792 1509 ejus
824 1447 923 1493 fieri
951 1447 1105 1510 potuit
1121 1482 1133 1505 7
1167 1455 1435 1510 sategerunt
1455 1482 1468 1505 7
1503 1456 1553 1493 ut
1574 1448 1653 1494 vix
1675 1447 1811 1495 illum
1834 1448 1892 1495 ad

185 1543 360 1592 purum
388 1540 566 1571 nomen
597 1540 695 1570 non
725 1522 1007 1586 redegerim.

241 1704 298 1755 (l)
338 1703 539 1743 Verissime
570 1702 684 1742 Card.
719 1700 1002 1750 Bellarminus,

187 1773 228 1810 in
247 1771 384 1823 praefat.
400 1773 441 1808 in
453 1770 571 1808 libros
591 1767 637 1806 de
659 1781 806 1805 summo
826 1766 1004 1805 pontifice

188 1852 230 1876 n.
245 1849 269 1874 2
286 1867 295 1884 ‚
312 1838 455 1888 scripsit
477 1851 487 1874 ι
511 1834 568 1874 De
592 1846 668 1885 qua
683 1846 722 1871 re
744 1833 876 1884 aqitar
889 1863 899 1881 ‚
917 1845 1005 1870 cam

189 1903 236 1940 de
254 1904 434 1955 primata
462 1900 673 1951 Pontificis
700 1899 870 1950 aqitarP
904 1899 1004 1937 Bre-

190 1969 347 2005 vis-sime
375 1968 526 2014 dicam,
557 1968 614 2004 De
637 1978 789 2003 summa
819 1965 878 2002 rei
900 1963 1005 2002 oltri-

192 2036 347 2073 stianoe.
373 2033 480 2085 Quod
502 2048 544 2071 ex
584 2032 849 2070 recentioribus
873 2033 1010 2083 pariter

192 2102 342 2152 agnovit
363 2107 398 2138 et
411 2099 597 2151 professus
621 2106 674 2136 est
689 2100 783 2135 inter·
796 2097 1008 2148 anglicanos

195 2166 309 2204 Guill.
335 2165 481 2204 Palmer
506 2163 727 2202 Oxoniensis
742 2192 752 2210 ‚
775 2163 865 2200 dum
892 2165 930 2200 in
946 2177 1007 2213 op.

196 2235 327 2285 saepius
341 2235 464 2277 citato,
477 2239 572 2283 part.
587 2242 640 2268 vu
652 2259 665 2279 ‚
684 2228 745 2267 De
759 2242 856 2267 rom.
874 2228 1013 2267 Ponti-

194 2299 288 2349 fice,
314 2312 396 2350 cap,
428 2311 442 2335 1
459 2328 469 2346 ‚
495 2296 569 2348 vol.
597 2310 648 2345 11,
677 2309 759 2347 pag.
780 2295 857 2347 477
877 2324 887 2342 ,
917 2308 1010 2333 asse-

197 2378 275 2402 rere
293 2378 370 2402 non
397 2352 538 2401 dubitat
571 2376 584 2401 :
611 2361 844 2399 Doctrinam
868 2359 913 2398 de
926 2361 1013 2411 pri-

197 2435 305 2465 mata
330 2427 518 2480 Episcopi
540 2428 698 2465 romani
728 2428 772 2463 in
795 2423 1011 2463 Ecclesiam

198 2492 457 2531 universalem
468 2491 664 2531 cardinem
680 2504 772 2537 esse,
786 2490 890 2527 circa
903 2502 1013 2541 quem

198 2557 357 2610 reliquoe
371 2571 499 2596 omnes
512 2557 718 2596 volvuntur
733 2557 1012 2604 controversiae,

199 2638 286 2675 quoe
310 2625 412 2662 inter
432 2622 650 2663 Ecclesiam
673 2635 874 2661 romanam
900 2629 934 2660 et
953 2636 1014 2661 ec-

1066 1700 1203 1739 clesias
1233 1706 1375 1739 ceteras
1412 1699 1680 1749 incalescunt3
1710 1702 1893 1752 quoniam

1067 1768 1106 1804 si
1136 1765 1314 1804 Christus
1354 1764 1553 1804 Dominus
1584 1767 1801 1818 primatum
1846 1778 1893 1804 ea·

1070 1831 1190 1883 officio
1238 1832 1443 1885 proprium
1488 1831 1656 1884 alicegjus
1706 1830 1896 1885 Episcopi

1070 1897 1244 1934 instituit
1266 1898 1310 1934 in
1343 1894 1524 1934 Ecclesia
1564 1895 1780 1945 catholica,
1821 1897 1893 1949 qui

1072 1974 1221 2014 semper
1226 1961 1442 2013 perdurare
1464 1961 1620 2009 debeat,
1640 1969 1676 2000 et
1688 1962 1793 2000 hunc
1805 1963 1894 2015 pri-

1074 2034 1223 2066 matum
1254 2028 1540 2067 haereditaverit
1572 2026 1793 2080 Episcopus
1832 2040 1894 2065 ro-

1074 2106 1218 2131 manus
1233 2123 1244 2141 ,
1275 2093 1379 2132 illico
1405 2095 1652 2145 consequitur
1675 2092 1895 2132 Ecclesiam

1075 2160 1300 2199 catholicam
1328 2162 1519 2199 coarctari
1541 2159 1593 2197 acl
1613 2159 1731 2198 solam
1758 2158 1895 2199 Eccle-

1076 2229 1177 2265 siam
1193 2226 1417 2265 obedientiae
1437 2239 1607 2264 romanoe
1622 2254 1633 2267 .
1654 2232 1690 2262 et
1709 2225 1893 2272 concilia,

1077 2293 1291 2330 doctrinam
1307 2306 1352 2330 ac
1374 2293 1601 2330 traditiones
1624 2290 1732 2329 illius
1753 2290 1794 2328 E
1796 2290 1895 2329 ccle-

1076 2360 1146 2397 sioe
1175 2359 1395 2410 obsiqnatas
1417 2372 1494 2397 esso
1532 2359 1757 2396 auctoritate
1780 2359 1896 2396 totius

1077 2425 1218 2463 mnndi
1245 2426 1468 2464 christiani.
1497 2425 1539 2463 Id
1568 2427 1692 2476 ipsum
1716 2432 1815 2476 patet
1848 2437 1893 2462 ex

1078 2493 1237 2530 immani
1259 2492 1426 2530 omnium
1449 2491 1708 2529 haeretieorum
1731 2498 1767 2529 et
1780 2490 1893 2528 schis-

1081 2558 1302 2596 maticorum
1335 2557 1459 2595 furore
1501 2556 1677 2595 adversus
1712 2553 1892 2608 ejusmodi

1081 2625 1284 2676 primatum
1299 2653 1310 2674 ,
1335 2638 1355 2663 a
1385 2635 1460 2677 quo
1483 2625 1630 2663 contriti
1656 2630 1756 2661 sunt.
