2028 3354
400 183 528 213 Mirr.
566 184 599 211 1.
639 180 762 211 sacr.
800 180 851 210 11.
891 180 994 208 cu.
1032 161 1074 208 1.'
1104 179 1158 207 nn
1194 177 1324 206 emm
1358 175 1578 206 ramiro.

1728 157 1822 205 327

191 299 300 348 485.
341 298 407 346 Ad
437 297 530 357 5¹¹²,
554 299 691 362 Resp.
712 294 842 342 Falso
866 312 917 341 ac
942 302 1120 341 temere
1138 292 1395 357 Dupinium
1420 290 1484 337 ita
1514 288 1792 337 concludere
1809 326 1821 346 7

124 388 178 425 ut
210 385 340 443 patet
372 391 428 422 ex
457 373 768 429 discussione,
804 387 946 436 quam
976 370 1169 417 fecimus
1188 405 1200 427 ,
1232 372 1329 430 ejus
1368 367 1710 432 praemissarum
1733 366 1823 430 (l).

127 453 260 512 Quod
293 468 404 499 vero
441 450 611 496 attinet
646 447 705 495 ad
744 446 1208 511 repraesentationem
1236 461 1316 491 seu
1360 444 1555 506 figuram
1589 441 1825 501 Ecclesiae,

127 546 267 594 quam
284 529 445 573 Petrus
466 524 680 589 gerebat,
703 541 809 571 cum
828 523 1041 570 Christus
1064 539 1174 568 eum
1193 519 1425 566 allocutus
1442 528 1513 567 est
1528 555 1541 578 ⁷
1566 518 1705 584 paulo
1726 527 1829 583 post

127 620 415 669 exponemus
433 638 445 661 7
479 619 571 666 quo
601 618 737 648 sensu
761 599 958 662 intelligi
979 597 1164 644 debeat.

194 680 305 726 486.
331 678 436 739 Obj.
462 679 599 725 tertia
621 687 668 724 et
687 677 797 723 inst.
828 676 878 721 1⁰
900 675 947 719 Si
974 674 1123 736 reipsa
1155 688 1240 736 per
1263 670 1489 717 adductos
1516 679 1671 717 textus
1695 689 1830 720 evan-

126 755 322 821 gelicos7
356 755 612 820 praesertim
648 769 755 801 vero
777 749 942 798 Matth.
977 749 1110 806 XVI„
1141 747 1430 813 promisisset
1451 746 1664 793 Christus
1692 749 1830 795 Petro

130 832 388 897 primatum
405 865 418 888 ,
451 829 577 877 haud
607 838 707 876 orta
748 824 947 898 subinde
976 833 1097 872 esset
1118 824 1245 871 inter
1270 822 1512 888 Apostolos
1552 825 1793 870 contentio
1820 860 1832 883 ,

132 913 241 972 quis
264 925 429 955 eorum
453 908 695 953 videretur
711 920 803 950 esse
831 906 1014 963 major,
1033 910 1086 947 ut
1102 900 1272 964 legitur
1287 898 1404 947 ibid.
1431 899 1597 946 XVIII.
1624 898 1835 946 Christus

134 986 263 1032 enim
312 984 370 1031 ad
416 979 801 1048 compescendam
832 977 1059 1041 ejusmodi
1100 977 1453 1024 contentionem
1490 975 1835 1040 respondisset,

194 1204 244 1254 (l)
275 1202 458 1255 Quoniam
473 1201 614 1239 Palmer
629 1200 782 1251 Dupinii
794 1212 838 1237 ac
852 1199 952 1237 Lau-

139 1272 217 1322 noji
241 1270 453 1308 auctoritate
470 1271 586 1305 utitur
600 1296 610 1313 ‚
629 1265 784 1317 perinde
804 1278 845 1303 ac
867 1266 896 1301 si
911 1277 952 1302 ea

141 1336 335 1388 quidpiam
347 1334 484 1372 valeret
496 1331 595 1383 apud
607 1329 831 1377 catholicos,
847 1331 951 1376 sciat,

141 1403 333 1453 scriptores
366 1400 479 1437 hosce
510 1398 557 1436 ab
596 1396 771 1434 omnibus
801 1397 955 1433 sinceris

138 1465 335 1505 Catholicis
359 1464 505 1514 respui,
534 1470 644 1513 atque
666 1469 792 1512 utpote
818 1462 955 1512 prinna-

142 1541 198 1569 tus
208 1532 316 1569 Rom.
334 1530 522 1567 Pontificis
535 1541 655 1566 osores
669 1533 706 1564 et
717 1526 837 1564 hostes
858 1538 955 1564 acer-

144 1599 256 1634 rimos
285 1595 453 1634 refutari.
489 1593 536 1631 Et
563 1605 802 1644 quanquam,
835 1598 876 1629 ut
902 1593 958 1629 vi-

143 1659 266 1702 dimus
283 1693 293 1710 ‚
320 1662 508 1700 interdum
527 1661 582 1698 ad
600 1660 728 1698 fucum
744 1658 957 1698 faciendum

145 1728 328 1766 nonnulla
352 1727 628 1765 intermisceant
644 1756 654 1773 ‚
676 1726 812 1777 quibus
832 1724 958 1762 viden-

146 1803 207 1832 tur
235 1793 359 1832 adhuc
395 1794 433 1829 in
464 1792 569 1830 Petro
604 1805 646 1829 ac
689 1797 885 1842 propterea
918 1792 959 1828 in

151 1860 259 1897 Rom.
287 1857 466 1896 Pontifice
499 1858 662 1909 aliquem
695 1858 894 1908 primatum
923 1860 961 1894 et

147 1927 299 1979 quidem
336 1925 600 1977 jurisdictionis
644 1924 835 1961 admittere
869 1952 879 1969 ‚
923 1936 961 1960 re

148 2001 270 2030 tamen
302 1993 424 2043 ipsum
457 1997 640 2028 evertunt.
683 1988 760 2028 Cfr.
793 2001 879 2040 quae
916 1989 961 2026 de

147 2058 311 2110 Dupinio
338 2056 451 2095 habet
475 2055 626 2094 Charias
643 2085 653 2104 ,
680 2058 719 2093 in
754 2054 958 2105 appendice

153 2124 199 2162 ad
225 2123 453 2162 Tractatum
472 2122 517 2159 de
529 2120 769 2160 libertatibus
781 2119 964 2160 Ecclesiae

154 2188 357 2239 qallicauoe
373 2219 383 2236 ,
404 2197 497 2226 tom.
522 2200 562 2226 ιιι
579 2218 590 2232 .,
613 2187 754 2239 praesat.
789 2201 868 2238 pag.
889 2185 912 2223 5
929 2194 965 2224 et

158 2267 261 2306 seqq.
286 2253 413 2292 Romae
440 2266 552 2307 1720.
581 2253 672 2308 Legi
692 2261 860 2304 praeterea
888 2265 966 2289 me-

161 2327 303 2368 rentur,
332 2332 415 2371 quae
432 2321 477 2357 de
497 2321 738 2372 janseniano,
761 2332 823 2356 seu
846 2318 967 2370 potius

160 2384 349 2423 incredulo
374 2385 528 2423 homine
550 2385 759 2423 referuntur
774 2386 813 2421 in
830 2382 966 2422 celebri

161 2464 269 2502 opere
304 2463 348 2487 ex
387 2452 513 2500 gallico
540 2453 579 2487 in
612 2450 775 2502 linguam
808 2450 968 2487 italicam

163 2527 353 2562 converso,
372 2515 503 2553 Realta
516 2516 577 2554 del
585 2522 753 2567 proqetto
769 2515 811 2552 di
823 2516 969 2564 Borqo-

164 2581 361 2627 Fauiana,
385 2587 475 2618 tom.
498 2592 536 2628 1,
560 2590 656 2632 part.
679 2594 734 2629 ¹¹¹5
760 2580 780 2633 §
808 2579 832 2619 5
848 2612 857 2628 ‚
883 2594 967 2631 pag.

164 2659 259 2699 227,
299 2647 410 2684 Assisi
440 2643 552 2699 1787.
588 2645 758 2684 Clemens
797 2659 834 2684 x1
865 2646 971 2683 Brevi

166 2712 249 2751 dato
289 2725 331 2751 ιο
359 2711 448 2762 Apr.
486 2724 578 2765 ¹7⁰¹
622 2711 823 2750 Galliarum
867 2712 970 2759 regi,

166 2780 295 2830 gratias
324 2780 357 2817 ei
379 2791 508 2829 agens,
533 2791 575 2815 eo
610 2776 711 2829 quod
728 2777 933 2828 Dupinium
960 2807 970 2824 ‚

1019 1211 1106 1236 nem
1122 1226 1134 1246 ,
1166 1202 1427 1248 temeratoeque
1461 1197 1603 1248 saepius
1626 1196 1840 1248 apostoliam

1020 1263 1131 1301 Sedis
1158 1276 1281 1300 reu-m.
1315 1261 1525 1300 protestans
1563 1271 1686 1300 autem
1726 1261 1838 1299 Joan.

1021 1328 1185 1367 Frickius
1200 1358 1209 1374 ‚
1233 1331 1273 1366 in
1294 1328 1538 1379 compendio,
1572 1328 1670 1380 quod
1702 1327 1839 1376 edidit,

1021 1394 1272 1433 Bibliothecae
1290 1393 1555 1432 ecclesiasticae
1568 1423 1581 1442 ,
1608 1394 1768 1446 loquens
1794 1392 1841 1431 de

1022 1459 1186 1511 Dupinio
1206 1458 1374 1511 ejusdem
1394 1458 1646 1496 Bibliothecae
1663 1449 1813 1497 auctore
1830 1471 1841 1495 ε

1025 1528 1153 1576 Quam
1170 1524 1289 1576 probe
1302 1554 1312 1570 ‚
1328 1526 1451 1576 inquit
1469 1554 1479 1571 ‚
1498 1523 1612 1561 semel
1631 1526 1843 1574 iterumque

1023 1595 1086 1629 vir
1119 1590 1250 1628 doctus
1275 1590 1489 1641 principiis
1520 1591 1842 1641 protestantium,

1024 1657 1093 1694 1200
1117 1663 1194 1703 est,
1221 1656 1376 1693 veritati
1413 1654 1590 1693 accedit!
1622 1654 1668 1692 Et
1692 1654 1771 1692 haec
1798 1654 1844 1692 de

1026 1722 1206 1773 Dupinio.
1221 1720 1333 1767 Quod
1351 1734 1436 1758 vero
1462 1728 1601 1771 spectat
1626 1720 1671 1758 ad
1694 1720 1846 1758 Launo-

1024 1792 1103 1840 jum
1131 1788 1287 1825 alterum
1322 1786 1471 1823 heroem
1502 1785 1684 1833 Palmeri,
1711 1793 1847 1836 protes-

1026 1862 1107 1890 tans
1131 1852 1217 1890 Ant.
1240 1851 1411 1889 Ite-:serus
1433 1853 1472 1888 in
1497 1865 1559 1902 op.
1583 1849 1682 1889 edito
1699 1849 1849 1889 Amste-

1027 1920 1160 1957 ledami
1198 1932 1296 1955 anno
1333 1915 1462 1965 1685,
1497 1919 1558 1955 cui
1594 1919 1649 1955 tit.
1676 1916 1850 1954 Joannes

1028 1984 1230 2032 Latmojus
1265 1985 1369 2021 testis
1394 1990 1427 2020 et
1461 1982 1651 2034 confessor
1673 1983 1849 2020 veritatis

1028 2049 1307 2102 evanqelico-ca
1313 2048 1462 2089 thottcae
1474 2050 1522 2100 (id
1532 2057 1598 2092 est,
1607 2049 1852 2096 Lutheranoe)

1028 2119 1073 2154 in
1082 2116 1297 2168 potioribus
1316 2116 1412 2165 fidei
1424 2116 1619 2167 capitibus
1638 2122 1852 2154 controver-

1029 2185 1082 2219 sis
1102 2212 1112 2230 ,
1149 2182 1334 2220 adversus
1387 2182 1601 2221 Robertum
1642 2179 1852 2219 Bellarmi-

1031 2262 1126 2286 num
1143 2279 1153 2296 ‚
1169 2257 1240 2287 etc.
1254 2251 1294 2285 in
1311 2250 1451 2298 praefat,
1468 2261 1555 2285 eum
1569 2255 1699 2286 vocat:
1723 2245 1850 2285 Theo-

1030 2313 1155 2365 loyum
1176 2314 1435 2366 parisiensem
1460 2321 1495 2351 et
1512 2311 1775 2351 Serbonistam
1790 2313 1855 2349 in-

1031 2387 1089 2418 ter
1106 2374 1296 2432 suosjare
1319 2392 1365 2417 aa
1389 2380 1524 2417 merito
1542 2378 1851 2426 celeberrimum,

1033 2446 1152 2483 eurioe
1175 2448 1418 2483 romanensis
1431 2475 1441 2488 ‚
1469 2451 1503 2481 et
1524 2457 1654 2482 eorum
1670 2474 1680 2491 ‚
1696 2457 1781 2495 quoe
1795 2443 1853 2481 ibi

1034 2511 1215 2549 adversus
1248 2509 1494 2563 Scripturam
1529 2518 1563 2548 et
1581 2511 1852 2562 antiquitatem

1034 2578 1278 2616 orthodoxam
1302 2576 1457 2629 publice
1478 2576 1682 2624 docentur,
1707 2583 1740 2613 et
1765 2575 1852 2613 abs-

1036 2657 1106 2695 que
1121 2644 1197 2683 ullo
1216 2643 1351 2681 rubore
1363 2650 1533 2695 aquutur
1547 2671 1559 2689 ‚
1587 2642 1728 2680 hostem
1748 2653 1854 2679 acer-

1036 2710 1178 2748 rimum
1213 2717 1248 2747 et
1283 2707 1661 2747 irreconciliabilem.
1685 2707 1731 2744 Et
1754 2708 1855 2758 ejus-

1041 2775 1140 2814 modi
1165 2784 1331 2814 auctores
1370 2775 1482 2814 veluti
1521 2773 1719 2813 catholicos
1749 2771 1858 2810 nohis

168 2845 304 2895 quippe
336 2845 401 2896 qui
431 2843 692 2894 subscripserat
721 2842 854 2881 celebri
886 2856 976 2881 con·-
1040 2844 1192 2894 opponit
1222 2841 1391 2881 Palmer!
1420 2841 1499 2880 Csr.
1532 2841 1717 2883 zaccaria,
1738 2837 1858 2877 Anti-

169 2909 325 2947 scientiae
347 2911 469 2955 casui,
496 2910 535 2947 in
563 2908 720 2947 exilium
753 2909 974 2960 pepulisset,

1044 2907 1261 2947 Febbronio
1275 2937 1285 2956 ,
1315 2904 1596 2946 Introduzione
1609 2935 1620 2954 ,
1646 2919 1680 2944 e.
1696 2901 1738 2952 6,
1754 2901 1775 2954 §
1792 2914 1855 2951 ιο,

171 2987 254 3012 eum
282 2983 385 3013 vocat
414 2976 610 3026 nequioris
640 2975 824 3013 doctrinm
856 2974 978 3012 homi·
1044 2973 1182 3013 Cesena
1216 2985 1331 3026 ¹77⁰·
