2028 3354
203 182 296 233 374
668 201 824 231 macr.
861 204 915 231 nn
952 205 1070 234 Locis
1104 205 1403 235 mnoromcm.

200 315 400 363 otiorum
412 317 679 363 criticorum
690 317 890 381 ingenua
903 319 1203 380 confessione,
1217 330 1423 384 spartam
1435 320 1554 367 hanc
1567 319 1883 370 deseruerant.

204 392 285 439 Ast
303 408 428 438 nunc
455 391 609 439 denuo
632 393 869 440 recruduit
887 396 1082 459 quaestio
1100 394 1197 442 haec
1216 412 1271 442 ex
1296 398 1530 444 occasione
1544 414 1682 444 novae
1708 397 1887 446 biblioae

202 483 442 529 exegeseos
470 477 517 515 et
537 469 742 527 critices„
773 487 862 534 qua
885 471 1059 518 factum
1081 480 1150 518 est
1180 480 1233 517 ut
1261 473 1523 535 Babylonis
1551 472 1660 519 urbs
1679 510 1692 533 ,
1718 491 1774 520 ex
1798 492 1888 539 qua

202 542 407 607 priorem
444 544 689 609 epistolam
717 563 847 593 suam
878 547 1006 594 dedit
1036 550 1197 594 Petrus
1216 583 1228 605 ‚
1251 547 1301 593 in
1342 551 1526 613 propria
1559 550 1890 613 significatione

203 617 262 665 de
299 618 524 667 Chaldaeae
546 622 791 686 metropoli
820 626 918 684 jam
945 627 1116 688 passim
1159 623 1218 670 ab
1249 623 1360 688 ipsis
1383 626 1748 688 protestantibus
1770 627 1892 674 acci-

202 693 383 759 piatur,
404 705 544 761 atque
557 697 723 744 exinde
738 699 1035 757 concludant„
1054 717 1298 764 nunquam
1319 702 1505 746 Petrum
1524 702 1572 747 in
1585 703 1892 750 occidentales

203 781 360 836 partes
383 773 562 821 venisse
578 810 590 833 ,
625 774 773 820 multo
792 792 899 822 vero
927 778 1079 823 minus
1092 777 1188 823 sive
1206 779 1360 824 Romae
1373 778 1689 842 episcopatum
1705 781 1893 842 gessisse

203 848 299 894 sive
336 847 511 895 ibidem
547 849 790 915 pertulisse
837 854 1129 915 martyrium.
1177 853 1395 915 Cogimur
1435 863 1682 919 propterea
1732 865 1892 902 contra

204 940 352 971 novos
388 923 471 970 hos
501 925 789 973 adversarios
818 926 1037 975 dimicare
1058 965 1070 986 ,
1101 945 1152 975 ac
1181 929 1267 976 tria
1304 939 1532 977 statuere:
1553 931 1705 994 primo
1724 931 1895 979 scilicet

203 1000 396 1047 Petrum
410 1001 560 1065 reipsa
584 1003 778 1049 Romam
805 1005 986 1050 venisse
1001 1023 1015 1057 ;
1040 1005 1361 1069 episcopatum
1385 1016 1607 1070 praeterea
1626 1007 1722 1054 sive
1740 1006 1896 1054 Eccle—

204 1075 317 1122 siam
356 1093 599 1123 romanam
646 1077 891 1137 fundasseg
937 1089 1075 1144 atque
1112 1081 1161 1126 in
1203 1081 1287 1127 hac
1317 1081 1437 1128 alma
1469 1083 1585 1128 urbe
1622 1083 1898 1148 sanguinem

205 1170 340 1199 suum
377 1170 461 1217 pro
493 1153 662 1200 Christi
707 1154 798 1202 fide
829 1156 1101 1219 profudisse.
1150 1157 1378 1215 Quoniam
1418 1175 1528 1205 vero
1562 1157 1725 1205 eadem
1753 1158 1897 1205 docu-

207 1237 366 1275 menta
400 1229 605 1276 militant
630 1247 716 1294 pro
736 1231 906 1296 triplici
932 1232 1019 1279 hoc
1038 1233 1187 1297 capite
1209 1270 1221 1292 ,
1245 1251 1305 1280 ne
1324 1251 1376 1281 ea
1400 1235 1500 1281 sine
1528 1251 1660 1281 causa
1686 1244 1898 1299 repetere

208 1303 479 1365 debeamuS‚
501 1306 606 1365 tria,
623 1323 724 1371 quae
743 1310 1087 1373 proposuimus,
1104 1327 1195 1356 una
1216 1309 1353 1356 simul
1372 1311 1666 1357 conficiemus
1682 1311 1896 1376 sequenti

208 1391 499 1444 argumento.

274 1458 386 1506 547.
427 1462 479 1506 In
505 1460 790 1508 adstruendo
816 1461 941 1509 Petri
959 1462 1009 1508 in
1029 1462 1205 1509 Urbem
1227 1462 1434 1510 adventu
1450 1500 1462 1523 ,
1486 1467 1674 1527 ejusque
1704 1480 1898 1510 romano

211 1535 478 1600 episcopatu
499 1572 511 1595 ‚
533 1553 586 1584 ac
613 1535 804 1583 demum
825 1536 951 1584 obito
983 1539 1030 1584 in
1058 1538 1223 1585 eadem
1255 1538 1368 1586 urbe
1389 1539 1639 1603 martyrio.A
1665 1539 1899 1603 conspirat

212 1611 428 1659 universa
450 1630 638 1677 prorsus
659 1614 911 1678 antiquitas
933 1635 945 1673 3
983 1632 1091 1679 ergo
1114 1624 1195 1661 aut
1224 1616 1375 1662 omnis
1394 1616 1594 1663 historiae
1630 1615 1744 1663 fides
1764 1615 1904 1663 dene-

214 1686 364 1751 ganda
392 1697 462 1735 est
485 1724 497 1748 ,
520 1698 601 1735 aut
629 1689 716 1736 tria
741 1689 838 1750 1113,
867 1708 970 1756 quae
992 1692 1368 1747 enunciavimus‚
1396 1700 1507 1738 sunt
1537 1691 1841 1739 admittenda.

278 1764 392 1811 548.
431 1765 552 1812 Sane
596 1767 646 1812 in
685 1766 814 1813 factis
862 1767 952 1814 illis
989 1766 1249 1815 asserendis
1301 1769 1571 1834 conspirant
1603 1768 1653 1814 10
1700 1777 1910 1816 auctores

214 1855 377 1887 omnes
419 1842 588 1900 coaevi,
634 1851 714 1887 aut
743 1844 877 1889 raetati
914 1843 982 1890 illi
1021 1861 1266 1909 suppares7
1304 1844 1384 1909 qui
1428 1844 1486 1891 de
1537 1845 1672 1891 Petro
1711 1845 1910 1909 scripse-

214 1925 328 1962 runt
356 1934 367 1964 :
407 1916 543 1965 Tales
578 1926 688 1964 sunt
731 1918 944 1966 Clemens
988 1921 1221 1966 Romanus
1274 1921 1342 1983 (l)
1365 1957 1377 1978 ,
1429 1920 1629 1985 lgnatius
1682 1921 1781 1985 (2),
1829 1922 1911 1967 Pa·

213 1992 312 2056 pias
328 1992 401 2058 (3)
417 2029 429 2050 ‚
450 1994 564 2042 item
586 1994 830 2058 Dionysius
853 1996 1198 2044 Corinthiorum
1217 1997 1472 2062 Episcopus
1485 1997 1574 2060 (4),
1591 1997 1788 2043 Irenaeus
1810 1996 1907 2060 (5),

217 2068 349 2129 Cajus
394 2070 465 2132 (6)
492 2108 505 2131 ,
537 2069 753 2117 Clemens
802 2073 927 2118 Alex.
975 2073 1074 2136 (7),
1122 2073 1341 2136 Origenes
1375 2074 1476 2138 (8),
1515 2074 1774 2138 Cyprianus
1797 2072 1870 2134 (9)
1894 2108 1907 2132 ,

218 2143 462 2203 Eusebius,
511 2148 800 2205 Lactantius7
841 2148 1143 2207 Athanasius,
1187 2148 1500 2214 Epiphanius,
1541 2148 1753 2196 Julianus
1779 2149 1910 2213 Apo-

218 2228 361 2280 stata,
395 2223 704 2285 Augustinus7
742 2223 971 2271 Palladius
1017 2225 1150 2289 (10),
1184 2225 1351 2291 quibus
1386 2243 1482 2272 non
1526 2226 1659 2290 pauci
1696 2224 1771 2271 alii
1801 2223 1907 2271 addi

273 2407 329 2458 ((1)
362 2407 497 2461 Epist.
523 2423 536 2447 1
562 2410 614 2448 ad
633 2409 810 2449 Corinth.
845 2425 926 2463 cap.
950 2410 973 2449 5
1002 2421 1036 2451 et
1103 2414 1169 2452 cit.
1189 2412 1493 2464 Cantabrigiensi.

218 2470 263 2511 6.
292 2472 400 2524 Apud
431 2474 663 2514 Cotelerium
682 2505 692 2523 ‚
725 2476 890 2514 Petrum
923 2478 1035 2530 Apo·
1156 2477 1209 2528 (5)
1242 2478 1354 2517 Com.
1382 2478 1516 2517 haeres.
1538 2478 1603 2516 lib.
1625 2491 1666 2515 in
1684 2507 1693 2524 ‚
1711 2491 1792 2540 cap.
1827 2491 1860 2515 1.

224 2537 365 2586 stolio„
393 2548 484 2579 tom.
515 2553 551 2588 ι,
581 2542 670 2580 edit.
694 2543 754 2579 cit.
782 2556 866 2580 cum
903 2544 1030 2582 adnot.
1153 2543 1209 2593 (6)
1240 2543 1348 2596 Apud
1371 2544 1505 2583 Euseb.
1530 2544 1597 2582 lib.
1617 2557 1670 2591 ιι,
1697 2557 1779 2594 cap.
1810 2539 1873 2580 25-

224 2599 276 2657 39
297 2603 413 2642 Junii.
1154 2609 1206 2659 (7)
1238 2610 1334 2649 [hid.
1361 2624 1444 2662 cap.
1482 2608 1544 2649 15.

274 2670 325 2721 (2)
356 2669 398 2707 In
433 2669 566 2722 Epist.
592 2670 645 2708 ad
678 2671 785 2709 Rom.
819 2670 914 2710 [bid.
941 2682 1032 2713 tom.
1159 2676 1209 2728 (8)
1240 2677 1339 2715 lbird.
1359 2678 1425 2716 lib.
1450 2691 1517 2725 m,
1540 2691 1624 2728 cap.
1651 2688 1683 2713 ι.

220 2747 248 2772 ¹¹
266 2764 275 2781 ν
304 2748 385 2786 cap·
409 2733 448 2785 4·
1151 2742 1202 2793 (9)
1228 2743 1343 2794 Epist.
1371 2757 1439 2791 ιιι,
1477 2743 1529 2780 ad
1555 2739 1774 2780 Antoniam.
1809 2738 1900 2777 edit.

275 2799 325 2850 (3)
357 2802 465 2852 Apud
489 2801 623 2843 Euseb.
653 2801 761 2840 Hiet.
786 2803 1024 2854 ecchlibar,
1094 2808 1216 2848 Maur.
1254 2824 1336 2864 pag.
1375 2807 1454 2858 683
1488 2817 1582 2847 tum.
1613 2807 1719 2859 epist.
1759 2804 1907 2851 2v‚Ad

219 2879 301 2917 caP·
331 2864 391 2905 ¹5·
1099 2873 1248 2912 Cornel.
1271 2889 1356 2925 pag.
1380 2873 1433 2912 86
1453 2903 1463 2914 .
1487 2882 1524 2911 et
1557 2871 1644 2909 alibi
1679 2873 1828 2921 passim.

273 2931 324 2983 (4)
355 2933 457 2972 Ibid.
488 2948 573 2985 cap.
601 2933 678 2980 25,
703 2936 741 2972 in
768 2949 879 2995 quem
907 2936 1029 2975 locum
1153 2940 1234 2989 (10)
1267 2940 1407 2978 Horum
1447 2935 1660 2990 singillatim
1699 2936 1905 2974 testimonia

218 2999 285 3036 cfr.
302 2999 462 3039 adnotat.
490 2999 681 3056 Wilhelmi
710 2999 863 3054 Lowth,
883 3003 921 3039 in
942 3004 1029 3042 edit.
1097 3004 1243 3056 collegit
1270 3018 1312 3044 ac
1330 3004 1481 3056 protulit
1505 3005 1585 3056 ipse
1610 3004 1664 3042 vir
1688 3009 1903 3054 protestans,

2003 261 2025 336 5⁴3²?ssss

2022 742 2025 751 Α
2023 728 2026 735 ,
1996 390 2028 712 ...ξῄιέὲῖκέ-Ῥίβὲὲἷῗῗῗᾴ*
1998 337 2025 386 <52³3
