2028 3354
498 203 625 233 PART.
666 204 698 232 1.
738 202 840 232 GAP.
874 198 942 231 111.
978 201 1032 231 lm
1068 199 1285 232 EGCLESIAE
1319 201 1467 232 nous.

1727 185 1823 233 203

126 318 365 380 jiciamus,
404 335 510 366 cum
541 334 596 366 ex
626 317 761 365 dictis
797 316 904 364 satis
935 317 995 364 sit
1026 334 1193 381 urgere
1222 315 1424 365 schisma
1445 353 1459 378 .‚
1492 325 1544 367 ut
1571 315 1822 385 abruptam

133 407 317 457 prorsus
347 412 443 443 esse
470 395 807 443 successionem
835 393 964 440 illam
997 393 1176 459 liquido
1209 392 1452 443 elucescat.

197 471 309 519 314.
348 469 418 517 Ad
449 469 570 526 101111.⁵
597 472 723 519 Dz‘st.
749 469 821 518 Ad
842 487 950 517 eum
968 469 1163 517 modum
1182 505 1194 528 ,
1217 487 1310 534 quo
1333 488 1431 517 non
1455 469 1544 516 fuit
1562 469 1824 519 voluntaria

131 546 358 612 separatio
378 546 603 606 Nestorii,
635 545 928 610 EutychetiS,
955 547 1223 593 Graecorum
1248 543 1540 611 aliorumque
1575 547 1824 610 ejusmodi,

129 754 314 806 qualitate
341 761 411 792 aut
438 753 547 792 modo
570 751 804 807 procedendi
842 763 943 789 com-

130 819 400 858 missariorum
416 818 428 869 (
441 819 479 857 id
504 826 570 866 est,
584 818 863 869 Episcoporum‚
877 817 941 867 qui

131 893 393 924 consecrarunt
421 883 642 933 Parkerum)
661 912 671 930 ‚
703 883 759 919 ita
792 881 837 918 id
860 881 942 918 exi-

130 959 239 1002 yeme
257 959 422 1003 tempore
434 956 468 988 et
481 949 712 987 necessitate.
736 947 849 999 Igitur
868 947 942 986 sola

133 1019 242 1065 ratio,
255 1031 328 1069 qua
341 1015 538 1069 justificata
554 1023 607 1053 est
619 1014 682 1052 illa
695 1015 940 1062 consecratio,

131 1082 202 1120 suit
222 1081 420 1132 exiqentia
431 1092 542 1117 casas
555 1108 567 1125 ‚
583 1093 686 1118 secus
699 1081 836 1132 quippe
847 1093 941 1117 nova

132 1146 291 1185 Ecclesia
312 1154 408 1184 recta
437 1146 564 1183 fuisset
592 1145 638 1183 ab
660 1145 847 1196 Episcopis
865 1158 942 1183 non

132 1214 361 1252 consecratis.
395 1209 598 1249 Radicalis
632 1219 755 1249 autem
784 1211 846 1248 hic
879 1209 944 1248 de-

132 1279 249 1317 fectus
270 1280 384 1330 magis
407 1277 624 1316 manifestus
645 1278 687 1315 fit
708 1291 750 1316 ex
764 1291 823 1325 eo,
840 1273 943 1329 quod

134 1358 195 1382 sex
222 1343 505 1396 insequentibus
540 1345 647 1381 annis
674 1373 685 1391 ‚
724 1343 771 1382 ad
808 1357 941 1381 unam·

133 1423 324 1463 quamque
348 1409 663 1449 consecrationem
686 1418 722 1448 et
746 1408 943 1447 confirma·

132 1477 271 1515 tionem
307 1478 397 1515 novi
421 1474 618 1526 Episcopi,
650 1476 871 1513 insereretur
903 1476 943 1513 in

133 1542 398 1579 commissione
412 1540 681 1591 metropolitani
701 1539 825 1579 eadem
844 1540 945 1577 clau-

134 1607 214 1646 sula
246 1609 425 1645 sanatoria
457 1609 676 1659 proveniens
710 1621 754 1645 ex
778 1606 943 1658 plenitu-

134 1671 225 1710 diue
236 1675 341 1723 regiae
352 1671 555 1723 potestatis,
570 1673 628 1710 his
639 1673 816 1709 nimirum
824 1671 944 1710 verbis

133 1746 309 1789 concepta
341 1751 353 1776 ε
384 1736 612 1790 Supplentes
636 1751 682 1776 ea·
717 1737 943 1786 auctoritate

130 1815 308 1855 suprema
324 1804 480 1854 reqia...
493 1802 602 1841 nohis
614 1802 781 1854 deleqata
795 1830 809 1851 ‚
825 1802 940 1853 quid-

130 1869 226 1920 quid
246 1870 293 1906 in
316 1868 388 1906 hac
402 1867 582 1907 electione
590 1869 714 1921 fuerit
737 1868 939 1919 desectum,

130 1940 211 1971 tum
256 1935 301 1971 in
345 1934 405 1971 his
443 1947 526 1985 quoe
557 1936 679 1986 juxta
718 1933 944 1971 mandatum

130 1999 239 2037 nobis
285 1999 496 2048 creditum,
527 2013 551 2036 a
591 2000 700 2039 nobis
726 1999 875 2051 factum
907 2007 943 2037 et

127 2078 349 2117 processum
372 2071 450 2112 est,
470 2072 538 2103 aut
552 2066 595 2103 in
616 2066 751 2112 nohis,
777 2070 848 2103 aut
872 2064 943 2101 ati-

130 2143 291 2180 quorum
314 2136 531 2169 nostrorum
554 2131 772 2169 conditione
787 2158 800 2179 ‚
819 2136 938 2177 statu,

125 2194 306 2243 facultate
340 2195 392 2234 ad
422 2195 501 2234 haeo
539 2194 779 2247 perficienda
813 2194 940 2244 deest,

131 2264 201 2297 aut
221 2260 356 2306 deerit,
380 2267 460 2299 tum
478 2262 594 2299 etiam
608 2273 756 2308 eorum,
775 2273 858 2310 quoe
871 2273 945 2312 per

131 2331 271 2364 statuta
292 2326 407 2379 hujus
438 2328 547 2379 reqm‘
569 2326 754 2378 Απῃῖἱω,
781 2332 849 2364 aut
871 2339 945 2379 per

131 2389 229 2442 leqes
257 2391 527 2431 ecclesiasticas
567 2392 638 2431 hac
665 2392 711 2430 in
741 2397 850 2444 parte
881 2404 943 2429 re-

130 2457 277 2508 quisita
287 2463 379 2494 sunt
398 2462 465 2495 aut
476 2459 708 2503 necessaria,
717 2463 834 2509 prout
851 2463 944 2495 tem-

124 2522 234 2574 poris
256 2522 357 2560 ratio
387 2529 425 2560 et
446 2535 573 2561 rerum
599 2523 851 2575 proesentium
880 2536 946 2560 ne-

131 2589 287 2627 cessitas
307 2588 350 2625 id
354 2587 564 2640 postulant.
574 2589 676 2627 Talis
693 2597 746 2627 est
762 2587 943 2637 clausula,

130 2668 205 2707 qua
228 2656 286 2693 usi
302 2661 389 2692 sunt
402 2661 561 2706 quatuor
583 2654 753 2706 Episcopi
776 2656 947 2707 quicon-

133 2728 317 2759 secr-arunt
338 2719 537 2758 Parkerum
560 2720 619 2758 die
651 2731 696 2773 17
719 2718 809 2758 Dec.
843 2716 946 2772 1559

133 2784 173 2821 in
194 2785 325 2824 sacello
349 2784 619 2824 Lambethano.
636 2784 769 2823 Parker
789 2798 872 2822 vero
887 2783 947 2823 die

136 2859 187 2885 20
213 2848 375 2888 Ianuarii
403 2852 499 2889 vices
527 2849 688 2889 reddidit
720 2848 796 2888 suis
816 2862 956 2888 conse-.

132 2916 330 2955 crateribus
340 2917 517 2957 Barlowio
530 2924 566 2956 et
577 2917 733 2970 Scoreyo
747 2945 760 2966 ,
783 2929 843 2955 eos
856 2929 946 2955 con·-

133 2979 315 3021 firmando
344 2982 471 3022 eadem
518 2981 690 3022 clausula
734 2982 944 3021 sanatoria.

1008 749 1093 788 Jam
1104 763 1190 788 vero
1204 759 1413 802 opportune
1426 753 1626 803 interrogat
1639 752 1798 806 Lingard
1812 786 1823 803 ‚

1007 829 1133 854 nonne
1166 817 1207 853 iu
1245 815 1318 855 hoo
1349 818 1496 868 negotio
1522 818 1662 870 aliquid
1696 820 1827 858 circuli

1008 882 1127 919 vitiosi
1148 880 1383 921 intercessit?
1410 882 1577 921 Tandem
1606 896 1704 923 auno
1725 883 1828 924 1566

1009 954 1094 985 actu
1110 945 1361 985 Parlamenti
1375 947 1571 986 definitum
1594 956 1647 987 est
1662 978 1673 997 ‚
1698 949 1800 1002 quod
1814 980 1825 998 ‚

1009 1026 1094 1050 cum
1129 1011 1270 1063 Regina
1310 1012 1353 1050 in
1382 1014 1609 1064 possessione
1643 1015 1689 1052 sit
1713 1016 1827 1054 totius

1005 1076 1276 1131 jurisdictionis
1296 1108 1307 1127 ,
1334 1081 1503 1118 omnium
1533 1080 1825 1133 privilegiorum,

1008 1147 1306 1196 superioritatum
1320 1159 1364 1184 ac
1378 1147 1737 1197 praeeminentiarum
1749 1149 1825 1200 spi-

1007 1211 1202 1248 ritualium
1232 1217 1269 1247 et
1297 1211 1648 1259 ecclesiasticarum,
1689 1212 1828 1266 quihus

1008 1275 1118 1314 fruiti
1137 1283 1222 1313 sunt
1235 1276 1315 1327 ejus
1336 1277 1637 1329 praedecessores,
1663 1292 1826 1331 cumque

1008 1353 1188 1393 suprema
1210 1346 1393 1393 potestate
1431 1348 1467 1380 et
1501 1342 1726 1381 auctoritate
1753 1356 1826 1383 sua

1009 1405 1287 1458 dispensaverit
1322 1407 1371 1445 ab
1398 1407 1576 1446 omnibns
1612 1407 1742 1447 causis
1779 1423 1825 1448 ac

1009 1470 1141 1509 dubiis
1164 1473 1336 1523 cujusvis
1360 1473 1661 1525 imperfectionis
1679 1480 1749 1513 aut
1761 1475 1826 1513 in-

1009 1538 1236 1589 capacitatis
1260 1538 1305 1574 in
1323 1538 1615 1588 confirmatione
1641 1546 1678 1577 et
1697 1552 1824 1578 eonse-

1009 1604 1178 1641 cratione
1199 1601 1482 1656 Episcoporam
1498 1619 1563 1656 per
1584 1619 1664 1643 suas
1688 1606 1824 1645 litteras

1010 1676 1201 1720 patentes,
1231 1668 1315 1707 ideo
1335 1683 1461 1708 omnes
1479 1678 1581 1709 actus
1602 1678 1639 1710 et
1662 1679 1761 1723 gesta
1782 1672 1824 1710 in

1010 1735 1192 1787 ejusmodi
1234 1734 1494 1775 occasionibus
1537 1745 1657 1775 essent
1713 1745 1824 1790 atque

1010 1799 1137 1838 haberi
1177 1813 1221 1838 ac
1260 1800 1418 1852 judicari
1452 1801 1629 1840 deberent
1655 1801 1754 1841 bona
1788 1812 1824 1842 et

1010 1864 1167 1915 perfecta
1189 1863 1322 1914 (firma
1347 1873 1383 1904 et
1405 1866 1503 1918 rata)
1531 1866 1600 1905 sub
1625 1870 1726 1906 omni
1749 1882 1823 1906 res-

1009 1937 1119 1981 pectu
1143 1937 1179 1968 et
1202 1929 1276 1968 fine
1288 1960 1300 1979 ‚
1321 1945 1396 1969 non
1417 1931 1650 1970 obstantibus⁴
1668 1933 1825 1986 quibus-

1011 2009 1171 2047 cumque
1191 1998 1230 2032 in
1257 1997 1481 2036 contrarium
1504 1996 1682 2047 (Statuta
1698 1998 1827 2050 Reqm‘

1011 2072 1047 2098 ιν
1063 2089 1073 2108 ,
1102 2058 1219 2111 485).
1254 2060 1306 2099 Ex
1328 2070 1418 2101 tunc
1439 2076 1482 2101 ac
1504 2063 1676 2115 deinceps
1708 2063 1826 2117 quod-

1012 2128 1065 2165 vis
1085 2126 1243 2164 dubium
1268 2126 1439 2166 habitum
1462 2136 1516 2167 est
1530 2136 1708 2180 tanquam
1720 2142 1825 2181 pror-

1011 2206 1073 2230 sus
1109 2191 1300 2231 sublatum
1332 2223 1343 2243 ‚
1375 2202 1411 2233 et
1440 2194 1604 2233 clausula
1643 2196 1825 2233 sanatoria

1012 2256 1147 2297 omissa
1180 2258 1266 2297 fuit.
1296 2259 1443 2298 Judicet
1483 2261 1599 2298 lector
1626 2259 1671 2298 de
1703 2260 1823 2299 eccle-

1012 2324 1155 2362 siastica
1194 2323 1327 2375 regiuoe
1367 2323 1588 2364 Elisabethae
1621 2338 1825 2378 regumque

1013 2389 1290 2441 anglicanorum
1326 2398 1530 2442 potestate,
1560 2404 1629 2429 nec
1668 2405 1743 2430 non
1779 2391 1825 2430 de

1014 2451 1154 2494 ludicro
1179 2455 1250 2494 hoc
1274 2456 1463 2504 dramate,
1494 2464 1528 2494 et
1552 2456 1715 2496 conferat
1738 2471 1825 2496 cum

1014 2520 1077 2569 iis,
1092 2534 1174 2573 quae
1191 2521 1299 2560 nobis
1326 2522 1491 2560 obtrudit
1518 2519 1634 2561 Guill.
1657 2519 1823 2562 Palmer.

1015 2583 1116 2624 Nihil
1136 2587 1257 2626 dicam
1269 2587 1314 2626 de
1334 2587 1445 2626 altero
1470 2588 1606 2640 capite,
1626 2601 1700 2640 quo
1719 2587 1827 2626 Ordi-

1016 2653 1209 2691 nationum
1226 2652 1502 2704 anglicanarum
1530 2652 1700 2692 validitas
1722 2652 1829 2692 labo-

1016 2724 1098 2764 rat,
1126 2717 1173 2756 de
1196 2718 1315 2756 forma
1340 2719 1478 2757 scilicet
1504 2717 1670 2757 adhibita
1698 2708 1826 2757 conse-

1017 2784 1204 2822 crationis.
1219 2782 1324 2822 Certe
1334 2783 1505 2836 Episcopi
1517 2786 1716 2823 consecrati
1726 2798 1738 2836 1
1744 2791 1827 2822 uxta

1011 2849 1168 2888 sormam
1191 2849 1352 2888 Ritualis
1367 2849 1530 2888 Eduardi
1552 2863 1610 2900 w,
1627 2849 1696 2887 sub
1717 2861 1828 2900 regno

1011 2914 1136 2953 Mariae
1156 2915 1313 2968 depositi
1335 2919 1425 2953 sunt
1441 2914 1490 2954 ob
1512 2913 1727 2953 nullitatem
1737 2924 1827 2950 con-

1014 2981 1236 3020 secrationis
1247 3009 1261 3031 ‚
1275 2993 1392 3034 eaque
1403 2980 1518 3019 forma
1534 2982 1670 3019 inserta
1693 2980 1731 3017 in
1745 2988 1829 3016 mo·
