2028 3354
188 180 283 229 316

665 196 819 228 TRACT.
857 199 912 228 DE
948 200 1068 230 LOCIS
1104 202 1406 234 THEOLOGICIS.

190 312 369 360 unitate
410 309 751 368 conservandi,
794 309 978 375 aliaque
1016 312 1283 376 hujusmodi
1319 316 1592 382 praestandi.
1648 320 1701 364 In
1743 318 1887 383 priori

189 396 419 455 potestate
445 385 647 451 aequales
681 386 820 434 Petro
863 387 1054 435 fuerunt
1093 391 1300 455 Apostoli
1322 411 1484 442 omnes
1504 430 1517 453 ,
1564 404 1610 442 et
1633 395 1721 442 hoc
1749 412 1889 442 sensu

189 472 419 516 vocantur
468 462 775 511 fundamenta
825 463 1038 512 Ecclesiae
1087 483 1181 513 una
1220 484 1325 515 cum
1357 472 1531 530 Petr03
1562 473 1611 517 in
1645 472 1890 537 posteriori

191 541 397 605 dispares
411 540 603 587 fuerunt
617 541 758 587 ceteri
774 540 980 604 Apostoli
996 558 1020 587 a
1038 542 1173 589 Petro
1189 577 1203 601 ,
1218 544 1328 607 quia
1341 561 1365 590 a
1376 545 1559 593 Christo
1569 583 1581 607 ,
1604 556 1658 594 ut
1673 548 1890 607 vidimus,

189 618 289 682 ipse
328 617 607 663 constitutus
650 616 738 664 fuit
766 616 895 672 fons,
937 616 1071 665 radix
1108 627 1154 665 et
1184 618 1546 669 fundamentum
1576 623 1892 671 ecclesiasticae

189 693 386 740 unitatis
413 694 501 756 (1).

226 811 229 816 .
257 769 367 816 472.
406 768 542 827 Quod
574 786 685 818 vero
712 778 890 834 spectat
927 769 986 817 ad
1020 772 1272 819 secundam
1307 774 1741 840 interpretationem
1767 795 1777 823 :
1806 776 1894 823 Alii

190 847 350 893 Patres
408 846 561 893 Petrae
605 845 797 893 nomine
837 846 1108 909 intelligunt
1149 847 1387 897 Christum
1422 851 1577 915 ipsum
1600 887 1614 911 .,
1660 853 1792 899 Disc.
1843 860 1895 899 ut

190 930 373 988 petram
403 921 715 987 principalem
749 930 796 968 et
816 924 1104 970 meritoriam
1139 924 1372 971 firmitatis
1407 935 1551 990 petrae
1585 927 1894 985 secundariae,

191 1015 343 1051 conc.;
393 998 454 1044 ad
485 997 801 1045 exclusionem
847 1008 990 1063 petrae
1032 1000 1312 1048 secundariae
1336 1038 1348 1062 ,
1382 1003 1506 1049 Petri
1551 1020 1755 1069 nempe,
1797 1019 1898 1068 quae

194 1092 220 1121 a
258 1082 392 1139 petra
423 1073 673 1138 principali
699 1075 936 1136 firmetur,
977 1092 1079 1139 neq.
1119 1076 1377 1124 Voluerunt
1416 1077 1587 1125 scilicet
1618 1081 1777 1127 Patres
1814 1097 1898 1144 per

195 1149 423 1212 ejusmodi
435 1150 878 1215 interpretationem
890 1151 1162 1214 significare,
1179 1152 1414 1199 Christum
1431 1153 1581 1200 solum
1595 1171 1692 1201 esse
1712 1164 1897 1219 petram

194 1226 504 1291 principalem
544 1224 774 1287 Ecclesiae,
815 1231 949 1289 juxta
977 1226 1094 1275 illud
1126 1227 1282 1287 Pauli,
1310 1231 1328 1274 Ι
1354 1230 1459 1276 Cor.
1500 1230 1592 1289 III⁷
1630 1231 1686 1276 11
1721 1247 1731 1276 :
1763 1234 1898 1277 Fun-

195 1303 479 1349 damentum
503 1304 648 1349 aliud
679 1321 815 1350 nemo
838 1313 990 1368 potest
1012 1321 1191 1368 ponere
1214 1307 1466 1367 praet-criel
1488 1343 1501 1365 a
1528 1307 1657 1369 quod
1683 1310 1896 1368 positum

196 1387 287 1438 est,
319 1381 450 1442 quod
482 1388 549 1426 est
586 1380 806 1428 Christus
830 1381 986 1429 Jesus.
1024 1382 1082 1427 At
1112 1398 1206 1428 non
1238 1381 1504 1429 inficiantur
1526 1419 1538 1442 ⁷
1577 1385 1768 1430 Petrum
1800 1399 1897 1430 esse

199 1464 384 1520 petram
429 1455 754 1503 secundariam
792 1465 840 1502 et
873 1456 922 1502 in
968 1456 1152 1504 Christo
1193 1456 1438 1505 fundatam
1461 1495 1474 1518 .,
1510 1467 1653 1523 prout
1694 1457 1900 1522 postulat

198 1531 417 1579 orationis
436 1532 575 1579 series
588 1549 639 1579 ac
656 1531 912 1581 verborum
927 1534 1225 1580 constructio.
1247 1534 1430 1581 Etenim
1450 1569 1463 1594 ‚
1490 1534 1527 1580 si
1539 1535 1676 1582 Petro
1695 1543 1898 1593 semoto⁸>

200 1624 341 1672 super
363 1625 412 1655 se
428 1617 618 1655 tantum
641 1608 852 1655 Christus
876 1608 1148 1656 aedificatam
1172 1609 1419 1657 Ecclesiam
1441 1610 1654 1658 adductis
1675 1610 1898 1658 voluisset

197 1683 352 1734 verbis
375 1684 655 1748 significare,
670 1686 740 1731 uti
758 1685 952 1732 adnotat
972 1686 1023 1733 P.
1047 1685 1392 1734 Scheffmacher
1408 1722 1421 1746 ,
1448 1687 1511 1734 sic
1526 1685 1718 1734 deberet
1739 1703 1900 1734 eorum

197 1761 405 1824 syntaxis
443 1762 664 1807 constitui
700 1779 711 1808 :
761 1761 836 1808 Tu
867 1779 911 1808 es
935 1762 1133 1818 Petrus,
1164 1771 1217 1810 tu
1256 1764 1423 1810 Simon
1442 1799 1456 1820 ,
1483 1780 1624 1826 quem
1658 1764 1898 1826 alloquor,

198 1846 241 1883 cc
265 1853 342 1900 eyo
356 1874 370 1893 ,
389 1840 478 1899 qui
503 1845 655 1883 tecum
671 1839 835 1900 loquor
855 1873 872 1895 ,
897 1854 1003 1884 sum
1026 1843 1119 1885 ista
1134 1848 1273 1902 petra
1285 1874 1303 1896 ,
1324 1848 1367 1886 et
1383 1856 1528 1902 super
1545 1840 1672 1886 lzanc
1682 1848 1895 1902 petram,

197 1913 255 1959 id
273 1921 340 1959 est
364 1930 510 1975 super
530 1931 602 1959 me
617 1952 629 1968 ,
651 1914 891 1976 oedzficaho
912 1914 1180 1962 Ecclesiam
1205 1932 1359 1962 meam
1375 1954 1388 1971 ,
1412 1924 1456 1961 et
1473 1917 1567 1962 cibi
1592 1916 1714 1963 daho
1745 1917 1895 1962 claves

197 1991 338 2053 requi
370 1977 596 2037 caelorum
637 1990 721 2055 (2).
757 1990 870 2051 Quis
913 2007 1051 2055 porro
1086 1990 1365 2050 affirmabit,
1401 1991 1639 2039 Christum
1681 1991 1796 2039 adeo
1832 1991 1899 2038 in-

257 2200 311 2252 (1)
344 2200 418 2252 Op.
440 2202 505 2238 cit.
541 2199 723 2253 Replique
754 2213 807 2237 aa
831 2201 891 2238 roi
911 2200 957 2238 de
973 2200 1011 2238 la

200 2263 357 2303 Grande
365 2265 559 2316 Bretaqne
571 2268 742 2317 ‚cap.cit.
755 2280 793 2316 p.
806 2263 901 2315 450,
915 2264 1009 2315 458.

253 2332 306 2382 (2)
336 2334 482 2370 Lettres
503 2332 598 2370 d’un
621 2332 775 2370 docteur
800 2330 1012 2383 camelique

144 2426 146 2428 -
199 2396 224 2434 ὰ
248 2409 303 2433 un
321 2398 450 2448 yrand
462 2398 831 2450 hommeprotestam
846 2427 856 2446 ‚
878 2406 966 2436 tom.
981 2412 1009 2445 ι,

197 2463 299 2500 trois.
327 2461 423 2501 lettr.
460 2476 547 2515 pag.
584 2476 653 2515 171
678 2493 687 2510 ‚
714 2462 863 2501 Strasb.
894 2464 1009 2515 1730.

200 2525 285 2565 Huc
299 2529 432 2578 pariter
450 2536 587 2580 spectat
607 2528 855 2579 pulcherrima
874 2528 1011 2567 laudati

198 2592 402 2632 cardinalis
430 2594 635 2633 observatio
659 2596 754 2633 circa
784 2592 921 2632 nomen
939 2591 1013 2633 Pe-

197 2660 279 2708 tri,
315 2662 356 2697 in
387 2659 467 2698 loco
502 2659 547 2698 de
577 2673 651 2712 quo
693 2664 849 2712 agimus.
885 2659 1013 2700 Voluit

198 2724 365 2765 Christus
385 2726 442 2764 his
454 2727 573 2765 verbis
589 2740 599 2765 :
622 2726 686 2765 Tu
697 2740 736 2765 es
750 2727 891 2765 Petrus
908 2758 919 2776 ‚
935 2736 1006 2767 etc.

200 2790 423 2830 allusionem
453 2792 572 2830 facere
598 2792 646 2831 ad
669 2806 807 2831 nomen
832 2792 869 2831 S.
898 2793 1008 2833 Petri.

198 2858 283 2897 Jam
309 2871 393 2897 vero
417 2872 545 2897 omnes
570 2859 766 2898 allusiones
790 2858 836 2897 ad
859 2864 1012 2899 nomina

200 2924 259 2964 vel
288 2925 483 2965 allusiones
520 2934 606 2965 sunt
628 2926 930 2976 confirmationis
957 2926 1015 2965 vel

198 2992 515 3042 reprehensionis,
537 2992 745 3031 Allusiones
767 2987 1016 3032 confirmatio-

1078 2204 1136 2240 nis
1158 2199 1230 2239 iliae
1252 2201 1428 2239 dicuntur
1442 2228 1453 2250 ‚
1480 2200 1615 2253 quibus
1640 2198 1816 2251 probatur
1837 2206 1901 2236 aut

1078 2267 1316 2305 confirmatur
1354 2268 1517 2304 nominis
1551 2267 1763 2316 impositio,
1794 2263 1896 2316 quod

1079 2332 1188 2371 alicui
1201 2334 1363 2383 primum
1377 2332 1507 2370 datum
1522 2339 1590 2379 est,
1605 2333 1657 2368 uti
1672 2344 1758 2369 cum
1772 2329 1902 2380 Vopis-

1080 2411 1143 2435 cus
1154 2406 1258 2435 vocat
1268 2395 1697 2448 ImperatoremProbum
1712 2408 1797 2433 vere
1803 2407 1899 2446 pro-

1078 2462 1223 2508 hum‚et
1234 2462 1496 2514 Imperatorem
1508 2461 1644 2500 Carum
1654 2474 1739 2499 vere
1748 2472 1894 2503 carum,

1079 2543 1122 2568 ac
1163 2528 1318 2568 Sanetus
1350 2530 1567 2569 Athanasius
1614 2530 1707 2568 dicit
1742 2527 1897 2566 Hosinm

1079 2609 1162 2635 vere
1172 2595 1338 2654 hosium,
1351 2597 1390 2634 id
1400 2604 1452 2635 est
1459 2610 1556 2644 ,vere
1566 2602 1740 2634 sanctum
1751 2609 1766 2642 ;
1778 2593 1898 2631 conci-

1079 2661 1173 2700 lium
1200 2661 1655 2714 Constantinopolitanum
1677 2659 1746 2699 sub
1762 2657 1898 2696 Menna

1077 2727 1301 2767 celebratum
1318 2728 1475 2780 appellat
1503 2728 1713 2779 pontificem
1741 2723 1884 2773 Agape-

1078 2802 1157 2832 tum
1181 2807 1264 2832 vere
1285 2800 1487 2846 agapetum
1504 2822 1515 2840 ,
1546 2793 1586 2830 id
1608 2799 1660 2829 est
1672 2817 1686 2836 ,
1708 2787 1887 2825 dilectum

1079 2874 1142 2899 seu
1176 2866 1362 2898 amatum.
1410 2859 1614 2896 Allnsiones
1652 2855 1888 2892 correctionis

1080 2926 1149 2965 illae
1174 2935 1287 2974 sunt,
1319 2937 1402 2978 quae
1430 2925 1524 2962 fiunt
1551 2922 1596 2960 ad
1629 2919 1888 2972 corrigendum

1083 3005 1125 3030 ao
1145 2989 1489 3043 reprehendendum
1506 3018 1517 3038 ,
1548 2988 1711 3040 aliquem
1727 3001 1770 3026 eo
1792 2984 1892 3038 quod
