2028 3354
293 270 421 301 PART.
460 271 493 299 1.
533 268 654 299 SEG'I'·
691 269 743 298 11.
783 268 885 298 GAP.
923 268 993 297 111.
1033 268 1087 296 DE
1122 267 1231 297 NAT.
1270 267 1323 296 ET
1358 265 1458 296 JUR.
1493 264 1617 295 Pium.
1703 247 1794 294 451

167 394 278 443 657.
304 396 437 441 Patet
458 391 622 439 itidem
641 393 694 438 20
712 392 824 457 quid
842 391 900 439 de
924 392 981 438 iis
1003 391 1324 447 sentiendum,
1351 391 1430 456 qui
1455 390 1670 456 perfricta
1693 407 1800 437 om·-

97 471 210 519 nino
251 471 404 517 fronte
439 478 706 517 asseverant
743 484 842 516 esse
869 469 921 514 in
956 477 1187 532 potestate
1219 467 1414 514 Concitii
1449 466 1629 514 deferre
1660 465 1798 513 alteri

98 547 449 613 praesidentiam
474 562 615 609 quam
637 544 796 608 legatis
818 544 1065 609 pontificiis
1088 578 1099 600 7
1126 541 1323 608 perinde
1346 559 1398 589 ac
1412 543 1449 589 si
1469 542 1679 590 Pontifex
1694 546 1800 604 jure

97 623 262 672 divino
282 640 334 670 ac
358 622 545 687 proprio
565 621 811 686 exspoliari
839 638 864 667 a
885 636 1122 685 quoquam
1142 627 1297 682 posset
1313 654 1326 677 7
1349 627 1397 665 et
1420 619 1471 665 in
1493 627 1632 683 caput
1656 636 1800 666 mem·

95 698 179 746 bra
210 699 566 745 dominarentur
590 697 675 760 (l).

162 773 255 822 658
318 775 452 820 Patet
473 772 702 827 similiter2
728 770 842 835 quid
864 770 924 816 sit
941 769 1242 816 sentiendum
1263 767 1316 815 30
1328 768 1388 816 de
1412 770 1466 816 iis
1480 805 1494 829 ,
1513 771 1593 834 qui
1615 772 1808 835 pontifi-

96 851 216 897 ciam
261 850 662 897 confirmationem
693 846 751 893 ad
789 862 972 892 merum
1010 844 1283 909 suffragium
1313 845 1605 908 restringunt
1627 882 1639 905 ,
1676 856 1723 893 et
1747 847 1809 894 ad

97 943 357 984 assensum,
383 921 706 987 cujusmodiab
725 921 889 968 infimo
915 921 1138 985 Episcopo
1159 920 1331 975 datur;
1353 920 1431 969 vel
1457 921 1538 985 qui
1560 929 1774 968 statuunt
1793 959 1806 980 ‚

100 1001 302 1050 Consilia
326 999 611 1049 oecumenica
641 996 817 1061 absque
838 995 931 1042 ulla
954 996 1160 1044 ulteriori
1180 996 1521 1062 approbatione
1545 997 1810 1046 infallibilia

106 1096 204 1126 esse
223 1114 236 1137 a
274 1087 324 1123 ut
364 1076 537 1123 facilius
573 1074 685 1120 inde
716 1074 937 1121 evincant
971 1073 1229 1119 Concilium
1254 1075 1599 1121 oecumenicum
1621 1109 1633 1133 ⁷
1661 1074 1711 1121 id
1741 1084 1813 1122 est

110 1153 412 1219 acephalum,
446 1168 586 1215 supra
614 1149 886 1196 Pontificem
926 1166 1026 1197 esse
1052 1150 1139 1214 (2).
1174 1149 1233 1195 Hi
1263 1151 1392 1196 enim
1419 1167 1581 1197 omnes
1603 1159 1713 1197 sunt
1734 1167 1812 1198 ca·—

107 1229 265 1276 tholiei
288 1227 480 1286 larvati,
508 1236 554 1272 et
572 1241 719 1272 causae
737 1224 974 1272 catholicae
1004 1224 1283 1291 proditores7
1306 1225 1385 1289 qui
1411 1225 1516 1272 odio
1544 1234 1741 1273 aestuant
1763 1227 1812 1273 in

109 1304 405 1372 apostolicam
429 1302 614 1363 Sedem,
630 1320 772 1367 quam
796 1320 881 1367 pro
893 1319 1086 1350 munere
1109 1302 1229 1349 tueri
1241 1319 1292 1350 ac
1303 1302 1558 1350 defendere
1570 1302 1811 1351 deberent.

175 1381 287 1428 659.
328 1381 603 1444 Priusquam
635 1395 744 1425 vero
772 1377 1067 1425 difficultates
1096 1377 1474 1425 adversariorum
1497 1379 1811 1442 proferamuS‚

110 1474 261 1524 operae
303 1456 506 1521 pretium
535 1455 624 1503 erit
658 1440 1059 1513 animadvertere,
1112 1455 1212 1501 fieri
1243 1454 1524 1519 quandoque
1558 1472 1720 1519 posse,
1764 1464 1816 1502 ut

112 1532 367 1580 Concilium
398 1548 550 1596 neque
573 1532 907 1579 convocatione
930 1565 942 1588 ,
968 1546 1121 1594 neque
1144 1530 1440 1595 praesidentia
1467 1547 1587 1577 rom.
1619 1531 1818 1578 Pontifi-

115 1610 179 1655 cis
205 1607 489 1656 celebratum
522 1606 607 1667 sit,
647 1605 859 1654 obtineat
893 1614 1049 1653 tamen
1091 1605 1368 1669 dignitatem
1397 1606 1588 1653 Concilii
1611 1623 1818 1654 oecume-

116 1684 208 1731 nici
246 1683 493 1731 accedente
529 1700 650 1730 rom.
693 1682 931 1729 Pontifieis
971 1681 1309 1747 approbatione
1342 1690 1389 1729 et
1422 1682 1778 1731 confirmatione
1802 1718 1815 1742 ‚

118 1759 375 1822 cujusmodi
417 1767 631 1806 censetur
656 1758 915 1806 Concilium
952 1758 1523 1823 Constantinopolitanum
1559 1761 1595 1806 l.
1639 1760 1819 1806 Confir·

120 1836 325 1884 matione
355 1838 485 1885 enim
512 1836 748 1901 pontificia
774 1836 983 1883 defectus
1000 1872 1012 1895 7
1043 1835 1078 1881 si
1102 1836 1181 1901 qui
1202 1836 1374 1883 fuerint
1391 1872 1404 1895 .,
1427 1837 1580 1883 sanari
1604 1845 1815 1902 possunt.

773 2001 884 2033 DIFF
893 1999 1168 2033 lCULTATES.

193 2133 305 2182 660.
345 2133 448 2195 Obj.
472 2134 640 2198 prima.
671 2134 721 2178 1ο
743 2134 859 2180 Octo
885 2134 1040 2197 priora
1064 2132 1267 2179 Concilia
1296 2132 1525 2197 generalia
1552 2133 1601 2180 in
1629 2134 1824 2182 Oriente

125 2209 360 2257 celebrata
379 2210 438 2256 ab
463 2206 825 2274 Imperatoribus
852 2207 1026 2254 indicta
1047 2216 1185 2266 sunt3
1214 2209 1269 2254 2⁰
1290 2209 1340 2256 in
1367 2225 1459 2274 quo
1482 2209 1673 2274 quidem
1695 2228 1825 2258 sum-

130 2303 260 2331 mum
282 2286 598 2351 imperantem
611 2288 717 2346 jure
729 2301 812 2331 suo
825 2301 963 2330 usum
982 2301 1080 2331 esse
1103 2284 1272 2331 exinde
1293 2284 1463 2350 liquet,
1483 2284 1609 2349 quod
1630 2287 1698 2333 ad
1713 2303 1823 2333 eum

124 2363 358 2424 pertinet,
392 2370 474 2416 ut,
506 2368 732 2425 potestate
764 2361 861 2407 sihi
885 2376 1099 2406 concessa
1116 2396 1129 2419 a
1162 2363 1333 2423 populi
1358 2364 1404 2408 ei
1429 2364 1695 2420 commissi,
1727 2379 1825 2410 non

133 2438 268 2483 modo
294 2439 596 2501 temporalem
610 2473 628 2495 ,
649 2439 731 2484 sed
743 2445 974 2483 oeternam
997 2439 1144 2484 etiam
1157 2439 1438 2500 felicitatem
1466 2447 1662 2486 tueatur
1685 2448 1827 2502 atque

131 2521 420 2577 promoveat.
448 2514 528 2560 Eoe
549 2518 631 2559 hoo
654 2530 759 2559 ‘vero
784 2516 916 2575 fonte
934 2512 1050 2573 fluit
1063 2516 1156 2574 jus
1177 2551 1189 2568 ,
1221 2517 1339 2561 ortis
1365 2513 1620 2561 Izaeresibus
1632 2550 1648 2571 ,
1674 2517 1839 2577 impe-,

136 2590 315 2643 randi,
344 2597 403 2635 ut
420 2588 657 2651 Episcopi
676 2591 730 2633 in,
758 2596 929 2635 coetum
958 2598 1120 2635 coeant
1143 2589 1230 2654 (3).
1257 2589 1309 2636 Id
1331 2598 1554 2655 praeterea
1579 2591 1828 2638 confirma-

139 2675 216 2711 tur
248 2682 304 2711 ex
338 2681 392 2710 eo
428 2663 582 2725 quod,
622 2681 773 2725 quum
802 2681 937 2710 omne
973 2663 1241 2712 Concilium
1276 2669 1331 2712 in
1356 2669 1595 2713 territorio
1619 2667 1828 2729 quodam

200 2862 252 2912 (1)
279 2861 332 2899 lta
365 2874 511 2899 rursum
544 2859 769 2905 Fabi-onius,
801 2871 861 2909 op.
888 2860 951 2898 cit.
1018 2873 1082 2898 seu
1115 2858 1365 2913 Ephemerid.
1396 2859 1612 2912 thaoloqicio
1658 2860 1831 2911 Tabinq.

146 2939 229 2977 cap.
251 2924 276 2964 5
292 2953 304 2973 ,
329 2925 350 2978 S
374 2925 415 2977 4.
1029 2923 1128 2962 1823
1144 2954 1155 2972 ‚
1186 2939 1269 2977 pag.
1296 2937 1391 2976 2¹72.

204 2992 257 3043 (2)
286 2991 487 3031 Febronius
502 3021 512 3039 ‚
543 2991 616 3030 loc.
648 2992 731 3039 cit„
758 2998 793 3029 et
820 3004 960 3041 anony-
1081 2988 1136 3040 (8)
1162 2989 1219 3029 Ita
1234 2989 1392 3029 Febron.
1408 3003 1469 3042 op.
1493 2992 1557 3029 eit.
1582 3003 1665 3041 cap.
1680 2986 1732 3036 6,
1756 2987 1829 3041 §m

151 3071 233 3095 mus
250 3086 260 3104 ‚
285 3058 325 3095 in
352 3055 618 3107 Theoloqieche
646 3053 962 3108 Quartalwlurifi,

1573 3113 1655 3163 29.
