2028 3354
333 234 455 265 PART.
495 236 525 264 1.
561 236 679 265 SECT.
719 236 770 265 11.
807 237 903 266 GAP.
939 235 1007 266 111.
1044 238 1096 265 DE
1133 237 1232 268 NA'r.
1273 238 1325 266 ET
1362 237 1459 268 JUR.
1498 238 1616 269 Palm.
1723 222 1816 270 435

139 348 209 394 his
246 348 459 395 omnibus
491 347 715 409 dimissis,
758 366 841 396 nos
871 350 1070 412 vestigiis
1104 350 1248 398 semel
1283 351 1443 414 positis
1470 352 1731 400 insistentes
1756 356 1817 401 sie

137 433 358 471 assertam
389 425 748 488 propositionem
776 425 1045 474 evincimus.

203 500 311 546 625.
351 501 413 545 Ex
435 500 658 564 superiori
682 502 993 566 propositione
1022 510 1202 548 constat
1218 538 1230 561 7
1257 519 1374 548 rom.
1400 503 1630 551 Pontificis
1654 506 1820 569 prima-

137 584 238 621 tum
267 584 432 621 natura
471 593 550 621 sua
588 593 684 623 esse
714 576 1034 623 auctoritatem
1069 576 1374 641 episcopalem
1405 595 1544 642 super
1575 581 1820 628 Ecclesiam

137 651 428 708 universam3
451 669 556 714 ergo
565 655 671 713 jure
687 653 926 700 inferimus
949 651 1204 716 :primatus
1222 669 1337 698 rom.
1360 655 1589 701 Pontificis
1609 673 1823 721 suprema

136 728 406 775 auctoritate
449 737 634 793 praestat
672 745 809 793 super
849 744 1010 774 omnes
1055 727 1299 790 Episcopos
1342 728 1577 775 catholicae
1619 732 1824 780 Ecclesiae

135 804 274 850 etiam
314 806 363 850 in
399 804 581 868 Synodo
601 803 799 867 generali
830 810 1124 864 congregatos
1144 838 1156 860 7
1189 819 1269 849 seu
1295 818 1413 849 rom.
1438 805 1648 852 Pontifex
1665 825 1823 872 supre-

135 897 209 926 ma
238 880 382 944 pollet
414 880 682 926 auctoritate
714 896 770 925 ex
808 877 964 925 divina
999 878 1290 926 institutione
1324 879 1464 926 etiam
1495 898 1634 945 super
1666 884 1822 931 Conci-

134 954 249 1002 lium
276 956 489 1018 generale
506 990 519 1013 7
551 962 691 1018 prout
725 953 981 1000 distinctim
1020 971 1044 999 a
1071 971 1186 1000 rom.
1216 954 1415 1001 Praesule
1443 965 1691 1021 spectatur.

201 1032 311 1077 626.
351 1033 469 1078 Sane
497 1030 744 1094 Episcopus
774 1029 982 1094 superior
1009 1038 1077 1075 est
1104 1029 1278 1093 synodo
1304 1029 1567 1078 dioecesana
1584 1069 1596 1092 7
1617 1051 1714 1080 non
1737 1033 1824 1081 alia

137 1108 195 1154 de
221 1125 377 1162 causa,
424 1105 514 1152 nisi
535 1106 639 1169 quia
669 1106 920 1170 Episcopus
943 1114 1043 1162 est3
1075 1122 1180 1152 cum
1219 1107 1361 1169 igitur
1385 1124 1507 1153 rom.
1533 1109 1744 1157 Pontifex
1767 1111 1826 1157 sit

136 1184 381 1248 Episcopus
404 1182 734 1247 Episcoporum
751 1216 763 1240 7
791 1182 1039 1246 Episcopus
1059 1172 1331 1230 universalis
1348 1219 1361 1241 7
1391 1183 1479 1230 hoc
1497 1186 1598 1250 ipso
1616 1187 1825 1252 superior

135 1268 204 1306 est
227 1259 326 1323 ipso
348 1257 550 1305 Concilio
588 1257 793 1320 generali
821 1257 912 1322 (1).

199 1335 310 1381 627.
349 1336 549 1381 Rursum
575 1352 586 1380 ε
622 1333 831 1380 Christus
848 1370 860 1393 7
895 1334 1059 1380 Matth.
1083 1335 1214 1394 XVI7
1251 1338 1441 1383 Petrum
1459 1373 1472 1395 7
1494 1337 1700 1403 adeoque
1726 1343 1823 1401 ejus

134 1427 444 1470 successores7
500 1409 859 1457 fundamentum
907 1412 1149 1457 constituit
1185 1411 1392 1459 Ecclesiae
1428 1430 1522 1460 suae
1563 1415 1820 1473 universae3

134 1504 244 1549 ergo
261 1523 272 1545 7
304 1487 392 1534 nisi
420 1486 600 1533 dicatur
626 1486 675 1533 in
698 1486 899 1533 Concilio
919 1487 1165 1551 Episcopos
1195 1486 1334 1534 simul
1353 1487 1566 1536 collectos
1589 1490 1689 1538 fieri
1712 1490 1824 1538 fun-

134 1562 410 1609 damentum
434 1562 557 1609 Petri
577 1565 767 1626 ejusque
792 1570 959 1627 caput,
985 1563 1230 1610 fatendum
1257 1573 1352 1624 est,
1373 1565 1513 1611 etiam
1542 1567 1592 1612 in
1615 1566 1820 1614 Concilio

134 1638 335 1701 generali
365 1641 555 1686 Petrum
572 1674 583 1696 7
612 1656 663 1685 ac
687 1641 782 1700 ejus
810 1646 1056 1702 propterea
1086 1656 1364 1687 successores
1392 1639 1757 1689 fundamentum
1775 1651 1823 1690 et

133 1724 273 1779 caput
296 1733 395 1763 esse
419 1713 623 1777 ejusdem
648 1713 837 1760 Concilii
853 1751 864 1772 7
885 1731 965 1761 seu
992 1714 1116 1779 quod
1139 1715 1265 1766 idem
1293 1725 1389 1777 est,
1406 1734 1524 1763 rom.
1551 1718 1823 1766 Pontificem

134 1789 223 1836 frui
254 1800 483 1855 potestate
516 1807 732 1855 suprema
765 1790 906 1838 etiam
942 1808 1082 1855 super
1119 1792 1365 1857 Episcopos
1387 1793 1525 1839 simul
1560 1794 1608 1840 in
1637 1794 1815 1858 synodo

136 1867 433 1915 coadunatos.

202 1942 312 1989 628.
354 1942 538 1991 Accedit
559 1961 719 1991 sensus
740 1945 880 1991 totius
895 1944 1182 2008 antiquitatis
1196 1980 1209 2005 7
1233 1962 1291 1992 ex
1314 1961 1405 2009 quo
1424 1944 1661 2005 discimus7
1681 1946 1822 2012 plane

135 2018 341 2081 ignotam
361 2019 500 2066 fuisse
534 2019 887 2069 veteribussive
925 2019 1137 2067 Patribus
1166 2022 1261 2068 sive
1289 2020 1501 2068 Conciliis
1529 2022 1670 2069 etiam
1698 2039 1828 2069 oecu-

135 2095 326 2141 menicis
350 2095 691 2143 distinctionem
705 2131 718 2156 7
744 2114 894 2161 nuper
916 2097 1166 2155 invectam7
1189 2098 1312 2144 inter
1335 2098 1577 2162 Episcopos
1597 2099 1827 2146 distrihu-

135 2172 225 2216 tive
254 2179 302 2218 et
327 2172 552 2218 collective
577 2180 786 2236 sumptos
802 2208 815 2231 7
837 2188 937 2237 quae
960 2180 1119 2219 tamen
1152 2174 1341 2219 unicum
1363 2182 1431 2219 est
1451 2173 1676 2222 doctrinae
1695 2173 1827 2237 galli·

138 2261 260 2293 oanae
281 2247 658 2295 fundamentum.
684 2248 866 2294 Etenim
885 2256 1055 2312 praeter
1074 2248 1494 2309 denominationes7
1521 2267 1634 2314 quas
1656 2250 1825 2313 passim

138 2320 330 2369 tributas
352 2341 377 2370 a
409 2331 505 2370 tota
528 2323 807 2388 antiquitate
833 2341 950 2370 rom.
976 2324 1183 2371 Pontifici
1205 2323 1343 2389 paulo
1372 2334 1479 2372 ante
1510 2325 1798 2372 ostendimus
1814 2361 1828 2385 7

138 2414 210 2444 ex.
243 2416 312 2461 gr.
338 2400 521 2463 Capitis
541 2403 784 2462 capitum,
817 2401 1049 2464 Episcopi
1078 2403 1359 2447 oecumenici
1376 2435 1391 2458 7
1429 2402 1647 2448 Pastoris
1664 2411 1831 2466 pasto-

138 2490 277 2526 rum,
303 2483 391 2521 etc.
425 2493 527 2540 quae
555 2476 873 2523 collectionem
909 2476 1133 2523 denotant
1159 2514 1171 2534 7
1204 2477 1254 2523 id
1284 2486 1442 2542 aperte
1480 2477 1744 2525 vindicatur
1771 2495 1828 2525 ex

137 2549 330 2595 Patrum
358 2552 634 2597 testimoniis
648 2586 666 2609 ,
694 2570 807 2616 quos
833 2554 956 2599 inter
989 2553 1096 2600 satis
1121 2553 1197 2600 hic
1222 2555 1280 2601 sit
1305 2570 1362 2600 ex
1387 2553 1583 2601 Ecclesia
1601 2553 1829 2618 gallicana

138 2642 376 2673 recensere
407 2626 646 2692 Episcopos
672 2629 919 2693 provinciae
952 2629 1228 2677 Arelatensis
1251 2667 1264 2689 7
1286 2631 1366 2694 qui
1387 2631 1435 2676 in
1461 2631 1594 2696 epist.
1622 2631 1682 2677 ad
1711 2632 1830 2677 Leo—

138 2719 248 2748 nem
281 2704 339 2749 M.
376 2701 578 2750 seribere
595 2721 690 2749 non
722 2703 999 2750 dubitarunt
1021 2723 1031 2751 2
1056 2706 1153 2752 Per
1179 2707 1239 2753 B.
1270 2706 1472 2753 Petrum
1496 2707 1831 2768 Apostolorum

140 2889 204 2914 seu
222 2875 357 2915 Critic.
371 2876 623 2915 Commentar.
638 2875 777 2928 Freyi,
793 2887 885 2929 part.
902 2890 953 2924 lv,
1076 2878 1127 2928 (l)
1157 2877 1239 2919 Cfr.
1262 2878 1412 2931 Bolgeni
1425 2910 1435 2928 7
1462 2880 1534 2919 loc.
1551 2880 1620 2919 cit·
1644 2889 1679 2919 et
1700 2880 1832 2917 zacca-

139 2953 222 2992 pag.
241 2954 333 2995 717,
348 2944 412 2994 qui
427 2942 575 2980 scribit:
595 2941 694 2979 Tota
706 2944 862 2993 queastio
876 2955 956 2980 ver·
1021 2945 1075 2982 ria
1088 2974 1100 2992 ‚
1128 2947 1169 2984 in
1200 2945 1472 2997 Antifhbronio
1502 2947 1720 2994 vindicato,
1750 2946 1830 2985 loco

139 3011 248 3043 satur
271 3006 386 3045 veluti
407 3006 577 3045 chimera
599 3008 642 3044 in
665 3005 755 3046 lana
781 3009 957 3060 caprina.
1023 3010 1157 3056 pariter
1176 3013 1240 3050 cit.

1500 3074 1579 3121 28.
