2028 3354
196 193 294 241 206

689 205 848 236 TRACT.
887 207 941 235 ΒΕ
977 207 1094 239 LOCIS
1129 207 1427 240 THEOLOGICIS.

198 325 448 374 divisiones
481 329 529 368 et
559 319 810 366 schismata
844 319 1133 369 invalescant
1163 322 1250 387 (l).
1280 325 1441 389 Itaque
1475 339 1563 371 nec
1589 339 1745 371 secum
1773 324 1888 389 ipsi„

198 417 350 465 neque
378 414 485 444 cum
518 394 619 443 aliis
643 393 850 443 Ecclesiis
877 395 986 442 fidei
1007 396 1238 445 unitatem
1258 398 1452 447 habent.
1479 398 1615 458 Quod
1638 399 1677 446 si
1699 401 1892 447 necessi-

199 485 344 525 tatem
361 471 471 521 fidei
485 471 632 521 veluti
650 469 1008 519 fundamentale
1026 471 1308 535 principium
1321 474 1557 521 inculcant
1574 511 1586 534 7
1612 474 1699 522 hoc
1719 474 1893 522 nullius

200 551 340 615 frugis
371 557 470 609 est,
498 564 606 595 cum
635 547 743 595 fidei
770 545 929 610 regula
956 546 1083 612 apud
1111 546 1213 593 illos
1237 564 1333 594 non
1357 548 1604 608 subsistat,
1636 567 1688 597 ea
1723 565 1895 614 nempe

199 626 358 691 regula
401 625 609 692 proxima
626 660 640 686 ,
667 640 774 690 quae
814 622 875 670 ad
897 621 1127 685 ejusmodi
1153 623 1384 671 unitatem
1407 626 1598 673 omnino
1622 626 1891 691 requiritur.

266 701 378 750 317.
415 700 708 749 paradoxum
732 717 843 750 vero
863 709 934 746 est
947 735 959 758 ,
993 698 1120 764 quod
1141 699 1318 747 affimat
1340 699 1630 748 adversarius
1647 737 1660 761 ,
1681 701 1898 749 Ecclesias

202 779 465 844 anglicanas
495 795 595 824 non
627 792 864 841 separasse
899 792 948 823 se
985 774 1045 822 ab
1071 774 1271 822 Ecclesia
1299 775 1552 835 catholica,
1586 786 1727 841 prout
1758 778 1895 824 toties

201 856 301 923 ipse
338 854 568 913 inculcat,
602 869 687 900 nos
724 860 880 899 autem
918 851 1054 899 toties
1092 851 1370 899 retudimus.
1417 853 1639 911 Quaenam
1669 870 1779 903 vero
1810 853 1899 901 erit

203 930 431 996 ejusmodi
467 929 667 977 Ecclesia
705 927 964 975 catholica?
998 929 1103 975 Non
1131 945 1351 987 romana,
1390 945 1493 993 quae
1527 946 1634 976 cum
1666 929 1776 994 ipsis
1802 947 1899 977 non

206 1006 548 1066 communicat3
575 1023 673 1052 non
690 1004 927 1051 orientalis
944 1040 956 1064 ,
976 1020 1078 1069 quae
1092 1040 1104 1063 ,
1128 1013 1443 1070 praeterquam
1464 1004 1592 1070 quod
1610 1022 1695 1053 nec
1714 1006 1815 1071 ipsa
1832 1022 1901 1052 ca-

207 1084 378 1132 tholica
399 1092 470 1132 est
483 1118 496 1142 ,
527 1098 615 1129 nec
639 1080 787 1127 ullam
808 1081 982 1147 pariter
1004 1081 1381 1128 communionem
1400 1097 1508 1127 cum
1533 1081 1740 1128 Ecclesiis
1761 1081 1903 1145 angli-

208 1161 331 1208 canis
342 1157 486 1208 habet
507 1158 599 1222 (2).
616 1158 809 1205 Restant
821 1157 961 1221 igitur
974 1156 1184 1204 Ecclesiae
1196 1155 1455 1205 lutheranae
1468 1192 1481 1216 ,
1504 1156 1766 1205 reformatae
1781 1193 1794 1217 ,
1808 1157 1903 1205 dis-

209 1235 432 1295 sidentes,
458 1251 572 1300 quas
590 1233 688 1299 ipse
710 1233 999 1283 adversarius
1019 1241 1244 1298 pernegat
1264 1249 1362 1281 esse
1386 1232 1604 1280 Ecclesias
1628 1233 1799 1281 Christi
1814 1233 1901 1297 (3).

210 1311 367 1360 Velint
397 1311 539 1376 igitur
565 1309 746 1369 nolint,
782 1308 979 1357 Ecclesia
1013 1308 1254 1372 anglicana
1277 1317 1348 1356 est
1390 1308 1587 1356 Ecclesia
1612 1311 1903 1365 nationali&

269 1487 317 1539 (1)
345 1484 506 1525 Difficile
541 1492 594 1523 est
636 1485 677 1522 in
708 1497 749 1522 ea
784 1482 1025 1522 universitate

214 1552 341 1606 (quod
364 1564 457 1603 saepe
476 1565 497 1589 a
527 1549 633 1589 nobis
661 1547 906 1587 animadverti
932 1562 1024 1599 opus

214 1619 286 1670 est)
308 1618 401 1657 duos
418 1617 610 1668 scriptores
626 1616 791 1654 invenire
803 1641 816 1662 ‚
841 1616 905 1666 qui
918 1614 1026 1666 plene

215 1686 310 1723 inter
333 1697 370 1723 se
390 1684 649 1729 consentiant,
673 1682 783 1720 etiam
804 1681 845 1718 in
864 1680 1026 1718 articulis

216 1748 343 1802 magui
362 1749 556 1787 momenti.
583 1745 676 1785 Satis
708 1746 771 1784 hic
793 1744 842 1783 sit
860 1758 1025 1783 comme-

218 1829 360 1854 morare
387 1812 634 1852 Shutleworth
650 1840 662 1860 ‚
692 1818 871 1850 rectorem
903 1812 1028 1862 cujus-

219 1881 303 1919 dam
315 1879 458 1930 collegii
466 1877 697 1924 oxoniensis,
710 1878 773 1929 qui
781 1888 885 1915 novae
895 1875 1028 1913 scholae

219 1958 296 1985 sese
324 1946 453 1983 acriter
480 1944 649 1995 opposuit
668 1944 708 1980 in
734 1942 945 1993 gravissimo
970 1955 1030 1978 ar-

219 2010 332 2049 ticulo
355 2009 401 2048 de
424 2008 706 2056 traditionibus,
722 2016 764 2046 ut
792 2020 858 2045 suo
882 2005 963 2045 loco
977 2007 1031 2045 vi-

220 2077 404 2116 debimus.
439 2075 618 2115 Universa
656 2073 843 2113 academia
875 2074 916 2110 in
939 2072 1030 2111 duas

219 2151 336 2195 partes
364 2143 474 2181 scissa
497 2149 573 2189 est,
596 2140 675 2179 aliis
699 2138 944 2192 pugnantibus
965 2152 1030 2191 pro

220 2211 332 2249 veteri
352 2209 498 2256 schola,
528 2206 610 2246 aliis
626 2220 712 2245 vero
735 2219 802 2258 pro
832 2218 951 2255 nova;
973 2218 1032 2244 ec-

220 2276 303 2329 quis
329 2275 461 2326 poterit
483 2273 548 2311 has
572 2279 691 2324 partes
717 2272 812 2309 inter
835 2284 872 2308 se
897 2279 1032 2308 etcum

221 2342 348 2380 ceteris
382 2337 680 2378 universitatibus
727 2334 949 2375 conciliare?
987 2335 1031 2374 In

219 2405 402 2444 catholica
411 2404 572 2443 Ecclesia
587 2403 660 2441 boc
673 2401 876 2441 remedium
890 2414 1031 2453 semper

223 2469 265 2507 in
286 2474 460 2521 promptu
482 2477 550 2508 est.
576 2467 615 2506 Si
642 2469 706 2520 qui
732 2481 817 2506 vero
841 2468 914 2504 sint
932 2496 942 2514 ‚
966 2468 1031 2520 qui

221 2534 335 2573 Rom.
365 2532 604 2572 Pontificibus
628 2532 777 2570 obedire
803 2531 1027 2579 detrectent,

222 2601 343 2638 statim
376 2599 422 2637 ab
468 2596 641 2636 omnihus
678 2600 855 2635 notantur
876 2610 887 2647 ς
929 2597 1031 2650 quod

222 2664 373 2718 quidem
413 2665 550 2702 receuti
586 2663 806 2715 cunctisque
846 2671 1031 2715 comperto

224 2728 391 2781 exemplo
428 2730 531 2776 viri,
565 2741 736 2780 magnam
775 2729 874 2778 prius
909 2729 1032 2781 adepti

223 2796 387 2834 nominis
400 2794 651 2833 celebritatem
666 2823 678 2843 ,
700 2793 851 2846 probare
870 2809 1029 2847 possem,

225 2862 290 2912 qui
311 2860 422 2900 veluti
447 2860 624 2899 fraudosa
651 2860 760 2898 arbor
781 2860 937 2900 fulmine
960 2863 1031 2901 icta

226 2929 325 2969 illico
351 2928 510 2969 exaruit!
577 2970 579 2972 ¹

1089 1481 1271 1534 Replique
1299 1483 1323 1520 ὰ
1349 1481 1387 1519 la
1420 1472 1575 1534 repense
1604 1481 1658 1519 du
1680 1482 1762 1534 Roy
1796 1481 1842 1520 de
1867 1481 1904 1520 la

1095 1546 1474 1598 Grande-Bretaqne
1493 1576 1504 1595 ‚
1526 1548 1587 1586 ch.
1625 1545 1700 1595 60,
1738 1547 1907 1586 animad-

1091 1615 1198 1652 vertit
1216 1614 1387 1652 adversus
1411 1628 1534 1665 regem
1550 1612 1692 1666 Angliae
1706 1642 1718 1662 ‚
1739 1615 1804 1667 qui
1818 1627 1907 1652 con-

1094 1679 1266 1717 tendebat
1286 1679 1459 1717 Ecclesiae
1482 1679 1673 1718 catholicae
1692 1681 1845 1718 nomine
1857 1680 1906 1717 si-

1093 1745 1268 1796 gnificare
1300 1746 1477 1783 unionem
1505 1745 1668 1796 plurium
1692 1746 1907 1784 societatum

1093 1810 1376 1851 christianarum
1394 1839 1406 1861 ‚
1436 1824 1600 1851 romanae
1615 1841 1626 1857 ,
1655 1826 1798 1864 graecae,
1825 1826 1906 1851 rus-

1094 1877 1195 1924 sicae‚
1209 1885 1299 1925 etc„
1314 1878 1585 1925 animadvertit,
1598 1880 1766 1930 inquam,
1777 1878 1908 1930 Angli-

1095 1956 1205 1981 canos
1230 1945 1392 1995 profiteri
1409 1946 1450 1983 in
1472 1944 1639 1996 symbolo
1657 1945 1906 1983 Athanasiano

1095 2012 1361 2059 processionem
1384 2009 1540 2061 Spiritus
1560 2008 1601 2049 S.
1628 2026 1649 2049 a
1668 2010 1772 2049 Patre
1794 2019 1829 2049 et
1849 2010 1907 2048 Fi·

1095 2074 1166 2123 lio,
1194 2075 1243 2113 ita
1266 2082 1308 2113 ut
1329 2077 1393 2126 qui
1414 2088 1495 2113 eam
1523 2089 1602 2114 non
1629 2076 1816 2114 admiserit
1827 2075 1904 2113 hae-

1095 2141 1227 2178 reticus
1242 2141 1311 2189 sit,
1330 2148 1365 2178 et
1381 2148 1479 2178 extra
1493 2141 1621 2179 salutis
1632 2142 1729 2179 viam
1745 2169 1758 2189 ‚
1778 2148 1905 2178 tamen

1096 2204 1315 2243 contendere
1335 2218 1450 2243 unam
1469 2204 1583 2243 simul
1606 2205 1752 2245 efficere
1777 2205 1906 2245 Eccle-

1097 2267 1191 2307 siam
1216 2269 1449 2309 catholicam.
1471 2269 1551 2309 Hoc
1570 2273 1671 2310 enim
1686 2269 1838 2324 perinde
1851 2279 1906 2310 est

1097 2349 1139 2373 ac
1154 2336 1391 2383 contendere,
1408 2335 1609 2375 Ecclesiam
1628 2336 1846 2375 catholicam
1859 2350 1903 2375 ex

1096 2402 1273 2441 omnibus
1287 2405 1393 2441 sectis
1408 2411 1444 2441 et
1466 2403 1664 2442 haeresibus
1686 2404 1900 2442 coalescere.

1150 2467 1201 2517 (3)
1231 2468 1293 2508 Sic
1324 2468 1469 2507 Palmer
1491 2497 1503 2519 ‚
1542 2483 1604 2521 op.
1640 2471 1701 2507 cit.
1730 2475 1824 2521 part.
1855 2480 1869 2504 1
1887 2495 1899 2514 ‚

1095 2545 1175 2585 cap.
1202 2546 1249 2573 12
1265 2564 1276 2582 ‚
1306 2543 1397 2573 sect.
1417 2534 1455 2586 4.
1473 2535 1557 2573 Post
1582 2535 1687 2587 plura
1701 2564 1713 2582 ‚
1735 2545 1815 2586 quae
1836 2531 1903 2571 ob-

1096 2602 1256 2638 servavit
1279 2602 1374 2639 circa
1395 2600 1628 2639 Lntheranos
1642 2629 1654 2648 ‚
1677 2599 1904 2637 Reformatos

1097 2671 1133 2703 et
1165 2663 1410 2716 Zwinglianos
1424 2694 1435 2713 ,
1471 2665 1687 2712 concludit,
1718 2663 1905 2701 societates

1098 2730 1391 2769 Lutheranorum
1405 2739 1440 2769 et
1454 2730 1741 2769 Calvinistarum
1754 2756 1765 2775 ,
1785 2742 1906 2780 quan-

1097 2796 1297 2848 doquidem
1320 2797 1423 2835 omni
1449 2794 1651 2834 hierarchia
1679 2807 1722 2832 ac
1744 2792 1906 2845 legitimo

1097 2862 1299 2900 ministerio
1336 2867 1487 2904 carent,
1528 2870 1606 2897 nou
1640 2860 1800 2910 potuisse
1837 2872 1907 2898 nec

1094 2939 1197 2977 posse
1210 2927 1361 2979 spectari
1380 2930 1424 2963 ut
1435 2922 1478 2963 E
1477 2922 1632 2962 cclesias
1653 2923 1804 2964 Christi
1815 2936 1906 2978 pro-

291 2993 343 3047 (2)
385 2992 558 3034 Praeclare
601 2992 708 3033 Card.
754 2991 815 3032 Du
864 2992 999 3034 Perron
1016 3021 1027 3042 ‚
1089 2992 1177 3043 pria
1193 2992 1342 3040 dictas,
1362 2990 1427 3032 sed
1451 2989 1572 3033 solum
1601 2989 1720 3032 latiori
1744 2989 1908 3045 quodam
