2028 3354
1728 195 1825 243 293

449 215 577 245 PART.
614 216 645 243 1.
685 215 787 244 CAP.
827 214 892 245 lv.
928 214 982 243 ΒΕ
1018 214 1238 244 ECGLESIAE
1274 209 1479 244 DOTIBUS'.

118 329 440 394 supervenisse
463 326 603 375 statui
621 331 720 390 jam
740 328 994 374 constituto
1011 362 1024 386 7
1046 326 1105 374 ab
1124 345 1274 393 eoque
1300 327 1364 375 ita
1385 334 1624 392 receptam
1640 363 1653 386 7
1677 335 1731 373 ut
1752 325 1825 373 illi

119 406 353 452 dominari
373 405 545 469 possit3
574 404 805 469 siquidem
829 421 939 452 vera
968 404 1129 467 religio
1161 404 1368 451 anterior
1406 412 1477 451 est
1517 403 1646 449 omni
1689 420 1826 469 repu-

118 480 237 527 blica
254 518 267 541 7
292 498 373 528 seu
391 489 516 527 statu
541 498 593 527 ac
614 481 857 539 societate3
889 479 1099 545 adeoque
1117 481 1219 545 ipsa
1240 488 1416 526 statum
1433 481 1485 527 in
1504 481 1661 526 sinum
1682 497 1821 527 suum

118 558 321 620 recepit7
369 574 464 603 non
496 566 656 604 autem
699 566 847 603 status
883 556 1158 618 religionem
1184 572 1276 602 -seu
1313 556 1577 603 Ecclesiam.
1624 556 1824 603 Ecclesia

119 632 293 680 Christi
313 633 488 698 recepit
509 633 558 678 in
578 649 626 679 se
647 631 988 697 rempublicam
1006 667 1018 689 7
1050 640 1285 694 quatenus
1312 630 1576 695 respublica
1597 649 1825 680 conversa

117 719 187 756 est
220 726 276 756 ex
307 708 717 773 superstitionibus
744 709 837 754 suis
861 706 921 753 ad
949 723 1110 755 veram
1137 706 1280 753 fidem
1297 742 1309 765 7
1344 724 1397 753 ac
1424 716 1674 772 propterea
1705 711 1828 758 cives

117 786 310 849 ingressi
335 786 512 832 suntin
534 785 743 833 Ecclesiae
763 782 1009 847 gremium.
1044 781 1243 830 Ecclesia
1270 792 1318 831 et
1340 783 1604 848 respublica
1630 785 1830 837 minime

117 864 315 929 spectari
340 863 515 910 debent
545 871 597 908 ut
628 862 720 908 cluo
749 869 927 918 status7
960 860 1045 907 sed
1071 869 1124 907 ut
1151 860 1310 907 anima
1344 869 1393 909 et.
1422 878 1591 926 corpus
1615 863 1827 923 ejusdem

118 948 266 986 status
297 949 343 986 et
378 940 607 987 societatis
638 938 743 1000 (1);
778 936 1181 1002 quemadmodum
1211 954 1324 984 vero
1354 954 1522 1003 corpus
1552 955 1651 984 non
1686 937 1829 986 debet

118 1014 350 1062 dominari
374 1016 424 1061 in
458 1015 689 1075 animam,
731 1013 811 1060 sed
842 1014 996 1078 potius
1035 1013 1189 1061 eidem
1219 1013 1408 1061 subesse
1438 1014 1488 1060 in
1519 1014 1598 1074 iis7
1631 1031 1737 1079 quae
1768 1014 1829 1061 acl

118 1093 325 1138 animam
364 1091 632 1155 pertinent7
668 1091 731 1137 sic
770 1106 856 1137 nec
894 1098 1046 1155 potest
1081 1107 1168 1137 nec
1203 1089 1345 1137 debet
1377 1089 1523 1140 civilis
1558 1090 1822 1156 respublica

119 1167 347 1214 dominari
370 1168 418 1214 in
449 1166 714 1214 Ecclesiam.
748 1167 872 1213 Finis
896 1165 1198 1213 immediatus
1226 1166 1435 1213 Ecclesiae
1457 1177 1528 1214 est
1548 1168 1748 1214 interior
1777 1178 1828 1216 et.

119 1244 371 1310 spiritualis
404 1243 594 1291 felicitas
612 1282 624 1304 7
655 1244 759 1289 finis
783 1243 1083 1289 immediatus
1118 1242 1383 1308 reipublicae
1412 1252 1483 1292 est
1510 1243 1704 1291 felicitas
1738 1262 1824 1292 ex-

120 1321 263 1368 terior
289 1331 336 1368 et
367 1319 639 1385 temporalis
658 1356 670 1378 7
702 1320 807 1366 finis
838 1319 1033 1365 ultimus
1064 1319 1310 1384 utriusque
1334 1328 1403 1366 est
1428 1319 1622 1367 felicitas
1653 1330 1827 1368 aeterna

115 1397 411 1445 subditorum
446 1398 534 1460 (2).
573 1395 889 1453 Quamobrem
928 1394 1148 1460 praeclare
1187 1396 1395 1442 Gelasius
1441 1413 1561 1443 rom.
1611 1396 1827 1444 Pontifex

115 1473 347 1521 scribebat,
378 1474 439 1522 ad
467 1473 761 1521 Anastasium
789 1474 1128 1536 Imperatorem
1153 1489 1164 1516 ε
1186 1473 1298 1518 Duo
1317 1481 1448 1530 sunt,
1474 1475 1826 1537 quihuspriu—

115 1553 341 1612 cipaliter
370 1551 584 1596 inunctus
619 1550 697 1596 hio
726 1551 940 1612 reyitur,
979 1552 1245 1595 auctoritas
1273 1565 1415 1595 sacra
1454 1549 1756 1612 Pontificum
1784 1560 1829 1597 et

115 1629 291 1691 reyalis
304 1634 525 1690 potestas.
540 1627 605 1673 In
628 1627 804 1689 quib-us
824 1633 955 1672 tanto
969 1629 1173 1688 gyravius
1189 1633 1256 1671 est
1271 1626 1466 1688 pondus
1492 1628 1825 1684 Sacerdotum,

113 1713 294 1767 quanto
329 1706 473 1749 etiam
497 1720 593 1767 pro
624 1706 746 1766 ipsis
778 1702 992 1765 Reyibzcs
1029 1703 1239 1749 Domino
1278 1703 1334 1748 in
1365 1702 1534 1749 divino
1576 1704 1827 1750 reddituri

112 1790 231 1827 sunt
256 1786 479 1827 emamine
508 1783 741 1826 rationem
769 1779 857 1842 (3).

177 1856 291 1904 439.
333 1858 404 1905 Ad
431 1857 499 1902 2¹¹¹
519 1894 531 1916 7
561 1858 683 1921 qu.
721 1858 828 1903 Haec
859 1856 987 1903 enim
1022 1854 1213 1902 assertio
1239 1854 1531 1903 schismatica
1559 1864 1629 1904 est
1653 1864 1701 1904 et
1725 1854 1824 1904 hae-

112 1935 252 1981 retica
270 1971 282 1993 7
305 1943 356 1981 ut
378 1934 708 1999 pronunciavit
735 1933 1040 1997 Congregatio
1064 1933 1110 1979 S.
1137 1933 1456 1998 Inquisitionis
1483 1932 1570 1980 sub
1596 1934 1824 1981 Innocen-

112 2011 176 2056 tio
207 2011 270 2069 X3
301 2019 347 2057 et
374 2020 497 2058 recte
529 2010 747 2076 quidem,
776 2011 883 2075 quia
920 2011 1054 2056 Rom.
1086 2010 1299 2057 Pontifex
1334 2011 1595 2074 primatum
1628 2009 1822 2073 jurisdi-

112 2087 278 2134 ctionis
307 2096 437 2135 tenet
466 2087 515 2133 in
539 2087 810 2136 universam
839 2086 1090 2135 Ecclesiam
1108 2123 1120 2147 7
1150 2096 1293 2152 prout
1322 2086 1540 2136 definivit
1560 2087 1822 2136 Concilium

118 2162 442 2211 Florentinum
471 2163 558 2230 (4).

175 2316 226 2366 (l)
255 2318 315 2356 Sic
340 2318 513 2370 praeclare
550 2317 676 2357 scribit
714 2316 754 2355 S.
779 2316 937 2355 Isidorus

119 2382 301 2421 Pelusiota
317 2414 328 2431 7
351 2387 456 2437 epist.
480 2398 606 2424 ccxux
626 2415 637 2431 7
660 2384 729 2424 lib.
758 2396 803 2421 ¹11
819 2413 830 2431 7
851 2399 938 2437 opp.

119 2450 209 2488 edit.
236 2450 349 2489 Paris.
388 2449 490 2489 1638
521 2464 532 2491 ε
564 2450 628 2489 Ea·
663 2450 872 2489 sacerdotio
906 2457 941 2488 et

118 2528 235 2566 regno
247 2529 373 2553 rerum
392 2516 677 2555 administratio
691 2517 855 2568 conflata
868 2522 938 2555 est.

123 2582 315 2634 Quamvis
324 2594 367 2619 en
373 2582 424 2618 im
434 2595 539 2632 perm
545 2595 647 2633 aqna
657 2584 855 2634 utriusque
865 2582 938 2633 dif-

113 2649 282 2701 ferentia
306 2649 357 2685 sit
391 2645 517 2698 (illud
533 2648 637 2684 enim
656 2646 776 2685 veluti
800 2650 937 2686 anima

118 2722 173 2751 est
191 2743 201 2762 7
230 2713 298 2752 hoc
321 2712 421 2751 velut
442 2712 601 2765 corpus)
618 2743 628 2761 ‚
657 2713 709 2750 ad
728 2727 854 2752 unum
877 2719 937 2750 ta-

119 2791 210 2817 men
235 2787 270 2818 et
302 2779 475 2817 eumdem
497 2779 616 2830 finem
647 2779 835 2827 tendunt,
866 2778 935 2817 hoc

121 2851 195 2892 est,
220 2845 271 2883 ad
299 2844 499 2883 hominum
517 2844 692 2883 salutem.

176 2910 229 2961 (ἓ)
258 2909 337 2949 cfr.
365 2910 560 2958 zaccaria,
597 2910 663 2951 cit.
700 2910 840 2949 dissert.
885 2911 934 2959 3,

122 2989 207 3027 pag.
237 2973 327 3015 180.
365 2974 468 3016 Hinc
502 2976 564 3015 lvo
602 2975 867 3027 carnotensis,
892 2979 934 3015 in

123 3041 227 3093 epist.
255 3055 312 3087 ιι,
335 3042 382 3080 ad
401 3041 605 3080 Henricum
626 3041 769 3094 A'ngtiae
791 3054 928 3095 regem,

1005 2315 1190 2355 scribebat
1218 2329 1229 2354 :
1252 2313 1287 2353 S
1288 2316 1369 2354 icat
1386 2328 1520 2354 sensus
1534 2315 1721 2355 animalis
1732 2318 1825 2356 sub-

1006 2381 1110 2420 ditus
1136 2396 1213 2420 esse
1239 2381 1347 2419 debet
1376 2382 1525 2420 rationi
1540 2412 1551 2429 7
1572 2386 1631 2421 ita
1656 2389 1826 2435 potestas*

1007 2454 1155 2486 terrena
1176 2448 1331 2486 subdita
1345 2462 1422 2487 esse
1443 2448 1550 2488 debet
1571 2449 1823 2488 ecclesiastico

1008 2515 1191 2565 reqimini
1204 2527 1222 2563 ,⁰
1253 2523 1288 2553 et
1307 2522 1497 2566 quantum
1529 2516 1630 2554 valet
1651 2529 1790 2569 corpus
1809 2545 1820 2564 ,

1006 2580 1088 2616 nisi
1110 2587 1268 2631 regatur
1302 2581 1350 2619 ab
1379 2583 1541 2629 anima,
1579 2588 1732 2620 tantum
1755 2595 1824 2619 va-

1004 2642 1053 2681 let
1077 2650 1228 2683 terrena
1252 2652 1420 2698 potestas
1438 2676 1449 2695 7
1477 2648 1559 2685 nisi
1592 2648 1825 2698 informetur

1002 2716 1039 2747 et
1061 2719 1218 2763 reyatm·
1237 2713 1285 2750 ab
1309 2711 1565 2751 ecclesiastica
1586 2712 1817 2764 disciplina.

1001 2775 1101 2816 Edit.
1122 2777 1241 2817 Paris.
1268 2776 1369 2817 1585
1389 2808 1400 2827 7
1424 2779 1492 2817 sol.
1516 2777 1567 2816 52
1582 2809 1593 2827 7
1620 2791 1741 2817 verso.

1058 2843 1110 2894 (3)
1139 2843 1275 2898 Epist.
1301 2860 1339 2883 iv
1358 2875 1369 2893 ‚
1398 2845 1497 2896 apud
1515 2844 1700 2883 Harduin.
1718 2841 1821 2882 Acta

1004 2909 1127 2949 Cone.
1149 2919 1242 2950 tom.
1262 2925 1289 2949 n
1306 2941 1320 2959 ,
1343 2911 1416 2949 col.
1440 2908 1538 2962 893.

1057 2975 1109 3026 (14)
1126 2974 1204 3015 Cfr.
1218 2977 1388 3017 Zaccaria
1404 3005 1415 3024 ,
1437 2988 1566 3027 opusc.
1589 2976 1654 3014 cit.
1668 2987 1708 3026 p.
1728 2973 1819 3022 183,

998 3054 1067 3080 nec
1111 3055 1188 3081 non
1239 3042 1526 3085 celeberrimum
1574 3053 1666 3092 opus
1709 3038 1819 3080 Joan.
