<?xml version="1.0" encoding="UTF-8"?>
<!DOCTYPE html PUBLIC "-//W3C//DTD XHTML 1.0 Transitional//EN"
    "http://www.w3.org/TR/xhtml1/DTD/xhtml1-transitional.dtd">
<html xmlns="http://www.w3.org/1999/xhtml" xml:lang="en" lang="en">
 <head>
  <title>
</title>
<meta http-equiv="Content-Type" content="text/html;charset=utf-8" />
  <meta name='ocr-system' content='tesseract 3.04.00' />
  <meta name='ocr-capabilities' content='ocr_page ocr_carea ocr_par ocr_line ocrx_word'/>
</head>
<body>
  <div class='ocr_page' id='page_1' title='image "./praelectionestheo08perruoft/praelectionestheo08perruoft_0480.png"; bbox 0 0 2028 3354; ppageno 0'>
   <div class='ocr_carea' id='block_1_1' title="bbox 218 205 311 254">
    <p class='ocr_par' dir='ltr' id='par_1_1' title="bbox 218 205 311 254">
     <span class='ocr_line' id='line_1_1' title="bbox 218 205 311 254; baseline 0.011 -1"><span class='ocrx_word' id='word_1_1' title='bbox 218 205 311 254; x_wconf 80' lang='lat'>468</span> 
     </span>
    </p>
   </div>
   <div class='ocr_carea' id='block_1_2' title="bbox 681 218 1425 252">
    <p class='ocr_par' dir='ltr' id='par_1_2' title="bbox 681 218 1425 252">
     <span class='ocr_line' id='line_1_2' title="bbox 681 218 1425 252; baseline 0.001 -2"><span class='ocrx_word' id='word_1_2' title='bbox 681 219 840 250; x_wconf 72' lang='lat' dir='ltr'>TRAGT.</span> <span class='ocrx_word' id='word_1_3' title='bbox 880 219 935 248; x_wconf 75' lang='lat' dir='ltr'>DE</span> <span class='ocrx_word' id='word_1_4' title='bbox 969 218 1090 248; x_wconf 76' lang='lat' dir='ltr'>LOCIS</span> <span class='ocrx_word' id='word_1_5' title='bbox 1124 218 1425 252; x_wconf 78' lang='lat' dir='ltr'>THEOLOGICIS·</span> 
     </span>
    </p>
   </div>
   <div class='ocr_carea' id='block_1_3' title="bbox 199 323 1911 1615">
    <p class='ocr_par' dir='ltr' id='par_1_3' title="bbox 199 323 1911 1615">
     <span class='ocr_line' id='line_1_3' title="bbox 286 323 1906 400; baseline -0.001 -17"><span class='ocrx_word' id='word_1_6' title='bbox 286 336 397 383; x_wconf 81' lang='lat'><strong>635.</strong></span> <span class='ocrx_word' id='word_1_7' title='bbox 439 323 589 398; x_wconf 86' lang='lat' dir='ltr'>Atque</span> <span class='ocrx_word' id='word_1_8' title='bbox 618 331 728 378; x_wconf 89' lang='lat' dir='ltr'>hinc</span> <span class='ocrx_word' id='word_1_9' title='bbox 763 331 937 378; x_wconf 88' lang='lat' dir='ltr'>factum</span> <span class='ocrx_word' id='word_1_10' title='bbox 970 340 1069 391; x_wconf 64' lang='lat' dir='ltr'>est,</span> <span class='ocrx_word' id='word_1_11' title='bbox 1109 341 1163 378; x_wconf 88' lang='lat' dir='ltr'>ut</span> <span class='ocrx_word' id='word_1_12' title='bbox 1195 335 1357 396; x_wconf 88' lang='lat' dir='ltr'>quovis</span> <span class='ocrx_word' id='word_1_13' title='bbox 1389 343 1602 400; x_wconf 90' lang='lat' dir='ltr'>tempore</span> <span class='ocrx_word' id='word_1_14' title='bbox 1636 335 1906 398; x_wconf 72' lang='lat' dir='ltr'>dogmaticae</span> 
     </span>
     <span class='ocr_line' id='line_1_4' title="bbox 217 407 1908 475; baseline -0.002 -14"><span class='ocrx_word' id='word_1_15' title='bbox 217 411 525 462; x_wconf 88' lang='lat' dir='ltr'>Conciliorum</span> <span class='ocrx_word' id='word_1_16' title='bbox 557 407 951 455; x_wconf 88' lang='lat' dir='ltr'>oecumenicorum</span> <span class='ocrx_word' id='word_1_17' title='bbox 981 408 1243 455; x_wconf 81' lang='lat' dir='ltr'>sanctiones</span> <span class='ocrx_word' id='word_1_18' title='bbox 1271 407 1443 475; x_wconf 84' lang='lat' dir='ltr'><strong>absque</strong></span> <span class='ocrx_word' id='word_1_19' title='bbox 1475 411 1569 458; x_wconf 92' lang='lat' dir='ltr'>ulla</span> <span class='ocrx_word' id='word_1_20' title='bbox 1596 413 1908 462; x_wconf 83' lang='lat' dir='ltr'>controversia</span> 
     </span>
     <span class='ocr_line' id='line_1_5' title="bbox 216 483 1908 554; baseline 0 -18"><span class='ocrx_word' id='word_1_21' title='bbox 216 507 297 536; x_wconf 91' lang='lat' dir='ltr'>ceu</span> <span class='ocrx_word' id='word_1_22' title='bbox 328 485 525 534; x_wconf 87' lang='lat' dir='ltr'>totidem</span> <span class='ocrx_word' id='word_1_23' title='bbox 549 484 656 532; x_wconf 90' lang='lat' dir='ltr'>fidei</span> <span class='ocrx_word' id='word_1_24' title='bbox 683 484 864 532; x_wconf 79' lang='lat' dir='ltr'>articuli</span> <span class='ocrx_word' id='word_1_25' title='bbox 883 483 1053 531; x_wconf 73' lang='lat' dir='ltr'>habitae</span> <span class='ocrx_word' id='word_1_26' title='bbox 1074 484 1277 543; x_wconf 75' lang='lat' dir='ltr'>fuerint,</span> <span class='ocrx_word' id='word_1_27' title='bbox 1303 494 1439 550; x_wconf 90' lang='lat' dir='ltr'>atque</span> <span class='ocrx_word' id='word_1_28' title='bbox 1470 488 1539 534; x_wconf 89' lang='lat' dir='ltr'>uti</span> <span class='ocrx_word' id='word_1_29' title='bbox 1571 488 1775 535; x_wconf 75' lang='lat' dir='ltr'>haeretici</span> <span class='ocrx_word' id='word_1_30' title='bbox 1793 505 1908 554; x_wconf 88' lang='lat' dir='ltr'>spe-</span> 
     </span>
     <span class='ocr_line' id='line_1_6' title="bbox 215 559 1909 626; baseline 0.001 -16"><span class='ocrx_word' id='word_1_31' title='bbox 215 563 325 611; x_wconf 88' lang='lat' dir='ltr'>ctati</span> <span class='ocrx_word' id='word_1_32' title='bbox 345 561 411 608; x_wconf 91' lang='lat' dir='ltr'>illi</span> <span class='ocrx_word' id='word_1_33' title='bbox 445 578 634 616; x_wconf 88' lang='lat' dir='ltr'>omnes,</span> <span class='ocrx_word' id='word_1_34' title='bbox 660 562 741 625; x_wconf 91' lang='lat' dir='ltr'>qui</span> <span class='ocrx_word' id='word_1_35' title='bbox 771 560 958 607; x_wconf 90' lang='lat' dir='ltr'>illorum</span> <span class='ocrx_word' id='word_1_36' title='bbox 978 559 1326 607; x_wconf 87' lang='lat' dir='ltr'>definitionibus</span> <span class='ocrx_word' id='word_1_37' title='bbox 1358 563 1644 626; x_wconf 82' lang='lat' dir='ltr'>acquiescere</span> <span class='ocrx_word' id='word_1_38' title='bbox 1684 564 1909 612; x_wconf 85' lang='lat' dir='ltr'>detrecta-</span> 
     </span>
     <span class='ocr_line' id='line_1_7' title="bbox 213 636 1909 706; baseline 0.002 -21"><span class='ocrx_word' id='word_1_39' title='bbox 213 648 341 686; x_wconf 86' lang='lat' dir='ltr'><strong>runt.</strong></span> <span class='ocrx_word' id='word_1_40' title='bbox 367 638 438 685; x_wconf 84' lang='lat' dir='ltr'>Sic</span> <span class='ocrx_word' id='word_1_41' title='bbox 460 645 563 702; x_wconf 88' lang='lat' dir='ltr'>post</span> <span class='ocrx_word' id='word_1_42' title='bbox 590 637 839 684; x_wconf 88' lang='lat' dir='ltr'>Nicoenum</span> <span class='ocrx_word' id='word_1_43' title='bbox 870 636 1128 683; x_wconf 85' lang='lat' dir='ltr'>Concilium</span> <span class='ocrx_word' id='word_1_44' title='bbox 1162 636 1317 683; x_wconf 86' lang='lat' dir='ltr'>Ariani</span> <span class='ocrx_word' id='word_1_45' title='bbox 1339 673 1352 694; x_wconf 95' lang='lat'>‚</span> <span class='ocrx_word' id='word_1_46' title='bbox 1382 646 1487 702; x_wconf 91' lang='lat' dir='ltr'>post</span> <span class='ocrx_word' id='word_1_47' title='bbox 1512 639 1909 706; x_wconf 82' lang='lat' dir='ltr'>Constantinopo-</span> 
     </span>
     <span class='ocr_line' id='line_1_8' title="bbox 213 712 1908 780; baseline 0.001 -18"><span class='ocrx_word' id='word_1_48' title='bbox 213 715 413 763; x_wconf 89' lang='lat' dir='ltr'>litanum</span> <span class='ocrx_word' id='word_1_49' title='bbox 450 712 801 771; x_wconf 65' lang='lat' dir='ltr'>Macedoniani,</span> <span class='ocrx_word' id='word_1_50' title='bbox 828 722 934 777; x_wconf 86' lang='lat' dir='ltr'>post</span> <span class='ocrx_word' id='word_1_51' title='bbox 976 712 1265 776; x_wconf 88' lang='lat' dir='ltr'>Ephesinum</span> <span class='ocrx_word' id='word_1_52' title='bbox 1310 713 1598 775; x_wconf 88' lang='lat' dir='ltr'>Nestoriani‚</span> <span class='ocrx_word' id='word_1_53' title='bbox 1635 715 1908 780; x_wconf 73' lang='lat' dir='ltr'>Eutychiani</span> 
     </span>
     <span class='ocr_line' id='line_1_9' title="bbox 213 788 1909 857; baseline 0.001 -19"><span class='ocrx_word' id='word_1_54' title='bbox 213 800 319 857; x_wconf 85' lang='lat' dir='ltr'>post</span> <span class='ocrx_word' id='word_1_55' title='bbox 339 788 716 837; x_wconf 87' lang='lat' dir='ltr'>Chalcedonense</span> <span class='ocrx_word' id='word_1_56' title='bbox 730 824 743 848; x_wconf 84' lang='lat'><strong><em>‚</em></strong></span> <span class='ocrx_word' id='word_1_57' title='bbox 769 788 891 834; x_wconf 90' lang='lat' dir='ltr'>etita</span> <span class='ocrx_word' id='word_1_58' title='bbox 909 805 1065 852; x_wconf 89' lang='lat' dir='ltr'>porro.</span> <span class='ocrx_word' id='word_1_59' title='bbox 1093 788 1196 834; x_wconf 86' lang='lat' dir='ltr'>Jam</span> <span class='ocrx_word' id='word_1_60' title='bbox 1220 806 1331 834; x_wconf 88' lang='lat' dir='ltr'>vero</span> <span class='ocrx_word' id='word_1_61' title='bbox 1352 789 1441 835; x_wconf 87' lang='lat' dir='ltr'>nisi</span> <span class='ocrx_word' id='word_1_62' title='bbox 1461 799 1643 837; x_wconf 86' lang='lat' dir='ltr'>certum</span> <span class='ocrx_word' id='word_1_63' title='bbox 1662 790 1909 857; x_wconf 85' lang='lat' dir='ltr'>ratumque</span> 
     </span>
     <span class='ocr_line' id='line_1_10' title="bbox 212 864 1910 932; baseline 0 -17"><span class='ocrx_word' id='word_1_64' title='bbox 212 868 261 914; x_wconf 90' lang='lat' dir='ltr'>in</span> <span class='ocrx_word' id='word_1_65' title='bbox 279 875 377 914; x_wconf 89' lang='lat' dir='ltr'>tota</span> <span class='ocrx_word' id='word_1_66' title='bbox 409 864 686 929; x_wconf 81' lang='lat' dir='ltr'>antiquitate</span> <span class='ocrx_word' id='word_1_67' title='bbox 713 864 874 910; x_wconf 83' lang='lat' dir='ltr'>fuisset</span> <span class='ocrx_word' id='word_1_68' title='bbox 895 900 907 922; x_wconf 64' lang='lat'>7</span> <span class='ocrx_word' id='word_1_69' title='bbox 934 864 1217 911; x_wconf 87' lang='lat' dir='ltr'>oecumenica</span> <span class='ocrx_word' id='word_1_70' title='bbox 1240 865 1440 912; x_wconf 87' lang='lat' dir='ltr'>Concilia</span> <span class='ocrx_word' id='word_1_71' title='bbox 1464 865 1692 913; x_wconf 88' lang='lat' dir='ltr'>infallibili</span> <span class='ocrx_word' id='word_1_72' title='bbox 1714 865 1910 932; x_wconf 85' lang='lat' dir='ltr'>praeclita</span> 
     </span>
     <span class='ocr_line' id='line_1_11' title="bbox 213 939 1910 1003; baseline 0.001 -13"><span class='ocrx_word' id='word_1_73' title='bbox 213 960 312 991; x_wconf 87' lang='lat' dir='ltr'>esse</span> <span class='ocrx_word' id='word_1_74' title='bbox 342 941 615 988; x_wconf 84' lang='lat' dir='ltr'>auctoritate</span> <span class='ocrx_word' id='word_1_75' title='bbox 635 975 647 997; x_wconf 59' lang='lat'>7</span> <span class='ocrx_word' id='word_1_76' title='bbox 687 939 859 1000; x_wconf 87' lang='lat' dir='ltr'>injusta</span> <span class='ocrx_word' id='word_1_77' title='bbox 893 939 1035 1003; x_wconf 90' lang='lat' dir='ltr'>plane</span> <span class='ocrx_word' id='word_1_78' title='bbox 1077 947 1214 1003; x_wconf 83' lang='lat' dir='ltr'>atque</span> <span class='ocrx_word' id='word_1_79' title='bbox 1254 939 1582 989; x_wconf 85' lang='lat' dir='ltr'>irrationabilis</span> <span class='ocrx_word' id='word_1_80' title='bbox 1616 941 1781 990; x_wconf 89' lang='lat' dir='ltr'>fuisset</span> <span class='ocrx_word' id='word_1_81' title='bbox 1811 943 1910 991; x_wconf 84' lang='lat' dir='ltr'>haec</span> 
     </span>
     <span class='ocr_line' id='line_1_12' title="bbox 212 1013 1911 1079; baseline -0.001 -13"><span class='ocrx_word' id='word_1_82' title='bbox 212 1018 421 1066; x_wconf 79' lang='lat' dir='ltr'>Ecclesiae</span> <span class='ocrx_word' id='word_1_83' title='bbox 453 1014 620 1079; x_wconf 80' lang='lat' dir='ltr'>agendi</span> <span class='ocrx_word' id='word_1_84' title='bbox 646 1015 764 1060; x_wconf 86' lang='lat' dir='ltr'>ratio</span> <span class='ocrx_word' id='word_1_85' title='bbox 787 1013 873 1077; x_wconf 74' lang='lat' dir='ltr'>(l).</span> <span class='ocrx_word' id='word_1_86' title='bbox 904 1016 1156 1076; x_wconf 86' lang='lat' dir='ltr'>Perperam</span> <span class='ocrx_word' id='word_1_87' title='bbox 1179 1030 1340 1060; x_wconf 89' lang='lat' dir='ltr'>omnes</span> <span class='ocrx_word' id='word_1_88' title='bbox 1363 1016 1589 1064; x_wconf 81' lang='lat' dir='ltr'>Catholici</span> <span class='ocrx_word' id='word_1_89' title='bbox 1618 1018 1680 1064; x_wconf 91' lang='lat' dir='ltr'>ita</span> <span class='ocrx_word' id='word_1_90' title='bbox 1714 1019 1911 1066; x_wconf 87' lang='lat' dir='ltr'>firmiter</span> 
     </span>
     <span class='ocr_line' id='line_1_13' title="bbox 214 1088 1911 1160; baseline 0.001 -18"><span class='ocrx_word' id='word_1_91' title='bbox 214 1094 518 1142; x_wconf 84' lang='lat' dir='ltr'>adhaesissent</span> <span class='ocrx_word' id='word_1_92' title='bbox 542 1091 812 1154; x_wconf 83' lang='lat' dir='ltr'>dogmaticis</span> <span class='ocrx_word' id='word_1_93' title='bbox 847 1090 973 1137; x_wconf 89' lang='lat' dir='ltr'>hisce</span> <span class='ocrx_word' id='word_1_94' title='bbox 1012 1088 1361 1136; x_wconf 88' lang='lat' dir='ltr'>definitionibus</span> <span class='ocrx_word' id='word_1_95' title='bbox 1380 1127 1392 1150; x_wconf 75' lang='grc'><em>,</em></span> <span class='ocrx_word' id='word_1_96' title='bbox 1423 1101 1476 1138; x_wconf 84' lang='lat' dir='ltr'>ut</span> <span class='ocrx_word' id='word_1_97' title='bbox 1506 1111 1592 1158; x_wconf 88' lang='lat' dir='ltr'>pro</span> <span class='ocrx_word' id='word_1_98' title='bbox 1616 1094 1705 1141; x_wconf 90' lang='lat' dir='ltr'>illis</span> <span class='ocrx_word' id='word_1_99' title='bbox 1738 1105 1911 1160; x_wconf 76' lang='lat' dir='ltr'>marty·</span> 
     </span>
     <span class='ocr_line' id='line_1_14' title="bbox 210 1165 1908 1237; baseline -0.001 -19"><span class='ocrx_word' id='word_1_100' title='bbox 210 1173 334 1218; x_wconf 89' lang='lat' dir='ltr'>rium</span> <span class='ocrx_word' id='word_1_101' title='bbox 362 1169 516 1217; x_wconf 90' lang='lat' dir='ltr'>subire</span> <span class='ocrx_word' id='word_1_102' title='bbox 538 1168 665 1215; x_wconf 88' lang='lat' dir='ltr'>haud</span> <span class='ocrx_word' id='word_1_103' title='bbox 697 1165 972 1214; x_wconf 87' lang='lat' dir='ltr'>dubitarent</span> <span class='ocrx_word' id='word_1_104' title='bbox 995 1202 1008 1225; x_wconf 82' lang='lat'>,</span> <span class='ocrx_word' id='word_1_105' title='bbox 1042 1166 1200 1232; x_wconf 86' lang='lat' dir='ltr'>prouti</span> <span class='ocrx_word' id='word_1_106' title='bbox 1230 1167 1502 1213; x_wconf 88' lang='lat' dir='ltr'>innumeros</span> <span class='ocrx_word' id='word_1_107' title='bbox 1535 1187 1707 1234; x_wconf 86' lang='lat' dir='ltr'>prope,</span> <span class='ocrx_word' id='word_1_108' title='bbox 1744 1173 1908 1237; x_wconf 89' lang='lat' dir='ltr'>quavis</span> 
     </span>
     <span class='ocr_line' id='line_1_15' title="bbox 215 1242 1908 1308; baseline -0.001 -12"><span class='ocrx_word' id='word_1_109' title='bbox 215 1247 422 1296; x_wconf 88' lang='lat' dir='ltr'>Ecclesiae</span> <span class='ocrx_word' id='word_1_110' title='bbox 453 1254 585 1293; x_wconf 90' lang='lat' dir='ltr'>aetate</span> <span class='ocrx_word' id='word_1_111' title='bbox 604 1283 616 1300; x_wconf 94' lang='lat'><strong><em>,</em></strong></span> <span class='ocrx_word' id='word_1_112' title='bbox 638 1243 775 1291; x_wconf 82' lang='lat' dir='ltr'>exilia</span> <span class='ocrx_word' id='word_1_113' title='bbox 795 1279 807 1302; x_wconf 79' lang='lat'>‚</span> <span class='ocrx_word' id='word_1_114' title='bbox 826 1260 1030 1290; x_wconf 82' lang='lat' dir='ltr'>carceres</span> <span class='ocrx_word' id='word_1_115' title='bbox 1048 1279 1060 1302; x_wconf 74' lang='grc'><em>,</em></span> <span class='ocrx_word' id='word_1_116' title='bbox 1083 1242 1318 1290; x_wconf 90' lang='lat' dir='ltr'>bonorum</span> <span class='ocrx_word' id='word_1_117' title='bbox 1348 1243 1658 1308; x_wconf 89' lang='lat' dir='ltr'>direptionem</span> <span class='ocrx_word' id='word_1_118' title='bbox 1684 1258 1908 1295; x_wconf 85' lang='lat' dir='ltr'>mortem-</span> 
     </span>
     <span class='ocr_line' id='line_1_16' title="bbox 199 1319 1904 1390; baseline -0.001 -19"><span class='ocrx_word' id='word_1_119' title='bbox 199 1342 304 1390; x_wconf 91' lang='lat' dir='ltr'>·que</span> <span class='ocrx_word' id='word_1_120' title='bbox 331 1324 479 1387; x_wconf 84' lang='lat' dir='ltr'>ipsam</span> <span class='ocrx_word' id='word_1_121' title='bbox 504 1321 750 1387; x_wconf 86' lang='lat' dir='ltr'>pertulisse</span> <span class='ocrx_word' id='word_1_122' title='bbox 779 1320 995 1367; x_wconf 88' lang='lat' dir='ltr'>universa</span> <span class='ocrx_word' id='word_1_123' title='bbox 1026 1319 1216 1366; x_wconf 84' lang='lat' dir='ltr'>historia</span> <span class='ocrx_word' id='word_1_124' title='bbox 1238 1319 1539 1367; x_wconf 87' lang='lat' dir='ltr'>ecclesiastica</span> <span class='ocrx_word' id='word_1_125' title='bbox 1563 1330 1759 1369; x_wconf 84' lang='lat' dir='ltr'>testatur</span> <span class='ocrx_word' id='word_1_126' title='bbox 1798 1325 1868 1390; x_wconf 77' lang='lat'>(2)</span> <span class='ocrx_word' id='word_1_127' title='bbox 1890 1345 1904 1384; x_wconf 69' lang='grc' dir='ltr'><strong>ς</strong></span> 
     </span>
     <span class='ocr_line' id='line_1_17' title="bbox 215 1395 1906 1465; baseline 0.001 -19"><span class='ocrx_word' id='word_1_128' title='bbox 215 1417 329 1465; x_wconf 88' lang='lat' dir='ltr'>quos</span> <span class='ocrx_word' id='word_1_129' title='bbox 352 1398 543 1464; x_wconf 90' lang='lat' dir='ltr'>quidem</span> <span class='ocrx_word' id='word_1_130' title='bbox 574 1397 720 1445; x_wconf 89' lang='lat' dir='ltr'>veluti</span> <span class='ocrx_word' id='word_1_131' title='bbox 753 1405 981 1460; x_wconf 76' lang='lat' dir='ltr'>martyres</span> <span class='ocrx_word' id='word_1_132' title='bbox 1006 1395 1201 1443; x_wconf 84' lang='lat' dir='ltr'>Ecclesia</span> <span class='ocrx_word' id='word_1_133' title='bbox 1224 1413 1409 1460; x_wconf 90' lang='lat' dir='ltr'>semper</span> <span class='ocrx_word' id='word_1_134' title='bbox 1437 1405 1657 1444; x_wconf 86' lang='lat' dir='ltr'>venerata</span> <span class='ocrx_word' id='word_1_135' title='bbox 1686 1407 1771 1445; x_wconf 91' lang='lat' dir='ltr'>est.</span> <span class='ocrx_word' id='word_1_136' title='bbox 1796 1402 1906 1446; x_wconf 90' lang='lat' dir='ltr'>Post</span> 
     </span>
     <span class='ocr_line' id='line_1_18' title="bbox 215 1472 1906 1540; baseline -0.001 -16"><span class='ocrx_word' id='word_1_137' title='bbox 215 1476 312 1524; x_wconf 74' lang='lat' dir='ltr'>hacc</span> <span class='ocrx_word' id='word_1_138' title='bbox 338 1491 735 1540; x_wconf 78' lang='lat' dir='ltr'>supervacaneum</span> <span class='ocrx_word' id='word_1_139' title='bbox 754 1473 850 1519; x_wconf 89' lang='lat' dir='ltr'>fere</span> <span class='ocrx_word' id='word_1_140' title='bbox 872 1472 1056 1520; x_wconf 89' lang='lat' dir='ltr'>videtur</span> <span class='ocrx_word' id='word_1_141' title='bbox 1076 1489 1324 1535; x_wconf 81' lang='lat' dir='ltr'>congerere</span> <span class='ocrx_word' id='word_1_142' title='bbox 1344 1475 1536 1519; x_wconf 83' lang='lat' dir='ltr'>Patrum</span> <span class='ocrx_word' id='word_1_143' title='bbox 1556 1474 1824 1523; x_wconf 87' lang='lat' dir='ltr'>testimonia</span> <span class='ocrx_word' id='word_1_144' title='bbox 1847 1475 1906 1522; x_wconf 91' lang='lat' dir='ltr'>ad</span> 
     </span>
     <span class='ocr_line' id='line_1_19' title="bbox 211 1547 1907 1615; baseline 0.001 -17"><span class='ocrx_word' id='word_1_145' title='bbox 211 1552 399 1600; x_wconf 89' lang='lat' dir='ltr'>illorum</span> <span class='ocrx_word' id='word_1_146' title='bbox 419 1550 717 1614; x_wconf 88' lang='lat' dir='ltr'>Ecclesiaeque</span> <span class='ocrx_word' id='word_1_147' title='bbox 738 1566 927 1596; x_wconf 85' lang='lat' dir='ltr'>sensum</span> <span class='ocrx_word' id='word_1_148' title='bbox 948 1547 1320 1612; x_wconf 84' lang='lat' dir='ltr'>cognoscendum</span> <span class='ocrx_word' id='word_1_149' title='bbox 1336 1585 1349 1609; x_wconf 68' lang='lat'><em>⁷</em></span> <span class='ocrx_word' id='word_1_150' title='bbox 1372 1566 1477 1597; x_wconf 89' lang='lat' dir='ltr'>cum</span> <span class='ocrx_word' id='word_1_151' title='bbox 1505 1549 1798 1615; x_wconf 79' lang='lat' dir='ltr'>exploratum</span> <span class='ocrx_word' id='word_1_152' title='bbox 1823 1552 1907 1608; x_wconf 86' lang='lat' dir='ltr'>sit,</span> 
     </span>
    </p>
   </div>
   <div class='ocr_carea' id='block_1_4' title="bbox 1093 1748 1907 2064">
    <p class='ocr_par' dir='ltr' id='par_1_4' title="bbox 1093 1748 1907 1853">
     <span class='ocr_line' id='line_1_20' title="bbox 1095 1748 1907 1803; baseline 0.004 -16"><span class='ocrx_word' id='word_1_153' title='bbox 1095 1750 1215 1788; x_wconf 89' lang='lat' dir='ltr'>tinum</span> <span class='ocrx_word' id='word_1_154' title='bbox 1249 1757 1454 1802; x_wconf 89' lang='lat' dir='ltr'>opponunt.</span> <span class='ocrx_word' id='word_1_155' title='bbox 1484 1748 1677 1802; x_wconf 84' lang='lat' dir='ltr'>Quomodo</span> <span class='ocrx_word' id='word_1_156' title='bbox 1702 1753 1812 1803; x_wconf 82' lang='lat' dir='ltr'>igitur</span> <span class='ocrx_word' id='word_1_157' title='bbox 1834 1750 1907 1790; x_wconf 86' lang='lat' dir='ltr'>sibi</span> 
     </span>
     <span class='ocr_line' id='line_1_21' title="bbox 1093 1815 1304 1853; baseline 0.005 -1"><span class='ocrx_word' id='word_1_158' title='bbox 1093 1815 1304 1853; x_wconf 66' lang='lat' dir='ltr'>cohaerent?</span> 
     </span>
    </p>

    <p class='ocr_par' dir='ltr' id='par_1_5' title="bbox 1093 1879 1907 2064">
     <span class='ocr_line' id='line_1_22' title="bbox 1150 1879 1905 1933; baseline 0.004 -17"><span class='ocrx_word' id='word_1_159' title='bbox 1150 1879 1203 1931; x_wconf 55' lang='grc' dir='ltr'>(Ὠ)</span> <span class='ocrx_word' id='word_1_160' title='bbox 1233 1879 1483 1919; x_wconf 88' lang='lat' dir='ltr'>Plurimorum</span> <span class='ocrx_word' id='word_1_161' title='bbox 1517 1881 1668 1918; x_wconf 88' lang='lat' dir='ltr'>istorum</span> <span class='ocrx_word' id='word_1_162' title='bbox 1703 1889 1905 1933; x_wconf 86' lang='lat' dir='ltr'>martyrum</span> 
     </span>
     <span class='ocr_line' id='line_1_23' title="bbox 1093 1944 1907 1997; baseline 0.002 -14"><span class='ocrx_word' id='word_1_163' title='bbox 1093 1946 1247 1983; x_wconf 88' lang='lat' dir='ltr'>nomina</span> <span class='ocrx_word' id='word_1_164' title='bbox 1271 1953 1433 1983; x_wconf 83' lang='lat' dir='ltr'>recenset</span> <span class='ocrx_word' id='word_1_165' title='bbox 1455 1944 1755 1997; x_wconf 81' lang='lat' dir='ltr'>Martyrologium</span> <span class='ocrx_word' id='word_1_166' title='bbox 1771 1946 1907 1985; x_wconf 87' lang='lat' dir='ltr'>Roma-</span> 
     </span>
     <span class='ocr_line' id='line_1_24' title="bbox 1094 2009 1905 2064; baseline 0.002 -16"><span class='ocrx_word' id='word_1_167' title='bbox 1094 2024 1202 2049; x_wconf 88' lang='lat' dir='ltr'>num.</span> <span class='ocrx_word' id='word_1_168' title='bbox 1222 2009 1316 2049; x_wconf 68' lang='lat' dir='ltr'>Satis</span> <span class='ocrx_word' id='word_1_169' title='bbox 1340 2010 1474 2049; x_wconf 88' lang='lat' dir='ltr'>deinde</span> <span class='ocrx_word' id='word_1_170' title='bbox 1497 2019 1550 2048; x_wconf 90' lang='lat' dir='ltr'>est</span> <span class='ocrx_word' id='word_1_171' title='bbox 1575 2010 1700 2049; x_wconf 90' lang='lat' dir='ltr'>oculos</span> <span class='ocrx_word' id='word_1_172' title='bbox 1726 2014 1905 2064; x_wconf 86' lang='lat' dir='ltr'>conjicere</span> 
     </span>
    </p>
   </div>
   <div class='ocr_carea' id='block_1_5' title="bbox 210 1747 1028 2059">
    <p class='ocr_par' dir='ltr' id='par_1_6' title="bbox 210 1747 1028 2059">
     <span class='ocr_line' id='line_1_25' title="bbox 268 1747 1027 1803; baseline -0.004 -14"><span class='ocrx_word' id='word_1_173' title='bbox 268 1752 318 1803; x_wconf 94' lang='grc'>(1)</span> <span class='ocrx_word' id='word_1_174' title='bbox 349 1749 421 1788; x_wconf 88' lang='lat' dir='ltr'>Hic</span> <span class='ocrx_word' id='word_1_175' title='bbox 445 1763 529 1788; x_wconf 89' lang='lat' dir='ltr'>vero</span> <span class='ocrx_word' id='word_1_176' title='bbox 562 1748 679 1787; x_wconf 87' lang='lat' dir='ltr'>obiter</span> <span class='ocrx_word' id='word_1_177' title='bbox 706 1747 843 1787; x_wconf 81' lang='lat' dir='ltr'>adnoto</span> <span class='ocrx_word' id='word_1_178' title='bbox 866 1748 1027 1800; x_wconf 85' lang='lat' dir='ltr'>singula-</span> 
     </span>
     <span class='ocr_line' id='line_1_26' title="bbox 212 1816 1028 1868; baseline -0.005 -13"><span class='ocrx_word' id='word_1_179' title='bbox 212 1831 290 1855; x_wconf 85' lang='lat' dir='ltr'>rem</span> <span class='ocrx_word' id='word_1_180' title='bbox 306 1816 436 1868; x_wconf 84' lang='lat' dir='ltr'>ageudi</span> <span class='ocrx_word' id='word_1_181' title='bbox 458 1817 659 1861; x_wconf 87' lang='lat' dir='ltr'>rationem,</span> <span class='ocrx_word' id='word_1_182' title='bbox 680 1827 792 1866; x_wconf 90' lang='lat' dir='ltr'>quam</span> <span class='ocrx_word' id='word_1_183' title='bbox 807 1822 932 1852; x_wconf 84' lang='lat' dir='ltr'>tenent</span> <span class='ocrx_word' id='word_1_184' title='bbox 945 1828 1028 1866; x_wconf 84' lang='lat' dir='ltr'>pro·-</span> 
     </span>
     <span class='ocr_line' id='line_1_27' title="bbox 210 1878 1026 1932; baseline -0.004 -12"><span class='ocrx_word' id='word_1_185' title='bbox 210 1889 408 1928; x_wconf 80' lang='lat' dir='ltr'>testantes‚</span> <span class='ocrx_word' id='word_1_186' title='bbox 442 1881 571 1919; x_wconf 86' lang='lat' dir='ltr'>saltem</span> <span class='ocrx_word' id='word_1_187' title='bbox 596 1893 687 1932; x_wconf 83' lang='lat' dir='ltr'>quos</span> <span class='ocrx_word' id='word_1_188' title='bbox 711 1878 932 1917; x_wconf 73' lang='lat' dir='ltr'>orthodoxos</span> <span class='ocrx_word' id='word_1_189' title='bbox 958 1893 1026 1917; x_wconf 86' lang='lat' dir='ltr'>vo-</span> 
     </span>
     <span class='ocr_line' id='line_1_28' title="bbox 212 1942 1026 1999; baseline -0.005 -13"><span class='ocrx_word' id='word_1_190' title='bbox 212 1956 298 1987; x_wconf 84' lang='lat' dir='ltr'>cant</span> <span class='ocrx_word' id='word_1_191' title='bbox 320 1976 330 1994; x_wconf 88' lang='lat'>‚</span> <span class='ocrx_word' id='word_1_192' title='bbox 379 1942 443 1999; x_wconf 86' lang='lat' dir='ltr'>qui</span> <span class='ocrx_word' id='word_1_193' title='bbox 492 1948 532 1984; x_wconf 88' lang='lat' dir='ltr'>in</span> <span class='ocrx_word' id='word_1_194' title='bbox 579 1959 732 1983; x_wconf 86' lang='lat' dir='ltr'>censum</span> <span class='ocrx_word' id='word_1_195' title='bbox 773 1945 1026 1983; x_wconf 80' lang='lat' dir='ltr'>haereticorum</span> 
     </span>
     <span class='ocr_line' id='line_1_29' title="bbox 211 2008 1026 2059; baseline -0.007 -7"><span class='ocrx_word' id='word_1_196' title='bbox 211 2014 379 2052; x_wconf 87' lang='lat' dir='ltr'>referunt</span> <span class='ocrx_word' id='word_1_197' title='bbox 400 2014 571 2059; x_wconf 78' lang='lat' dir='ltr'>Arianos,</span> <span class='ocrx_word' id='word_1_198' title='bbox 597 2010 880 2049; x_wconf 73' lang='lat' dir='ltr'>macedonianos</span> <span class='ocrx_word' id='word_1_199' title='bbox 897 2040 907 2058; x_wconf 92' lang='lat'>‚</span> <span class='ocrx_word' id='word_1_200' title='bbox 935 2008 1026 2047; x_wconf 87' lang='lat' dir='ltr'>Nes-</span> 
     </span>
    </p>
   </div>
   <div class='ocr_carea' id='block_1_6' title="bbox 205 2076 1026 3051">
    <p class='ocr_par' dir='ltr' id='par_1_7' title="bbox 205 2076 1026 3051">
     <span class='ocr_line' id='line_1_30' title="bbox 211 2076 1024 2129; baseline -0.009 -11"><span class='ocrx_word' id='word_1_201' title='bbox 211 2082 373 2118; x_wconf 88' lang='lat' dir='ltr'>torianos</span> <span class='ocrx_word' id='word_1_202' title='bbox 385 2107 398 2128; x_wconf 89' lang='lat'>‚</span> <span class='ocrx_word' id='word_1_203' title='bbox 422 2087 492 2117; x_wconf 83' lang='lat' dir='ltr'>etc.</span> <span class='ocrx_word' id='word_1_204' title='bbox 515 2079 602 2129; x_wconf 88' lang='lat' dir='ltr'>quia</span> <span class='ocrx_word' id='word_1_205' title='bbox 623 2077 788 2115; x_wconf 85' lang='lat' dir='ltr'>damnati</span> <span class='ocrx_word' id='word_1_206' title='bbox 808 2083 894 2113; x_wconf 87' lang='lat' dir='ltr'>sunt</span> <span class='ocrx_word' id='word_1_207' title='bbox 910 2090 929 2113; x_wconf 84' lang='lat' dir='ltr'>a</span> <span class='ocrx_word' id='word_1_208' title='bbox 946 2076 1024 2127; x_wconf 89' lang='lat' dir='ltr'>pri-</span> 
     </span>
     <span class='ocr_line' id='line_1_31' title="bbox 212 2140 1020 2191; baseline -0.006 -8"><span class='ocrx_word' id='word_1_209' title='bbox 212 2148 282 2184; x_wconf 85' lang='lat' dir='ltr'>mis</span> <span class='ocrx_word' id='word_1_210' title='bbox 302 2145 374 2183; x_wconf 87' lang='lat' dir='ltr'>illis</span> <span class='ocrx_word' id='word_1_211' title='bbox 395 2143 630 2182; x_wconf 86' lang='lat' dir='ltr'>oecumenicis</span> <span class='ocrx_word' id='word_1_212' title='bbox 645 2140 842 2191; x_wconf 75' lang='lat' dir='ltr'>Concilii53</span> <span class='ocrx_word' id='word_1_213' title='bbox 860 2153 928 2179; x_wconf 89' lang='lat' dir='ltr'>nec</span> <span class='ocrx_word' id='word_1_214' title='bbox 944 2155 1020 2178; x_wconf 79' lang='lat' dir='ltr'>sus-</span> 
     </span>
     <span class='ocr_line' id='line_1_32' title="bbox 210 2205 1024 2263; baseline -0.007 -14"><span class='ocrx_word' id='word_1_215' title='bbox 210 2213 379 2263; x_wconf 82' lang='lat' dir='ltr'>picantur</span> <span class='ocrx_word' id='word_1_216' title='bbox 396 2224 433 2249; x_wconf 85' lang='lat' dir='ltr'>se</span> <span class='ocrx_word' id='word_1_217' title='bbox 453 2210 639 2247; x_wconf 78' lang='lat' dir='ltr'>haereticos</span> <span class='ocrx_word' id='word_1_218' title='bbox 661 2221 737 2245; x_wconf 89' lang='lat' dir='ltr'>esse</span> <span class='ocrx_word' id='word_1_219' title='bbox 750 2235 761 2252; x_wconf 88' lang='lat'>‚</span> <span class='ocrx_word' id='word_1_220' title='bbox 784 2207 953 2258; x_wconf 87' lang='lat' dir='ltr'>quamvis</span> <span class='ocrx_word' id='word_1_221' title='bbox 976 2205 1024 2244; x_wconf 91' lang='lat' dir='ltr'>ab</span> 
     </span>
     <span class='ocr_line' id='line_1_33' title="bbox 211 2273 1023 2327; baseline -0.007 -11"><span class='ocrx_word' id='word_1_222' title='bbox 211 2278 437 2316; x_wconf 85' lang='lat' dir='ltr'>oecumenico</span> <span class='ocrx_word' id='word_1_223' title='bbox 477 2276 611 2327; x_wconf 83' lang='lat' dir='ltr'>pariter</span> <span class='ocrx_word' id='word_1_224' title='bbox 650 2273 816 2312; x_wconf 86' lang='lat' dir='ltr'>Concilio</span> <span class='ocrx_word' id='word_1_225' title='bbox 857 2273 1023 2325; x_wconf 88' lang='lat' dir='ltr'>ejusdem</span> 
     </span>
     <span class='ocr_line' id='line_1_34' title="bbox 215 2341 1021 2380; baseline -0.004 -1"><span class='ocrx_word' id='word_1_226' title='bbox 215 2342 386 2380; x_wconf 85' lang='lat' dir='ltr'>Ecclesiae</span> <span class='ocrx_word' id='word_1_227' title='bbox 414 2342 577 2380; x_wconf 85' lang='lat' dir='ltr'>damnati</span> <span class='ocrx_word' id='word_1_228' title='bbox 608 2341 682 2377; x_wconf 85' lang='lat' dir='ltr'>sint</span> <span class='ocrx_word' id='word_1_229' title='bbox 713 2352 839 2377; x_wconf 87' lang='lat' dir='ltr'>eorum</span> <span class='ocrx_word' id='word_1_230' title='bbox 870 2351 1021 2376; x_wconf 89' lang='lat' dir='ltr'>errores.</span> 
     </span>
     <span class='ocr_line' id='line_1_35' title="bbox 212 2403 1026 2457; baseline -0.006 -13"><span class='ocrx_word' id='word_1_231' title='bbox 212 2405 456 2457; x_wconf 82' lang='lat' dir='ltr'>Exceptiones</span> <span class='ocrx_word' id='word_1_232' title='bbox 477 2418 583 2457; x_wconf 84' lang='lat' dir='ltr'>porro</span> <span class='ocrx_word' id='word_1_233' title='bbox 599 2432 611 2453; x_wconf 87' lang='lat'>‚</span> <span class='ocrx_word' id='word_1_234' title='bbox 635 2404 770 2457; x_wconf 90' lang='lat' dir='ltr'>quibus</span> <span class='ocrx_word' id='word_1_235' title='bbox 793 2403 948 2440; x_wconf 87' lang='lat' dir='ltr'>assolent</span> <span class='ocrx_word' id='word_1_236' title='bbox 960 2417 1026 2440; x_wconf 89' lang='lat' dir='ltr'>au-</span> 
     </span>
     <span class='ocr_line' id='line_1_36' title="bbox 209 2467 1021 2517; baseline -0.005 -7"><span class='ocrx_word' id='word_1_237' title='bbox 209 2474 413 2511; x_wconf 83' lang='lat' dir='ltr'>ctoritatem</span> <span class='ocrx_word' id='word_1_238' title='bbox 429 2472 589 2509; x_wconf 86' lang='lat' dir='ltr'>adimere</span> <span class='ocrx_word' id='word_1_239' title='bbox 599 2469 764 2508; x_wconf 86' lang='lat' dir='ltr'>Concilio</span> <span class='ocrx_word' id='word_1_240' title='bbox 781 2467 998 2507; x_wconf 85' lang='lat' dir='ltr'>Tridentino</span> <span class='ocrx_word' id='word_1_241' title='bbox 1009 2497 1021 2517; x_wconf 90' lang='lat'>‚</span> 
     </span>
     <span class='ocr_line' id='line_1_37' title="bbox 211 2535 1023 2587; baseline -0.006 -11"><span class='ocrx_word' id='word_1_242' title='bbox 211 2544 297 2576; x_wconf 90' lang='lat' dir='ltr'>sunt</span> <span class='ocrx_word' id='word_1_243' title='bbox 328 2537 466 2575; x_wconf 84' lang='lat' dir='ltr'>eaedem</span> <span class='ocrx_word' id='word_1_244' title='bbox 484 2549 655 2587; x_wconf 85' lang='lat' dir='ltr'>prorsus,</span> <span class='ocrx_word' id='word_1_245' title='bbox 684 2547 775 2587; x_wconf 87' lang='lat' dir='ltr'>quas</span> <span class='ocrx_word' id='word_1_246' title='bbox 803 2535 1023 2585; x_wconf 84' lang='lat' dir='ltr'>antiquiores</span> 
     </span>
     <span class='ocr_line' id='line_1_38' title="bbox 212 2599 1023 2655; baseline -0.005 -13"><span class='ocrx_word' id='word_1_247' title='bbox 212 2604 375 2643; x_wconf 71' lang='lat' dir='ltr'>haeretici</span> <span class='ocrx_word' id='word_1_248' title='bbox 408 2616 591 2655; x_wconf 88' lang='lat' dir='ltr'>opponere</span> <span class='ocrx_word' id='word_1_249' title='bbox 622 2603 826 2653; x_wconf 90' lang='lat' dir='ltr'>potuissent</span> <span class='ocrx_word' id='word_1_250' title='bbox 850 2599 1023 2639; x_wconf 81' lang='lat' dir='ltr'>adversus</span> 
     </span>
     <span class='ocr_line' id='line_1_39' title="bbox 212 2666 1022 2721; baseline -0.006 -13"><span class='ocrx_word' id='word_1_251' title='bbox 212 2669 509 2721; x_wconf 85' lang='lat' dir='ltr'>unumquodque</span> <span class='ocrx_word' id='word_1_252' title='bbox 522 2667 728 2705; x_wconf 90' lang='lat' dir='ltr'>Concilium</span> <span class='ocrx_word' id='word_1_253' title='bbox 745 2695 755 2712; x_wconf 91' lang='lat'>‚</span> <span class='ocrx_word' id='word_1_254' title='bbox 779 2680 799 2703; x_wconf 91' lang='lat' dir='ltr'>a</span> <span class='ocrx_word' id='word_1_255' title='bbox 821 2679 893 2717; x_wconf 91' lang='lat' dir='ltr'>quo</span> <span class='ocrx_word' id='word_1_256' title='bbox 906 2674 940 2704; x_wconf 91' lang='lat' dir='ltr'>et</span> <span class='ocrx_word' id='word_1_257' title='bbox 955 2666 1022 2716; x_wconf 85' lang='lat' dir='ltr'>ipsi</span> 
     </span>
     <span class='ocr_line' id='line_1_40' title="bbox 212 2731 1023 2774; baseline -0.006 0"><span class='ocrx_word' id='word_1_258' title='bbox 212 2736 376 2774; x_wconf 87' lang='lat' dir='ltr'>damnati</span> <span class='ocrx_word' id='word_1_259' title='bbox 401 2735 517 2773; x_wconf 84' lang='lat' dir='ltr'>fuere.</span> <span class='ocrx_word' id='word_1_260' title='bbox 541 2732 621 2770; x_wconf 87' lang='lat' dir='ltr'>Imo</span> <span class='ocrx_word' id='word_1_261' title='bbox 648 2732 804 2769; x_wconf 81' lang='lat' dir='ltr'>historiae</span> <span class='ocrx_word' id='word_1_262' title='bbox 834 2731 1023 2770; x_wconf 83' lang='lat' dir='ltr'>ecclesias-</span> 
     </span>
     <span class='ocr_line' id='line_1_41' title="bbox 212 2797 1023 2851; baseline -0.004 -12"><span class='ocrx_word' id='word_1_263' title='bbox 212 2802 292 2839; x_wconf 85' lang='lat' dir='ltr'>ticae</span> <span class='ocrx_word' id='word_1_264' title='bbox 315 2801 420 2851; x_wconf 81' lang='lat' dir='ltr'>periti</span> <span class='ocrx_word' id='word_1_265' title='bbox 445 2799 625 2850; x_wconf 86' lang='lat' dir='ltr'>reperient</span> <span class='ocrx_word' id='word_1_266' title='bbox 655 2797 777 2835; x_wconf 81' lang='lat' dir='ltr'>forsan</span> <span class='ocrx_word' id='word_1_267' title='bbox 792 2824 802 2842; x_wconf 91' lang='lat'>‚</span> <span class='ocrx_word' id='word_1_268' title='bbox 824 2810 885 2834; x_wconf 86' lang='lat' dir='ltr'>eos</span> <span class='ocrx_word' id='word_1_269' title='bbox 910 2811 1023 2848; x_wconf 87' lang='lat' dir='ltr'>oppo-</span> 
     </span>
     <span class='ocr_line' id='line_1_42' title="bbox 211 2863 1021 2917; baseline -0.004 -12"><span class='ocrx_word' id='word_1_270' title='bbox 211 2881 298 2905; x_wconf 85' lang='lat' dir='ltr'>nere</span> <span class='ocrx_word' id='word_1_271' title='bbox 329 2866 488 2917; x_wconf 86' lang='lat' dir='ltr'>potuisse</span> <span class='ocrx_word' id='word_1_272' title='bbox 513 2863 683 2902; x_wconf 86' lang='lat' dir='ltr'>adversus</span> <span class='ocrx_word' id='word_1_273' title='bbox 708 2863 911 2914; x_wconf 82' lang='lat' dir='ltr'>antiquiora</span> <span class='ocrx_word' id='word_1_274' title='bbox 922 2863 1021 2902; x_wconf 90' lang='lat' dir='ltr'>Con-</span> 
     </span>
     <span class='ocr_line' id='line_1_43' title="bbox 209 2928 1023 2983; baseline -0.005 -10"><span class='ocrx_word' id='word_1_275' title='bbox 209 2934 292 2973; x_wconf 87' lang='lat' dir='ltr'>cilia</span> <span class='ocrx_word' id='word_1_276' title='bbox 311 2933 544 2983; x_wconf 78' lang='lat' dir='ltr'>exceptiones</span> <span class='ocrx_word' id='word_1_277' title='bbox 563 2931 795 2982; x_wconf 86' lang='lat' dir='ltr'>speciosiores</span> <span class='ocrx_word' id='word_1_278' title='bbox 816 2928 889 2967; x_wconf 85' lang='lat' dir='ltr'>illis</span> <span class='ocrx_word' id='word_1_279' title='bbox 903 2959 913 2977; x_wconf 87' lang='lat'><em>‚</em></span> <span class='ocrx_word' id='word_1_280' title='bbox 932 2944 1023 2983; x_wconf 83' lang='lat' dir='ltr'>quas</span> 
     </span>
     <span class='ocr_line' id='line_1_44' title="bbox 205 2994 1023 3051; baseline -0.005 -11"><span class='ocrx_word' id='word_1_281' title='bbox 205 3000 363 3040; x_wconf 79' lang='lat' dir='ltr'>haeretici</span> <span class='ocrx_word' id='word_1_282' title='bbox 388 2997 653 3051; x_wconf 83' lang='lat' dir='ltr'>subsequentes</span> <span class='ocrx_word' id='word_1_283' title='bbox 676 2996 848 3037; x_wconf 77' lang='lat' dir='ltr'>adversus</span> <span class='ocrx_word' id='word_1_284' title='bbox 869 2994 1023 3036; x_wconf 85' lang='lat' dir='ltr'>Triden-</span> 
     </span>
    </p>
   </div>
   <div class='ocr_carea' id='block_1_7' title="bbox 1088 2075 1949 2970">
    <p class='ocr_par' dir='ltr' id='par_1_8' title="bbox 1088 2075 1949 2970">
     <span class='ocr_line' id='line_1_45' title="bbox 1093 2075 1904 2124; baseline 0 -10"><span class='ocrx_word' id='word_1_285' title='bbox 1093 2078 1133 2114; x_wconf 88' lang='lat' dir='ltr'>in</span> <span class='ocrx_word' id='word_1_286' title='bbox 1170 2076 1363 2114; x_wconf 86' lang='lat' dir='ltr'>historiam</span> <span class='ocrx_word' id='word_1_287' title='bbox 1407 2076 1686 2114; x_wconf 85' lang='lat' dir='ltr'>ecclesiasticam</span> <span class='ocrx_word' id='word_1_288' title='bbox 1722 2075 1877 2114; x_wconf 85' lang='lat' dir='ltr'>Socratis</span> <span class='ocrx_word' id='word_1_289' title='bbox 1893 2106 1904 2124; x_wconf 82' lang='lat'>‚</span> 
     </span>
     <span class='ocr_line' id='line_1_46' title="bbox 1093 2140 1902 2193; baseline 0 -13"><span class='ocrx_word' id='word_1_290' title='bbox 1093 2141 1315 2190; x_wconf 86' lang='lat' dir='ltr'>Sozomeni,</span> <span class='ocrx_word' id='word_1_291' title='bbox 1351 2141 1597 2189; x_wconf 88' lang='lat' dir='ltr'>Theodoreti,</span> <span class='ocrx_word' id='word_1_292' title='bbox 1628 2140 1798 2193; x_wconf 85' lang='lat' dir='ltr'>Evagrii,</span> <span class='ocrx_word' id='word_1_293' title='bbox 1828 2145 1902 2180; x_wconf 84' lang='lat' dir='ltr'>etc.</span> 
     </span>
     <span class='ocr_line' id='line_1_47' title="bbox 1094 2205 1903 2259; baseline 0.001 -14"><span class='ocrx_word' id='word_1_294' title='bbox 1094 2215 1135 2245; x_wconf 89' lang='lat' dir='ltr'>ut</span> <span class='ocrx_word' id='word_1_295' title='bbox 1157 2214 1291 2259; x_wconf 87' lang='lat' dir='ltr'>pateat,</span> <span class='ocrx_word' id='word_1_296' title='bbox 1317 2221 1430 2259; x_wconf 87' lang='lat' dir='ltr'>quam</span> <span class='ocrx_word' id='word_1_297' title='bbox 1442 2209 1611 2245; x_wconf 68' lang='lat' dir='ltr'>saevitum</span> <span class='ocrx_word' id='word_1_298' title='bbox 1625 2206 1673 2243; x_wconf 89' lang='lat' dir='ltr'>sit</span> <span class='ocrx_word' id='word_1_299' title='bbox 1687 2206 1734 2244; x_wconf 92' lang='lat' dir='ltr'>ab</span> <span class='ocrx_word' id='word_1_300' title='bbox 1758 2205 1903 2246; x_wconf 82' lang='lat' dir='ltr'>Arianis</span> 
     </span>
     <span class='ocr_line' id='line_1_48' title="bbox 1091 2272 1902 2327; baseline 0 -14"><span class='ocrx_word' id='word_1_301' title='bbox 1091 2272 1446 2327; x_wconf 81' lang='lat' dir='ltr'>Macedonianisque</span> <span class='ocrx_word' id='word_1_302' title='bbox 1466 2273 1636 2312; x_wconf 77' lang='lat' dir='ltr'>adversus</span> <span class='ocrx_word' id='word_1_303' title='bbox 1665 2273 1902 2324; x_wconf 77' lang='lat' dir='ltr'>Catholicos;</span> 
     </span>
     <span class='ocr_line' id='line_1_49' title="bbox 1091 2340 1899 2391; baseline -0.001 -12"><span class='ocrx_word' id='word_1_304' title='bbox 1091 2342 1228 2379; x_wconf 83' lang='lat' dir='ltr'>satisest</span> <span class='ocrx_word' id='word_1_305' title='bbox 1243 2353 1449 2391; x_wconf 70' lang='lat' dir='ltr'>percurrere</span> <span class='ocrx_word' id='word_1_306' title='bbox 1473 2340 1583 2377; x_wconf 78' lang='lat' dir='ltr'>fastos</span> <span class='ocrx_word' id='word_1_307' title='bbox 1603 2340 1899 2387; x_wconf 83' lang='lat' dir='ltr'>ecclesiasticos,</span> 
     </span>
     <span class='ocr_line' id='line_1_50' title="bbox 1091 2402 1911 2457; baseline 0 -13"><span class='ocrx_word' id='word_1_308' title='bbox 1091 2414 1133 2444; x_wconf 91' lang='lat' dir='ltr'>ut</span> <span class='ocrx_word' id='word_1_309' title='bbox 1168 2407 1325 2457; x_wconf 88' lang='lat' dir='ltr'>quisque</span> <span class='ocrx_word' id='word_1_310' title='bbox 1344 2403 1524 2455; x_wconf 84' lang='lat' dir='ltr'>intelligat</span> <span class='ocrx_word' id='word_1_311' title='bbox 1541 2433 1553 2454; x_wconf 79' lang='lat'>‚</span> <span class='ocrx_word' id='word_1_312' title='bbox 1583 2417 1667 2457; x_wconf 82' lang='lat' dir='ltr'>quae</span> <span class='ocrx_word' id='word_1_313' title='bbox 1691 2402 1911 2457; x_wconf 77' lang='lat' dir='ltr'>quantaque¹</span> 
     </span>
     <span class='ocr_line' id='line_1_51' title="bbox 1090 2469 1898 2518; baseline 0 -10"><span class='ocrx_word' id='word_1_314' title='bbox 1090 2470 1136 2508; x_wconf 90' lang='lat' dir='ltr'>ab</span> <span class='ocrx_word' id='word_1_315' title='bbox 1160 2469 1332 2508; x_wconf 88' lang='lat' dir='ltr'>omnibus</span> <span class='ocrx_word' id='word_1_316' title='bbox 1348 2469 1572 2508; x_wconf 85' lang='lat' dir='ltr'>factionibus</span> <span class='ocrx_word' id='word_1_317' title='bbox 1588 2500 1598 2518; x_wconf 89' lang='lat'>‚</span> <span class='ocrx_word' id='word_1_318' title='bbox 1633 2484 1653 2508; x_wconf 91' lang='lat' dir='ltr'>a</span> <span class='ocrx_word' id='word_1_319' title='bbox 1676 2469 1898 2517; x_wconf 82' lang='lat' dir='ltr'>Donatistis,</span> 
     </span>
     <span class='ocr_line' id='line_1_52' title="bbox 1091 2534 1901 2588; baseline 0 -15"><span class='ocrx_word' id='word_1_320' title='bbox 1091 2534 1347 2574; x_wconf 79' lang='lat' dir='ltr'>monothelitis</span> <span class='ocrx_word' id='word_1_321' title='bbox 1359 2565 1369 2584; x_wconf 90' lang='lat'><em>‚</em></span> <span class='ocrx_word' id='word_1_322' title='bbox 1389 2535 1643 2574; x_wconf 87' lang='lat' dir='ltr'>lconomachis</span> <span class='ocrx_word' id='word_1_323' title='bbox 1656 2565 1666 2583; x_wconf 94' lang='lat'>‚</span> <span class='ocrx_word' id='word_1_324' title='bbox 1684 2537 1723 2574; x_wconf 91' lang='lat' dir='ltr'>in</span> <span class='ocrx_word' id='word_1_325' title='bbox 1734 2549 1901 2588; x_wconf 83' lang='lat' dir='ltr'>persecu-</span> 
     </span>
     <span class='ocr_line' id='line_1_53' title="bbox 1090 2598 1895 2653; baseline -0.004 -14"><span class='ocrx_word' id='word_1_326' title='bbox 1090 2603 1190 2640; x_wconf 86' lang='lat' dir='ltr'>tione</span> <span class='ocrx_word' id='word_1_327' title='bbox 1212 2600 1437 2648; x_wconf 83' lang='lat' dir='ltr'>Vandalica,</span> <span class='ocrx_word' id='word_1_328' title='bbox 1471 2609 1538 2640; x_wconf 91' lang='lat' dir='ltr'>etc.</span> <span class='ocrx_word' id='word_1_329' title='bbox 1570 2609 1682 2653; x_wconf 86' lang='lat' dir='ltr'>atque</span> <span class='ocrx_word' id='word_1_330' title='bbox 1717 2609 1758 2639; x_wconf 87' lang='lat' dir='ltr'>ut</span> <span class='ocrx_word' id='word_1_331' title='bbox 1787 2598 1895 2639; x_wconf 86' lang='lat' dir='ltr'>verb0</span> 
     </span>
     <span class='ocr_line' id='line_1_54' title="bbox 1089 2665 1898 2716; baseline -0.004 -10"><span class='ocrx_word' id='word_1_332' title='bbox 1089 2668 1208 2706; x_wconf 88' lang='lat' dir='ltr'>dicam</span> <span class='ocrx_word' id='word_1_333' title='bbox 1223 2696 1235 2716; x_wconf 90' lang='lat'><strong>‚</strong></span> <span class='ocrx_word' id='word_1_334' title='bbox 1259 2667 1306 2705; x_wconf 91' lang='lat' dir='ltr'>ab</span> <span class='ocrx_word' id='word_1_335' title='bbox 1334 2667 1507 2705; x_wconf 89' lang='lat' dir='ltr'>omnibus</span> <span class='ocrx_word' id='word_1_336' title='bbox 1526 2666 1704 2706; x_wconf 77' lang='lat' dir='ltr'>haereticis</span> <span class='ocrx_word' id='word_1_337' title='bbox 1724 2674 1759 2706; x_wconf 85' lang='lat' dir='ltr'>et</span> <span class='ocrx_word' id='word_1_338' title='bbox 1785 2665 1898 2704; x_wconf 87' lang='lat' dir='ltr'>schis-</span> 
     </span>
     <span class='ocr_line' id='line_1_55' title="bbox 1090 2732 1949 2784; baseline -0.003 -14"><span class='ocrx_word' id='word_1_339' title='bbox 1090 2734 1234 2771; x_wconf 85' lang='lat' dir='ltr'>maticis</span> <span class='ocrx_word' id='word_1_340' title='bbox 1254 2732 1433 2772; x_wconf 79' lang='lat' dir='ltr'>Catholici</span> <span class='ocrx_word' id='word_1_341' title='bbox 1456 2735 1550 2784; x_wconf 84' lang='lat' dir='ltr'>passi</span> <span class='ocrx_word' id='word_1_342' title='bbox 1573 2735 1671 2782; x_wconf 79' lang='lat' dir='ltr'>sint3</span> <span class='ocrx_word' id='word_1_343' title='bbox 1695 2739 1803 2783; x_wconf 87' lang='lat' dir='ltr'>atque</span> <span class='ocrx_word' id='word_1_344' title='bbox 1820 2732 1896 2768; x_wconf 87' lang='lat' dir='ltr'>uti-</span> <span class='ocrx_word' id='word_1_345' title='bbox 1945 2767 1949 2780; x_wconf 49' lang='grc' dir='ltr'>Ι</span> 
     </span>
     <span class='ocr_line' id='line_1_56' title="bbox 1088 2797 1896 2850; baseline 0 -15"><span class='ocrx_word' id='word_1_346' title='bbox 1088 2812 1175 2837; x_wconf 87' lang='lat' dir='ltr'>nam</span> <span class='ocrx_word' id='word_1_347' title='bbox 1195 2806 1299 2836; x_wconf 82' lang='lat' dir='ltr'>aetate</span> <span class='ocrx_word' id='word_1_348' title='bbox 1315 2798 1385 2837; x_wconf 88' lang='lat' dir='ltr'>hac</span> <span class='ocrx_word' id='word_1_349' title='bbox 1397 2803 1537 2847; x_wconf 84' lang='lat' dir='ltr'>nostra,</span> <span class='ocrx_word' id='word_1_350' title='bbox 1561 2810 1644 2850; x_wconf 87' lang='lat' dir='ltr'>quae</span> <span class='ocrx_word' id='word_1_351' title='bbox 1665 2797 1896 2835; x_wconf 85' lang='lat' dir='ltr'>humanitate</span> 
     </span>
     <span class='ocr_line' id='line_1_57' title="bbox 1088 2861 1894 2915; baseline -0.005 -11"><span class='ocrx_word' id='word_1_352' title='bbox 1088 2865 1178 2904; x_wconf 85' lang='lat' dir='ltr'>adeo</span> <span class='ocrx_word' id='word_1_353' title='bbox 1202 2864 1399 2915; x_wconf 87' lang='lat' dir='ltr'>gloriatur,</span> <span class='ocrx_word' id='word_1_354' title='bbox 1424 2871 1499 2902; x_wconf 85' lang='lat' dir='ltr'>tam</span> <span class='ocrx_word' id='word_1_355' title='bbox 1523 2862 1641 2902; x_wconf 84' lang='lat' dir='ltr'>multa</span> <span class='ocrx_word' id='word_1_356' title='bbox 1662 2861 1709 2900; x_wconf 87' lang='lat' dir='ltr'>ab</span> <span class='ocrx_word' id='word_1_357' title='bbox 1727 2863 1814 2914; x_wconf 89' lang='lat' dir='ltr'>ipsis</span> <span class='ocrx_word' id='word_1_358' title='bbox 1829 2861 1894 2900; x_wconf 91' lang='lat' dir='ltr'>ad-</span> 
     </span>
     <span class='ocr_line' id='line_1_58' title="bbox 1088 2928 1528 2970; baseline -0.009 0"><span class='ocrx_word' id='word_1_359' title='bbox 1088 2930 1162 2970; x_wconf 90' lang='lat' dir='ltr'>huc</span> <span class='ocrx_word' id='word_1_360' title='bbox 1184 2942 1261 2968; x_wconf 89' lang='lat' dir='ltr'>non</span> <span class='ocrx_word' id='word_1_361' title='bbox 1285 2928 1528 2968; x_wconf 77' lang='lat' dir='ltr'>sustinerent!</span> 
     </span>
    </p>
   </div>
  </div>
 </body>
</html>
