2028 3354
1716 140 1810 187 231

466 158 592 191 PART.
630 159 663 190 1.
701 158 797 189 GAP.
832 158 899 190 1V.
937 158 992 190 ΒΕ
1026 157 1241 188 ECCLESIAE
1273 156 1477 187 DOTIBUS.

192 274 303 323 354.
342 275 435 321 Nec
463 274 617 319 minus
641 272 896 320 necessaria
919 281 988 320 est
1011 271 1239 335 ejusmodi
1267 270 1476 319 Ecclesiae
1506 270 1812 319 infallibilitas

125 350 278 417 quoad
316 349 446 408 illos,
485 337 577 414 quir
606 356 735 397 extra
771 347 982 395 eamdem
1025 348 1273 395 Ecclesiam
1313 356 1585 406 versantur3
1627 346 1812 395 nullum

124 428 251 475 enim
279 424 606 477 infallibilitate
625 424 845 472 destituta
872 424 1069 473 Ecclesia
1094 424 1153 471 ad
1172 441 1248 472 eos
1275 423 1615 472 convertendos
1633 427 1708 486 jus
1731 423 1812 470 ha-

56 515 59 517 ’
124 504 282 562 beret;
318 502 488 549 frustra
517 502 828 549 missionarios
850 499 909 547 ad
932 500 1036 547 illos
1064 501 1298 557 mitteret,
1324 507 1378 545 ut
1399 499 1524 563 ipsos
1550 509 1630 546 aut
1653 498 1711 546 ab
1733 499 1811 546 in-

123 579 346 626 fidelitate
367 614 379 637 ,
417 587 497 625 aut
530 577 587 624 ab
617 578 812 634 haeresi,
845 584 926 623 aut
951 592 977 622 a
1003 575 1252 622 schismate
1282 573 1596 635 abducerent3
1624 584 1813 640 possent

123 654 297 719 quippe
319 670 547 719 reponere
563 690 575 713 7
605 670 653 700 se
679 653 728 699 in
761 652 863 717 pari
894 649 1160 697 conditione
1196 664 1294 695 esse
1312 685 1324 707 a
1355 657 1496 712 atque
1519 650 1583 696 ita
1609 651 1706 698 fere
1734 668 1812 697 ra-·

122 730 331 777 tiocinari
347 749 356 777 :
375 732 622 776 Possumus
640 727 826 793 quidem
845 743 930 773 nos
951 741 1104 773 errare
1127 741 1178 771 ac
1195 724 1345 789 decipi
1362 760 1374 783 ⁷
1402 734 1450 771 at
1468 742 1621 773 errare
1636 728 1810 790 pariter

122 823 175 853 ac
214 806 365 870 decipi
406 805 601 853 Ecclesia
629 812 781 853 vestra
820 810 1002 867 potest,
1033 801 1147 848 dum
1181 810 1350 848 testem
1381 818 1430 848 se
1466 800 1656 849 exhibet
1690 802 1812 850 illius

122 882 344 929 doctrinae
369 899 507 946 quam
541 897 589 927 se
619 896 644 926 a
678 879 775 926 Deo
811 878 1038 943 accepisse
1075 877 1346 936 contendit3
1386 895 1540 925 errare
1570 887 1724 943 potest
1753 879 1803 926 in

122 957 445 1006 controversiis
469 972 568 1021 quae
594 955 855 1018 agitantum
884 955 1042 1019 itaque
1069 954 1114 1000 in
1150 954 1249 1019 pari
1274 962 1399 1001 statu
1428 953 1556 1000 nulla
1587 963 1657 1002 est
1688 955 1806 1001 ratio

121 1050 263 1099 quare
286 1033 345 1080 ad
375 1049 477 1080 eam
505 1031 803 1091 accedamus,
837 1031 914 1081 vel
942 1030 1237 1092 subjiciamus
1260 1046 1345 1077 nos
1367 1029 1540 1092 judicio
1573 1047 1624 1077 ac
1662 1030 1810 1094 magi-

120 1111 258 1156 sterio
280 1108 401 1155 illius
426 1106 610 1154 fallibili
627 1107 822 1173 perinde
842 1124 893 1154 ac
916 1116 1090 1154 nostro.
1119 1108 1264 1168 Major
1279 1115 1437 1153 autem
1464 1108 1677 1155 minorve
1696 1123 1808 1171 pro-

118 1182 332 1231 babilitas
354 1183 481 1230 haud
501 1183 704 1231 excludit
725 1182 912 1231 errandi
931 1182 1231 1230 formidinem
1249 1220 1261 1243 ,
1284 1199 1369 1230 nec
1400 1182 1654 1230 haberetur
1679 1183 1728 1229 in
1753 1200 1808 1230 eo

117 1260 207 1306 nisi
222 1260 444 1307 transitus
462 1260 521 1307 ab
539 1260 759 1325 opinione
772 1261 822 1306 in
838 1259 1124 1324 opinionem.
1151 1260 1269 1306 Cum
1285 1267 1443 1306 tamen
1462 1258 1657 1306 Ecclesia
1681 1277 1812 1306 man-

118 1334 281 1383 datum
303 1354 327 1383 a
351 1335 534 1382 Christo
554 1336 780 1400 acceperit
805 1335 1083 1400 praedicandi
1104 1372 1116 1394 ,
1151 1351 1201 1382 ac
1221 1334 1419 1383 docendi
1439 1352 1600 1383 omnes
1621 1344 1781 1399 gentes
1795 1373 1807 1395 .,

116 1429 316 1477 cumque
347 1411 556 1459 Christus
584 1428 749 1476 poenas
772 1412 1148 1460 interminaverit
1170 1411 1489 1485 obedientiQi
1511 1412 1807 1460 detrectanti-

117 1486 204 1534 bus
221 1523 234 1546 ,
259 1487 517 1534 necessario
544 1486 841 1535 inferendum
865 1496 934 1534 est
971 1487 1183 1536 divinam
1213 1486 1334 1534 hanc
1363 1488 1633 1535 missionem
1659 1489 1811 1536 inclu-

120 1563 229 1610 dere
261 1562 641 1611 infallibilitatem
663 1600 676 1622 ,
708 1564 843 1629 eique
873 1563 1012 1629 plane
1038 1563 1346 1611 inhaerentem
1370 1581 1484 1612 esse.

184 1638 296 1685 355.
336 1640 510 1703 Porrigi
547 1648 704 1687 autem
743 1639 912 1688 debere
941 1639 1062 1687 hanc
1096 1639 1311 1688 eamdem
1344 1640 1725 1689 infallibilitatem
1757 1642 1809 1689 in

118 1732 281 1762 omnes
318 1723 501 1774 aetates,
542 1731 689 1780 usque
723 1715 783 1762 ad
819 1715 984 1762 mundi
1012 1717 1184 1775 finem,
1222 1733 1320 1762 non
1359 1716 1512 1763 minus
1548 1716 1810 1765 luculenter

117 1791 283 1860 elucet.
319 1792 501 1839 Etenim
524 1793 562 1839 si
587 1792 795 1839 Christus
827 1791 1072 1840 Ecclesiam
1097 1793 1146 1839 in
1168 1792 1322 1839 locum
1345 1794 1416 1839 sui
1445 1794 1651 1851 suffecit,
1682 1803 1736 1840 ut
1762 1793 1811 1841 id

120 1869 368 1916 conficeret
397 1867 523 1934 quod
562 1868 660 1933 ipse
693 1869 745 1915 in
777 1868 938 1916 Judaea
977 1869 1279 1917 inchoaverat
1308 1870 1426 1916 circa
1458 1870 1812 1917 conversionem

118 1944 354 2007 gentium3
375 1945 413 1991 si
437 1962 540 1992 eam
564 1944 675 1991 dare
700 1945 942 1992 constituit
964 1954 1014 1991 ut
1032 1945 1241 1992 medium
1259 1954 1416 1992 tutum
1433 1981 1445 2005 a
1478 1963 1570 2010 quo
1595 1945 1810 1992 homines

119 2020 179 2069 ad
201 2021 408 2070 veritatis
439 2038 465 2068 a
484 2037 532 2068 se
556 2020 817 2087 praedicatae
835 2021 1148 2085 cognitionem
1165 2012 1495 2087 pervenirent3
1516 2022 1554 2068 si
1577 2021 1711 2068 donis
1729 2038 1813 2069 ex-

121 2097 437 2145 traordinariis
466 2114 569 2145 eam
603 2098 938 2155 communivit,
981 2096 1148 2162 quibus
1175 2098 1275 2163 ipsa
1299 2098 1511 2147 divinam
1545 2099 1812 2146 missionem

122 2268 333 2309 n’ouhlions
347 2285 418 2325 pas
430 2285 500 2323 que
526 2284 585 2309 ces
600 2271 690 2309 voioe
701 2270 901 2309 humaines
914 2298 926 2317 ,

106 2335 191 2386 »qui
222 2348 318 2374 nous
354 2344 417 2375 ont
440 2337 622 2376 transmis
650 2335 687 2372 la
718 2335 850 2387 parole
887 2335 932 2373 de

998 2284 1073 2322 que
1098 2271 1159 2309 hic
1191 2271 1309 2309 obiter
1334 2279 1482 2310 notetur
1503 2271 1687 2322 singulare
1709 2272 1814 2323 phae-

998 2349 1185 2374 nomenon
1201 2365 1212 2384 ,
1240 2336 1341 2389 quod
1364 2344 1515 2388 apparet
1540 2335 1581 2389 in
1609 2345 1810 2388 protestan-

121 2399 232 2438 Dieu
248 2429 259 2447 ,
278 2403 429 2440 avaient
448 2401 479 2439 Ie
491 2402 565 2440 don
578 2401 630 2439 du
644 2399 931 2453 Sainc-Esprz‘t.

121 2464 171 2503 Je
193 2478 243 2503 ne
267 2469 418 2514 concois
436 2480 509 2518 pas
537 2481 610 2519 que
633 2467 667 2505 le
690 2466 850 2518 Ianqaqe
872 2467 934 2503 in-

121 2531 225 2582 spira
253 2532 389 2581 puisse
424 2533 500 2569 etre
531 2533 734 2584 interprete
762 2545 840 2584 par
868 2530 932 2569 des

122 2597 211 2634 coia:
237 2597 306 2647 qui
334 2609 382 2633 ne
410 2595 442 2633 le
463 2601 548 2634 sont
575 2610 664 2648 pas.
699 2596 772 2635 Sed
804 2597 933 2635 videsis

120 2663 259 2713 ipsum,
288 2670 447 2700 actorem
473 2670 541 2699 art.
570 2663 633 2700 cit.
657 2660 713 2701 De
740 2662 776 2701 la
803 2669 934 2712 tyran-

122 2726 185 2764 πίε
207 2724 324 2779 qu’on
349 2740 476 2765 exerce
512 2740 581 2764 sur
616 2727 666 2765 les
697 2729 934 2767 consciences

1000 2402 1107 2440 tismo
1134 2415 1146 2440 :
1181 2403 1260 2441 sine
1282 2401 1451 2440 libertate
1486 2404 1664 2441 examinis
1694 2412 1813 2455 prote-

1000 2461 1214 2507 stantismus
1226 2477 1333 2508 natus
1344 2484 1419 2508 non
1437 2478 1541 2520 esset;
1556 2460 1642 2509 cum
1655 2473 1813 2523 practica

998 2533 1065 2572 hac
1092 2534 1259 2574 libertate
1283 2536 1465 2573 examinis
1494 2537 1639 2586 penitus
1676 2544 1813 2588 protes-

1000 2601 1195 2638 tantismus
1218 2602 1505 2652 extingueretur.
1526 2600 1582 2639 En
1597 2604 1692 2640 inter
1721 2615 1813 2654 quas

1001 2668 1180 2716 angustias
1195 2674 1431 2708 ,coarctentur
1459 2674 1716 2718 protestante53
1749 2679 1813 2705 ue-

1001 2732 1151 2769 cessaria
1164 2739 1216 2770 est
1231 2730 1313 2769 hoec
1327 2731 1474 2770 libertas
1489 2760 1498 2779 ,
1516 2739 1556 2769 ut
1573 2733 1695 2770 vivant
1713 2745 1724 2781 3
1745 2744 1813 2769 ne-

124 2803 172 2828 en
190 2791 410 2831 &tablinum
427 2823 436 2840 ,
458 2806 558 2844 pour
580 2792 676 2844 reqle
701 2792 938 2845 d'enseiqne-
1004 2797 1156 2835 cessario
1182 2797 1384 2836 auferenda
1405 2806 1475 2847 est,
1502 2810 1550 2836 ne
1575 2800 1780 2835 moriantur
1801 2797 1811 2834 Ξ
1851 2838 1853 2840 μ

126 2863 250 2905 mem,
266 2870 341 2895 une
355 2857 569 2909 confession
590 2856 635 2895 de
647 2857 707 2909 foi
721 2885 734 2906 ‚
755 2859 824 2910 qui
845 2857 938 2895 n'est
1005 2858 1057 2898 Ita
1093 2860 1193 2901 Deus
1231 2870 1389 2901 excaecat
1426 2862 1631 2901 humanam
1669 2863 1816 2912 sapien-

119 2933 193 2972 pas
217 2921 419 2973 infaillible
434 2951 446 2971 ,
477 2937 557 2976 pag.
586 2923 659 2963 331
690 2932 725 2964 et
745 2938 849 2978 seqq.
874 2924 938 2963 At·
1007 2927 1092 2964 tiam
1106 2926 1342 2967 extollentem
1356 2940 1394 2967 se
1407 2927 1577 2968 adversus
1601 2926 1818 2966 Ecclesiam.
