2028 3354
213 227 306 275 410
352 281 353 285 Ἰ

213 360 261 406 S.
282 358 565 423 Augustinus
586 393 599 417 7
629 357 742 405 dum
779 357 964 422 scribit,
989 362 1265 421 primatum
1295 340 1527 410 cathedrae
1557 363 1819 426 apostolicas
1852 363 1900 408 in·

682 246 835 276 TRACT.
873 247 926 275 DE
963 246 1082 275 LOCIS
1118 248 1415 294 Tnnopomcrs.

210 433 405 482 Ecclesia
436 432 627 480 romana
652 451 837 497 semper
864 435 1088 498 viguisse3
1125 444 1206 482 aut
1244 441 1721 485 ceteros-auctoritate
1756 455 1896 501 supe·

209 527 338 557 rasse
370 510 654 574 Episcopos,
675 520 728 558 ut:
747 510 985 575 loquintur
1010 512 1274 559 Vincentius
1295 513 1570 576 Lirinensis-7
1592 524 1641 562 et
1669 515 1732 560 ita
1756 532 1895 579 porro

209 585 362 651 quoad
400 595 573 634 ceteras
596 587 862 650 singillatim
889 587 1142 635 locutiones
1167 591 1352 634 patrum
1369 626 1381 648 7
1410 591 1523 654 quin
1544 592 1592 637 in
1621 590 1711 637 illis
1735 608 1896 655 repro-

208 743 364 792 primam
396 743 620 792 suspicerent
649 754 690 778 ac
736 747 1012 778 venerarentur.

206 806 251 858 4⁰
273 806 313 846 A
336 806 624 858 qloriosissimis
664 806 811 844 duobus
827 804 1015 858 Apostolis

206 871 321 911 Petro
338 880 372 911 et
406 871 532 910 Paulo
550 871 758 923 fundatam
783 878 817 907 et
833 872 1016 908 constitn-

204 945 283 983 tam
304 938 404 977 dicit.
419 937 500 990 Quo
526 939 598 974 ruit
620 936 822 974 absurdum
845 936 938 974 illud
956 950 1014 973 re-

206 1005 412 1043 centiorum
467 1002 713 1055 quorumdam
762 1001 1017 1039 haereticorum

205 1077 457 1108 commentum
476 1097 486 1113 ,
508 1069 572 1119 qui
593 1097 603 1112 ‚
625 1075 698 1105 tota
715 1066 934 1105 reclamante
950 1079 1017 1104 an-

203 1135 374 1187 tiquitate
391 1164 401 1180 ‚
421 1147 550 1184 negare
574 1135 648 1170 ausi
661 1143 759 1179 sunt,
780 1131 928 1170 Petrum
943 1133 1016 1169 Ro-

203 1213 305 1238 mam
331 1213 447 1251 usque
467 1200 619 1237 venisse.
664 1198 705 1236 5ο
741 1197 806 1236 Ad
821 1198 921 1238 lianc
938 1196 1017 1237 Ec»

205 1265 361 1305 alesiam
381 1278 529 1303 necesse
538 1277 615 1302 esse
627 1277 773 1302 omnem
786 1263 1016 1306 Ecclesiam,

205 1346 268 1371 seu
282 1344 410 1369 omnes
429 1335 581 1368 omnino
591 1329 721 1380 fideles
742 1344 806 1382 per
820 1338 937 1368 totum
954 1344 1015 1368 or-

203 1396 291 1435 bem
313 1397 489 1447 dispersos
511 1399 708 1435 convenire
729 1395 899 1442 affirmat;
917 1396 1017 1449 quod

205 1463 295 1501 illuc
323 1463 502 1514 proficisci
525 1470 736 1500 tenerentur
762 1464 807 1504 ii,
833 1464 1017 1513 quierant

205 1529 373 1580 undique
396 1528 520 1566 fideles
538 1541 549 1574 ;
571 1527 609 1565 id
631 1528 689 1566 vel
706 1530 865 1579 cogitare
885 1527 1016 1565 absur—

204 1594 380 1632 disimum
392 1594 532 1638 fuisset3
546 1593 608 1630 sed
622 1595 736 1645 quod,
753 1601 793 1631 ut
817 1594 919 1631 fateri
933 1608 1016 1632 coa-

204 1669 285 1699 ctus
314 1666 367 1697 est
390 1661 466 1711 ipse
493 1659 718 1710 Salmasius,
752 1674 898 1698 necesse
915 1669 1016 1707 ¹esset

205 1729 409 1763 convenire
420 1732 455 1763 et
477 1726 706 1765 concordare
730 1727 776 1765 in
793 1726 905 1764 rebus
919 1727 1013 1776 fidei

203 1804 292 1829 cum
319 1788 495 1830 Ecclesia
531 1804 704 1830 romana.
734 1790 850 1844 quue
880 1792 929 1830 ob
944 1805 1016 1844 po-

206 1858 338 1894 tiorem
364 1858 451 1907 (seu
472 1858 751 1909 potentiorem)
771 1857 1012 1910 principali-

205 1927 341 1969 tatem,
366 1936 438 1974 quo
456 1923 659 1974 significare
674 1924 789 1961 voluit
812 1952 821 1970 ,
837 1923 918 1962 ideo
932 1937 1013 1961 om—

205 2001 271 2026 nes
302 1986 482 2026 Ecclesias
511 2002 596 2026 cum
629 2003 779 2027 romana
810 1991 1013 2027 consentire

204 2055 319 2092 teneri
340 2083 350 2100 ‚
378 2062 503 2106 utpote
532 2067 613 2105 quae
633 2057 857 2106 principatus
876 2069 918 2093 ac
935 2055 1011 2107 pri-

205 2128 325 2157 matus
354 2121 435 2172 jure
460 2119 634 2158 omnibus
668 2120 877 2158 dominetur
895 2150 906 2169 ‚
931 2135 1013 2159 om-

207 2185 318 2222 nibus
350 2187 492 2236 praesit,
521 2199 722 2238 omnesque
752 2185 820 2223 sibi
848 2186 1012 2224 subditas

206 2250 353 2288 habeat.
398 2249 442 2289 6ο
478 2251 648 2304 Denique
687 2253 837 2298 asserit,
886 2254 925 2290 in
971 2265 1011 2289 ea

206 2315 367 2354 Ecclesia
393 2330 540 2369 senzper
555 2316 705 2367 abhis,
734 2319 804 2369 qai
831 2324 921 2355 sant
937 2330 1012 2354 un-

207 2380 321 2432 dique
334 2411 344 2428 ,
365 2389 623 2421 conservatam
642 2397 719 2421 esse
734 2396 816 2420 eam
832 2414 841 2429 ‚
860 2396 947 2434 quoe
960 2389 1015 2421 est

207 2446 256 2483 ab
273 2446 467 2497 Apostolis
481 2478 491 2494 ‚
510 2448 772 2487 traditionem.
798 2441 897 2486 Cum
914 2450 1012 2486 enim

207 2511 320 2563 hujus
345 2515 530 2550 sententiae
564 2522 673 2565 atque
699 2514 871 2552 doctrinae
892 2513 1012 2551 adhae-

207 2591 285 2615 rere
304 2584 498 2615 teneantur
521 2591 648 2616 omnes
667 2609 677 2626 .‚
707 2580 770 2632 qui
791 2587 877 2616 sunt
904 2578 1014 2616 undi-

208 2656 280 2694 que
293 2642 421 2680 fideles
433 2672 443 2690 ‚
461 2642 567 2694 longe
586 2646 702 2682 tutius
717 2658 760 2683 ac
779 2644 920 2682 facilius
931 2658 1014 2682 con-

208 2709 343 2745 servari
364 2710 403 2745 in
423 2722 464 2747 ea
482 2710 604 2760 potuit
627 2709 821 2760 apostolica
846 2708 1010 2755 traditio,

208 2778 262 2810 tot
290 2772 475 2825 Episcopis
497 2805 507 2822 ,
539 2773 762 2826 presbyteris
779 2783 815 2813 et
840 2775 979 2813 clericis
1000 2805 1009 2823 ,

209 2850 337 2894 totque
373 2841 537 2878 fidelium
574 2841 798 2893 myriadibus
837 2842 973 2879 credita
995 2868 1008 2889 ‚

206 2909 366 2959 imisque
390 2906 594 2957 pectoribus
608 2907 793 2945 recondita
806 2934 818 2953 ,
847 2920 958 2958 quam
974 2908 1012 2944 in

208 2973 287 3012 aliis
313 2972 482 3011 Ecclesiis
497 2973 643 3011 divisim
657 2974 841 3025 spectatis,
857 2986 1013 3023 quarum

204 3040 473 3091 jurisdictionis
495 3039 586 3077 fines
608 3052 681 3077 non
708 3045 781 3077 tam
805 3037 911 3090 longe
925 3038 1012 3076 late-

1085 755 1157 792 que
1179 740 1366 791 patebant.
1402 741 1453 778 lta
1486 741 1635 793 quidem
1672 741 1890 782 Massuetus.

1084 806 1157 844 Nos
1181 821 1266 844 vero
1291 808 1414 859 quoad
1434 816 1654 858 postremam
1666 808 1889 848 observatio-

1083 888 1168 911 nem
1192 874 1394 911 diceremus
1408 902 1420 921 ‚
1450 874 1497 911 ob
1516 874 1786 912 infallibilitatis
1804 889 1892 926 prae-

1083 941 1306 989 rogativam,
1328 954 1399 990 qua
1420 953 1515 977 rom.
1545 940 1655 978 Sedes
1673 969 1682 984 ,
1710 953 1770 977 seu
1798 954 1890 979 rom.

1085 1003 1254 1041 Pontifex
1267 1006 1415 1055 gaudet.
1440 1005 1576 1043 Mirum
1601 1015 1658 1044 est
1675 1034 1686 1055 7
1709 1007 1894 1057 quomodo

1085 1083 1122 1107 se
1149 1077 1342 1119 torqueant
1360 1070 1523 1109 Ecclesiae
1545 1085 1638 1108 rom.
1675 1085 1819 1118 osores,
1854 1080 1894 1109 ut

1085 1136 1161 1172 vim
1185 1136 1265 1185 ejus
1282 1142 1400 1172 textus
1422 1134 1586 1174 Iraenaici
1608 1136 1816 1185 declinent3
1834 1137 1893 1175 alii

1085 1201 1185 1238 enim
1207 1200 1300 1237 illud
1327 1213 1472 1238 necesse
1499 1208 1551 1238 est
1595 1210 1665 1239 etc.
1706 1212 1894 1252 exponunt

1086 1266 1132 1304 de
1163 1278 1354 1303 concursu
1381 1264 1541 1317 physico
1569 1266 1733 1304 fidelium
1758 1268 1805 1304 ad
1830 1282 1892 1305 ur-

1087 1331 1171 1368 bem
1206 1330 1364 1368 Romam
1403 1331 1549 1382 Imperii
1584 1332 1813 1381 metropolim
1846 1334 1893 1371 ad

1087 1412 1150 1436 sua
1171 1399 1400 1450 procuranda
1422 1399 1568 1449 negotia
1586 1428 1596 1443 ‚
1624 1406 1664 1435 ut
1684 1397 1891 1446 mekerias,

1088 1464 1182 1514 Def,
1216 1463 1286 1501 lib.
1326 1463 1372 1501 ole
1401 1463 1530 1502 eccles.
1558 1471 1593 1500 et
1618 1462 1728 1514 polit,
1760 1471 1892 1515 potest.

1087 1538 1177 1569 tom.
1201 1543 1240 1576 ι,
1267 1529 1333 1567 lib.
1356 1530 1403 1574 3,
1437 1543 1518 1580 cap.
1545 1528 1591 1574 5,
1625 1544 1664 1568 n.
1697 1529 1769 1576 133
1796 1529 1890 1567 Gra-

1085 1594 1184 1642 hius,
1202 1597 1265 1646 qui
1279 1603 1417 1641 censet,
1434 1592 1535 1646 juxta
1548 1594 1731 1633 Irenaeum
1748 1609 1890 1644 omnes,

1084 1663 1148 1712 qui
1175 1668 1261 1699 sunt
1285 1662 1466 1712 undique,
1488 1661 1611 1699 fideles
1624 1660 1792 1699 debuisse
1815 1660 1892 1700 Ro-

1086 1739 1184 1764 mam
1219 1729 1443 1772 eonvenire,
1478 1735 1517 1763 ut
1548 1740 1696 1764 causam
1728 1726 1892 1764 christia-

1083 1806 1216 1830 norum
1239 1800 1388 1843 agerent
1410 1791 1507 1842 apud
1536 1790 1799 1842 imperatore53
1825 1792 1889 1831 alii

1082 1866 1292 1904 autumant,
1299 1859 1548 1910 potentiorem
1557 1856 1889 1909 principalitatem

1081 1938 1127 1962 ex
1148 1924 1287 1962 lrenaeo
1310 1924 1544 1975 repetendam
1567 1937 1642 1961 esse
1666 1938 1685 1961 a
1699 1923 1892 1974 splendore

1083 1990 1229 2040 politico
1252 1989 1353 2028 urbis
1375 2020 1384 2033 ,
1400 1997 1441 2026 ut
1463 1989 1598 2026 Pehem
1613 2019 1622 2035 ‚
1649 1987 1889 2026 Hister-isch-

1078 2053 1305 2092 stetistische
1319 2055 1357 2092 A
1361 2054 1580 2104 bhandlanq
1591 2083 1602 2098 ,
1625 2063 1694 2092 etc.
1711 2068 1773 2091 seu
1788 2051 1883 2091 Dis-

1077 2121 1230 2158 sertatio
1262 2118 1443 2158 historico
1459 2142 1474 2147 -
1489 2121 1675 2158 stati-stica
1701 2118 1745 2154 de
1776 2120 1891 2156 insti-

1081 2187 1226 2224 tutione
1259 2188 1567 2238 episcopatuum,
1607 2184 1716 2221 Vien.
1763 2196 1886 2237 1790,

1078 2266 1161 2304 pag.
1184 2266 1232 2305 27
1250 2265 1260 2302 3
1283 2252 1396 2289 Plank
1410 2281 1421 2299 ‚
1450 2248 1668 2289 Geschichte
1686 2249 1754 2287 der
1773 2250 1893 2288 chris-

1079 2316 1415 2361 ΖὶοΙιῘείνοΙιΙίσΙιεη,
1447 2325 1518 2354 etc.
1554 2328 1687 2368 nempe
1711 2314 1890 2354 Historia

1080 2383 1366 2420 constitutionis
1427 2382 1614 2418 societatis
1668 2380 1891 2418 christianae

1079 2447 1277 2495 Endesa,
1296 2457 1428 2496 tom.1‚
1443 2462 1525 2499 pag.
1550 2461 1648 2501 ¹¹73
1670 2445 1787 2494 pinel,
1810 2446 1887 2486 Ue-

1079 2515 1145 2553 ber
1167 2514 1239 2552 den
1264 2511 1417 2552 Primae
1439 2514 1503 2550 des
1530 2512 1743 2551 remise-laen
1760 2513 1885 2564 Paps-

1079 2587 1157 2629 tes,
1182 2594 1246 2618 sen
1275 2579 1336 2616 De
1353 2593 1448 2617 rom.
1477 2577 1677 2630 Pontificis
1696 2578 1882 2630 primatu,

1081 2659 1163 2698 pag.
1189 2658 1283 2684 221.
1315 2646 1385 2683 Alii
1403 2653 1543 2683 textum
1561 2648 1680 2697 ipsum
1708 2652 1885 2681 temerare

1080 2712 1233 2763 aggressi
1258 2719 1367 2758 sunt,
1387 2719 1428 2748 ut
1450 2709 1542 2749 Ben.
1563 2709 1709 2748 Stattler
1723 2736 1734 2754 ‚
1755 2708 1819 2758 qui
1846 2708 1883 2743 in

1081 2777 1304 2815 Demonstr.
1342 2775 1478 2815 cathol.
1509 2783 1597 2814 sect.
1639 2779 1690 2819 i1‚
1727 2787 1806 2823 cap.
1832 2772 1882 2817 3,

1078 2842 1157 2880 loco
1194 2842 1245 2880 ad
1277 2842 1375 2880 hanc
1409 2840 1620 2881 Ecclesiam
1649 2866 1660 2885 ,
1707 2837 1795 2889 legit
1842 2839 1884 2874 in

1078 2906 1149 2944 hae
1164 2906 1356 2945 Ecclesia.
1381 2908 1461 2945 cfr.
1479 2904 1691 2955 Roskovany
1707 2932 1716 2950 ‚
1735 2917 1796 2954 op.
1815 2905 1878 2941 cit.

1082 2985 1169 3025 pag.
1195 2983 1249 3024 29
1278 2981 1313 3010 et
1340 2986 1440 3024 seqq-
