2028 3354
391 195 519 225 mar.
560 196 593 224 1.
631 192 749 223 ssscr.
787 195 840 223 11.
882 194 981 224 ear.
1011 194 1079 226 1v.
1120 194 1174 225 DE
1211 195 1358 233 norm.
1394 194 1523 226 Pam.
1702 183 1797 231 497

95 309 421 356 tractationem
451 309 572 356 hanc
614 307 971 372 protrahamus,
1012 316 1308 356 coarctamus
1347 325 1450 356 eam
1494 308 1553 357 acl
1593 310 1798 376 priorem

95 385 422 432 tantummodo
448 385 608 431 dotem
633 401 752 431 rom.
778 384 992 431 Pontifici
1019 384 1386 442 vindicandam,
1408 403 1582 450 nempe
1606 386 1667 434 ad
1690 387 1801 435 irre-

93 461 387 508 formabilem
406 460 629 526 pontificii
652 460 882 525 primatus
903 461 1232 507 auctoritatem
1259 460 1598 509 adstruendam
1617 462 1668 510 in
1687 463 1799 512 fidei

92 553 369 601 morumque
385 536 592 598 judiciis.
1335 536 1338 539 ’

160 613 271 660 724.
312 614 420 660 Haec
453 630 590 677 porro
620 613 704 659 dos
734 629 816 659 seu
843 612 1153 676 praerogativa
1185 611 1345 676 plures
1373 623 1509 660 nacta
1540 624 1611 661 est
1633 614 1804 663 adver-

92 691 232 736 sarios
258 726 271 747 ,
315 690 572 754 pracsertim
621 698 728 754 post
778 688 973 746 editam·
1004 688 1370 735 declarationem
1412 689 1526 736 cleri
1572 691 1800 740 Gallicani

90 783 215 812 anno
239 766 391 823 1682ἦ
420 770 547 827 eujus
571 774 763 829 quartus
787 764 1006 811 articulus
1035 765 1098 809 ita
1119 780 1169 810 se
1195 763 1342 819 hahet
1364 781 1376 809 ε
1404 765 1470 811 In
1489 767 1606 827 fidei
1623 784 1802 831 quoque

89 843 438 904 quaestionibus
458 843 732 905 praecipuas
757 842 942 885 summi
973 840 1227 903 Pontifiois
1264 857 1357 886 esse
1379 850 1574 903 partes,
1607 846 1802 907 ejusque

90 918 277 965 decreta
312 919 382 965 ad
414 935 571 964 omnes
599 925 646 962 et
675 916 894 977 sinqulas·
934 915 1177 963 Ecclesias
1209 920 1484 977 pertinere:
1521 935 1605 965 uec
1641 927 1802 967 tamen

90 995 450 1056 irreformabile
480 1010 570 1039 esse
584 992 877 1053 judicium,
914 995 1017 1038 nisi
1045 993 1277 1039 Eeelesioe
1312 1010 1565 1040 consensus
1599 1012 1803 1042 accesse-

90 1072 162 1115 rit
186 1070 275 1134 (1).
311 1069 418 1117 Ideo
446 1076 604 1115 autem
630 1067 970 1115 irreformabile
998 1077 1108 1115 ante
1137 1067 1348 1116 Ecclesiae
1380 1085 1662 1118 consensum
1690 1089 1803 1119 cen-

90 1154 218 1192 setur
247 1163 341 1193 non
363 1161 462 1191 esse
486 1143 544 1191 ab
561 1143 699 1205 hujus
728 1144 911 1191 articuli
935 1144 1203 1192 auctoribus
1222 1144 1457 1207 judicium
1479 1148 1654 1194 summi
1677 1149 1800 1196 Pon—

91 1221 224 1269 tificis
248 1222 297 1267 in
326 1220 600 1283 dogmaticis
626 1219 822 1267 decretis
840 1256 852 1278 7
885 1222 992 1285 quia
1021 1222 1112 1286 ipsi
1141 1221 1336 1269 minime
1371 1221 1671 1271 infallibilem
1700 1241 1803 1273 esse

91 1297 362 1346 existimant
391 1298 439 1342 in
477 1313 560 1342 suo
594 1297 855 1359 magisterio
894 1297 1106 1359 ejusdem
1148 1298 1490 1345 auctoritatem.
1528 1300 1802 1349 Communis

89 1383 246 1421 autem
277 1372 626 1420 catholicorum
664 1374 895 1420 sententia
944 1383 1046 1434 est,
1091 1390 1214 1420 rom.
1257 1374 1531 1421 Pontificem
1572 1377 1804 1438 ejusmodi

91 1449 433 1497 infallibilitatis
464 1449 772 1513 praerogativa
801 1468 827 1496 a
854 1449 1041 1497 Christo
1071 1452 1272 1497 Domino
1305 1451 1554 1515 praeditum
1584 1469 1710 1513 esse,
1735 1455 1802 1502 ita

89 1536 142 1573 ut
153 1543 306 1574 errare
318 1535 540 1590 nequeat7
560 1542 665 1572 eum
686 1534 913 1591 tanquam
929 1544 1177 1591 supremus
1197 1527 1407 1575 Ecclesiae
1426 1529 1605 1575 Primas
1623 1530 1803 1595 aliquid

91 1602 149 1649 de
197 1602 290 1649 fide
332 1601 619 1649 credendum
659 1612 739 1649 aut
781 1601 1041 1650 tenendum
1095 1603 1325 1652 universis
1382 1604 1552 1651 Christi
1581 1605 1799 1654 fidelibus

88 1678 328 1743 proponit.

156 1754 269 1800 725.
311 1755 541 1812 Quoniam
575 1772 688 1804 vero
726 1772 782 1803 ex
822 1754 945 1802 bene
991 1755 1187 1802 definito
1231 1756 1498 1821 quaestionis
1538 1765 1663 1804 statu
1701 1761 1798 1820 ejus

92 1831 257 1878 solutio
302 1832 504 1878 maxime
547 1830 753 1897 pendet,
797 1831 968 1878 idcirco
1010 1832 1240 1879 nonnulla
1281 1834 1610 1898 praemittenda
1653 1845 1793 1894 sunt,

92 1925 195 1972 quae
221 1907 345 1954 viam
373 1915 590 1955 sternant
614 1908 675 1955 ad
697 1907 831 1954 illum
858 1917 985 1955 recte
1014 1908 1413 1955 constituendum,
1507 1915 1510 1918 “

157 1982 270 2029 726.
312 1984 373 2029 Ac
397 1984 445 2029 1Ο
471 1984 750 2049 dogmaticae
779 1984 1068 2030 definitionis
1095 1985 1317 2044 nomine,
1344 2001 1452 2044 seu,
1483 1993 1535 2032 ut
1565 1986 1677 2033 trito
1696 1990 1796 2049 jam

90 2058 313 2124 loquendi
352 2077 437 2106 usu
482 2059 715 2120 obtinuit,
755 2061 1038 2109 definitionis
1070 2062 1205 2109 editae
1250 2080 1307 2109 ea:
1346 2064 1572 2111 cathedra
1617 2065 1796 2128 signifi-

92 2144 223 2182 catur
254 2152 372 2182 rom.
409 2137 642 2182 Pontificis
667 2136 910 2185 decretum
929 2174 942 2196 ,
965 2154 1057 2202 quo
1092 2140 1314 2203 proponit
1354 2138 1532 2205 aliquid
1568 2141 1795 2190 universae

89 2210 299 2258 Ecclesiae
327 2212 385 2259 de
414 2212 504 2259 fide
528 2212 788 2260 tenendum
805 2250 818 2273 ⁷
844 2222 924 2259 aut
951 2214 1269 2279 respuendum
1301 2215 1445 2264 veluti
1473 2215 1581 2263 fidei
1612 2226 1795 2266 contra·

94 2286 246 2346 rium,
274 2287 359 2334 sub
390 2305 598 2337 censurae
630 2298 711 2336 aut
737 2288 1047 2337 anathematis
1070 2307 1215 2355 poena
1245 2289 1331 2354 (2).

151 2450 204 2500 (l)
235 2449 344 2502 Apud
364 2451 580 2492 Bossuetum
607 2484 617 2501 ‚
642 2452 825 2505 Defensio
845 2454 911 2492 ole-
972 2456 1136 2493 rveniunt
1152 2455 1383 2494 decretorum
1396 2485 1406 2503 ‚
1424 2456 1470 2494 de
1483 2456 1619 2508 quibus
1633 2459 1788 2510 agimus.

95 2514 230 2554 clarat.
270 2505 476 2553 conventus
509 2516 601 2555 cleri
638 2518 783 2557 Gallio.
809 2518 906 2571 opp.
978 2518 1202 2572 Quanquam
1217 2523 1318 2559 enim
1332 2521 1412 2559 baeo
1429 2524 1555 2559 omnia
1568 2536 1633 2574 pro
1646 2537 1792 2564 summa

95 2582 190 2621 edit.
214 2583 276 2619 cit.
301 2581 378 2619 vol.
403 2595 508 2621 xxxi.
978 2589 1190 2624 auctoritate
1210 2615 1220 2633 ‚
1246 2601 1288 2625 ex
1312 2600 1384 2639 qua
1403 2586 1622 2634 dimanant,
1660 2603 1791 2640 magno

152 2649 204 2701 (2)
233 2650 468 2700 Quapropter
486 2650 608 2701 neque
629 2650 721 2688 facta
736 2664 910 2703 persona·
977 2664 1118 2702 semper
1136 2655 1177 2690 in
1203 2654 1318 2704 pretio
1338 2652 1512 2692 habenda
1536 2655 1610 2691 sint
1621 2682 1635 2702 ,
1651 2667 1693 2692 ac
1715 2655 1789 2694 hu-

97 2713 146 2753 lia
164 2745 174 2763 ‚
198 2728 322 2768 neque
348 2723 546 2766 praecepta,
568 2707 688 2768 neque
713 2718 909 2767 rescripta,
981 2718 1061 2755 mili
1092 2720 1226 2766 mentis
1259 2718 1437 2771 obsequio
1476 2733 1519 2757 ac
1559 2724 1792 2760 veneratione

100 2793 225 2832 neque
254 2782 477 2832 opiniones,
508 2794 599 2832 quas
615 2781 815 2820 identidem
831 2796 915 2832 pro·
982 2785 1055 2821 sint
1090 2784 1304 2835 excipienda
1321 2813 1331 2833 ,
1363 2784 1481 2822 nihilo
1515 2791 1639 2823 tamen
1666 2788 1790 2825 minus

102 2853 213 2883 munt
237 2861 332 2885 rom.
360 2847 555 2886 Pontifices
569 2876 583 2896 ,
618 2861 739 2900 neque
769 2848 914 2887 decreta
981 2862 1059 2886 non
1075 2851 1304 2887 constituunt
1318 2849 1575 2888 definitionem
1600 2862 1642 2887 ex
1662 2852 1790 2890 cathe-

102 2910 326 2962 disciplinae,
348 2927 470 2966 neque
495 2914 709 2951 omissiones
728 2914 914 2952 definitio-
981 2915 1046 2953 dra
1063 2944 1075 2962 ‚
1100 2916 1145 2953 de
1171 2929 1243 2969 qua
1269 2916 1484 2967 loquimur,
1513 2918 1606 2955 etin
1620 2931 1691 2968 qua
1714 2917 1791 2955 sola

102 2978 161 3014 nis
175 3006 185 3022 ‚
205 2976 350 3029 aliaque
369 2979 409 3017 id
430 2993 545 3031 genus
569 2978 727 3031 plurima
748 2980 787 3017 in
805 2993 915 3018 censu
981 2980 1207 3020 adstruimus
1222 2980 1456 3020 Pontificiam
1469 2980 1790 3022 infallibilitatem.

169 3040 222 3086 T.
264 3041 379 3088 VIII.
1288 3059 1293 3063 ¹
1537 3043 1601 3090 32
