2028 3354
205 198 299 247 156
674 210 831 242 Taac‘r.
869 212 924 240 na
959 212 1076 242 mols
1111 212 1412 242 THEOLOGIOES.

206 331 381 378 virtute
404 344 454 374 ac
478 324 817 389 omnipotentia
844 325 1043 386 regitur-3
1072 324 1190 371 irriti
1214 333 1353 372 erunt
1377 339 1538 371 omnes
1562 339 1724 370 eorum
1749 339 1890 370 con-a-

204 414 305 463 tus„
337 421 388 450 ac
421 401 509 448 sibi
538 399 644 447 solis
674 398 1022 445 damnationem
1049 400 1333 446 consciscent
1357 417 1408 446 ac
1432 399 1765 447 confusionem.
1802 399 1888 444 Tot

206 479 463 528 seculorum
494 475 828 541 experientiam
865 474 1031 522 vadem
1057 472 1297 520 habemus,
1328 476 1548 533 Quamvis
1579 474 1703 520 enim
1733 473 1888 539 plures

207 554 367 620 quovis
394 562 604 618 tempore
624 570 653 598 a
677 554 871 597 veritate
891 551 1180 604 exciderint,
1204 566 1256 595 ac
1284 548 1459 597 bellum
1491 559 1622 596 atrox
1646 549 1890 596 intulerint

206 631 445 678 domestici
468 629 516 676 hi
535 629 689 675 hostes
705 664 718 687 ,Ι
751 626 950 690 colligati
970 644 1074 674 cum
1096 624 1308 672 hostibus
1325 628 1528 672 externis
1547 625 1758 673 Ecclesiae
1777 625 1860 672 Dei
1876 660 1887 682 7

204 710 405 772 firmum
434 707 816 769 fundamentum
844 707 935 750 Dm·
968 712 1061 749 stat
1084 701 1181 764 (l),
1212 718 1263 747 ac
1288 710 1512 747 aeternum
1540 700 1694 748 stabit.

271 783 383 830 254.
424 782 494 829 Ad
523 783 614 842 51¹1,
649 782 773 829 Dist.
813 781 868 826 Et
903 779 953 825 in
984 778 1161 839 objecta
1191 776 1416 841 encyclica
1450 776 1640 841 exponit
1669 793 1720 823 ac
1753 775 1894 823 deflet

208 859 452 923 Gregorius
481 860 584 905 XVI
612 856 735 904 mala
765 856 904 903 totius
944 853 1299 912 christianismi,
1332 867 1484 907 comm
1513 851 1652 898 solius
1685 851 1893 898 Ecclesiae

205 952 437 994 romanae,
483 953 587 998 neq.
628 935 863 980 Romanus
895 932 1021 985 enim
1047 929 1285 988 Pontifex,
1314 938 1477 993 utpote
1515 928 1655 974 totius
1689 926 1894 973 Ecclesiae

207 1022 367 1079 caput,
398 1012 566 1058 excitat
595 1009 883 1074 vigilantiam
926 1009 1279 1072 Episcoporum,
1315 1013 1368 1050 ut
1402 1021 1506 1050 suos
1539 1020 1694 1066 greges
1730 1010 1896 1048 tuean—

207 1100 290 1157 tur·
310 1099 412 1135 tum
428 1087 486 1135 ab
506 1086 683 1134 insidiis
702 1086 799 1132 sive
823 1084 1011 1131 occultis
1030 1084 1126 1130 sive
1144 1082 1400 1128 manifestis
1414 1080 1651 1145 luporum7
1676 1079 1755 1142 qui
1775 1079 1898 1124 intra

208 1183 393 1232 gregem
428 1166 582 1231 ipsum
620 1170 890 1220 versantur7
930 1171 1029 1206 tum
1061 1176 1087 1205 a
1118 1156 1537 1204 machinationibus
1574 1163 1622 1202 et
1655 1162 1814 1218 aperta
1852 1151 1900 1200 vi

207 1243 428 1308 luporum
467 1241 546 1305 qui
574 1248 704 1287 extra
736 1254 920 1301 gregem
950 1245 1060 1283 sunt
1100 1244 1146 1281 et
1179 1251 1287 1281 eum
1322 1232 1528 1297 undique
1566 1231 1898 1283 circumstant,

211 1328 266 1367 ut
297 1335 407 1366 oves
437 1317 607 1365 Christi
639 1323 846 1362 mactent
877 1323 926 1361 et
957 1311 1172 1377 perdant.
1196 1310 1315 1357 Alias
1337 1310 1462 1356 enim
1488 1306 1799 1365 ostendimus,
1823 1306 1902 1351 Ec-

211 1395 359 1443 clesiae
412 1410 595 1457 semper
639 1389 959 1437 dimicandum
998 1389 1135 1434 fuisse
1168 1386 1390 1432 adversus
1425 1383 1657 1448 duplicem
1695 1381 1900 1429 hostium

210 1470 521 1538 phalangem,
553 1469 788 1515 internam
817 1474 864 1512 et
893 1474 1166 1531 externam,
1196 1470 1243 1508 et
1266 1479 1322 1508 ex
1347 1465 1443 1523 ejus
1473 1458 1708 1523 perpetuis
1737 1457 1902 1502 trium·

212 1548 320 1614 phis
348 1546 557 1594 divinam
590 1543 796 1608 ejusdem
827 1541 1088 1597 intulimus,
1109 1539 1353 1586 veritatem
1383 1537 1471 1600 (2).
1507 1537 1667 1599 ltaque
1705 1534 1902 1579 istorum

212 1624 418 1672 hostium
452 1623 663 1669 omnium
698 1620 852 1679 nisus⁷
891 1617 1160 1672 molimina,
1190 1622 1400 1672 conatus7
1423 1613 1519 1659 sive
1550 1610 1609 1657 ad
1631 1608 1782 1656 cultus
1810 1625 1902 1654 ma-

209 1707 429 1765 jestatem
460 1695 861 1753 labefactandam„
906 1694 1003 1741 sive
1035 1691 1094 1739 ad
1128 1691 1320 1736 unitatis
1358 1687 1542 1736 vincula
1580 1676 1902 1742 dissolvenda,

216 1780 313 1826 sive
350 1775 410 1823 ad
447 1774 769 1821 auctoritatem
807 1770 1017 1818 divinam
1050 1766 1257 1826 Ecclesiae
1299 1762 1691 1830 oppugnandam,
1723 1762 1820 1808 sive
1846 1758 1906 1806 ad

219 1852 348 1902 Sedis
376 1850 634 1916 apostolicae
664 1853 769 1910 jura
807 1843 1142 1900 convellenda,
1176 1858 1371 1906 eamque
1408 1842 1456 1887 in
1489 1848 1678 1903 turpem
1700 1837 1907 1885 servitu-

217 1941 316 1978 tem
342 1927 671 1990 redigendam7
706 1924 884 1989 aliaque
914 1916 1139 1984 ejusmodi
1162 1917 1471 1965 machinanda
1489 1952 1502 1975 .,
1527 1915 1698 1972 refert3
1725 1921 1772 1960 at
1792 1929 1908 1959 nus-

219 2005 346 2070 piam
375 2003 604 2060 affirmat,
632 2001 798 2064 impios
828 1999 912 2045 hos
930 1997 1142 2044 homines
1165 1994 1480 2059 praestitutum
1503 1991 1589 2038 sibi
1614 1992 1758 2037 finem
1787 1987 1909 2036 obti-

221 2081 392 2141 nuisse,
407 2088 487 2126 aut
500 2078 773 2126 obtenturos
791 2091 998 2139 unquam
1017 2089 1113 2119 esse
1132 2070 1222 2133 (3).
1244 2070 1324 2115 His
1339 2069 1464 2116 enim
1487 2085 1582 2113 non
1598 2063 1908 2121 obstantibus7

277 2235 332 2286 (I)
363 2234 399 2272 11
424 2235 471 2273 ad
496 2233 659 2272 Timoth.
688 2244 741 2276 11,
775 2229 845 2275 18,
879 2241 938 2280 ¹9·
1108 2226 1341 2270 auctoritati,
1385 2236 1426 2261 ac
1466 2235 1502 2259 se
1545 2217 1741 2273 subjiceret
1786 2230 1911 2268 regum

276 2301 328 2351 (2)
365 2300 489 2339 Tract.
526 2298 583 2338 De
613 2309 701 2336 vera
731 2293 836 2345 reliq.
868 2302 964 2344 part.
997 2308 1034 2342 ι,
1106 2304 1258 2329 suorum
1282 2289 1526 2327 dominationi
1552 2288 1592 2324 in
1619 2286 1772 2335 negotiis
1798 2283 1913 2322 eccle-

225 2381 309 2417 cap.
337 2364 390 2415 4,
419 2380 524 2418 prop.
556 2379 609 2403 iv.
1108 2358 1338 2406 siasticis‚ut
1351 2362 1450 2407 patet
1469 2348 1913 2404 exjuramentiformula‚

282 2430 340 2480 (3)
384 2430 561 2482 Exempla
601 2427 759 2466 recentia
781 2432 867 2463 sunt
888 2437 1035 2470 eorum,
1109 2422 1208 2473 quod
1233 2420 1396 2459 emittere
1425 2417 1564 2457 subditi
1595 2413 1780 2466 anglicani
1809 2426 1914 2464 coge-

231 2499 296 2550 qui
318 2497 460 2535 sortiter
480 2498 692 2535 restiterunt
719 2492 831 2531 seculi
858 2491 1038 2541 Principi—
1107 2487 1268 2535 bantur,
1295 2500 1375 2538 quae
1403 2485 1514 2537 hujus
1546 2484 1683 2521 tenoris
1714 2488 1770 2519 est
1799 2493 1810 2517 ε
1833 2477 1915 2528 qu

223 2563 298 2602 hus
316 2591 327 2609 ,
367 2563 432 2612 qui
464 2564 504 2599 in
535 2562 747 2599 servitutem
779 2557 941 2607 redigere
973 2570 1038 2594 vo·
1109 2552 1164 2591 N.
1185 2551 1240 2590 N.
1261 2551 1395 2604 palam
1422 2555 1535 2587 testor
1557 2554 1591 2586 et
1613 2560 1660 2585 ex
1681 2543 1911 2586 conscientia

224 2629 378 2667 luerunt
401 2627 682 2665 ecclesiasticam
717 2622 936 2661 libertatem.
967 2621 1038 2659 Ec·
1109 2631 1194 2655 mea
1233 2616 1425 2663 declaro,>
1447 2614 1548 2667 quod
1588 2611 1769 2665 Majestas
1809 2607 1915 2658 reqia

226 2694 335 2733 clesia
365 2692 542 2757 catholica
562 2691 690 2743 quovis
711 2697 874 2739 tempore
896 2686 1039 2725 obstitit
1111 2685 1249 2721 unicus
1262 2689 1527 2734 est-supremus
1545 2678 1776 2731 qwbernator
1799 2673 1914 2726 hujus

229 2757 413 2812 ejusmodi
432 2757 627 2796 conatibus
644 2786 654 2803 ‚
685 2756 881 2807 pluresque
900 2760 1037 2804 marty·
1111 2750 1224 2801 ⁴requi
1236 2777 1248 2797 ,
1273 2750 1518 2799 omniumque
1540 2743 1705 2782 aliorum
1726 2754 1803 2778 suoe
1827 2741 1915 2778 [Wa-

234 2840 292 2864 res
315 2832 534 2871 veneratur,
556 2826 621 2875 qui
643 2824 714 2860 hac
733 2821 779 2859 de
796 2834 903 2858 causa
925 2821 1039 2856 vitam
1106 2815 1260 2869 jestatis
1310 2812 1589 2853 Dominiorum
1621 2820 1666 2844 ac
1707 2806 1919 2844 territorio-

231 2893 450 2931 amiserunt.
474 2888 613 2927 Contra
639 2901 722 2926 vero
737 2885 925 2937 anglicana
943 2898 1041 2923 com·
1115 2896 1203 2921 rum
1220 2911 1232 2927 ‚
1254 2888 1333 2919 tam
1354 2881 1398 2917 in
1421 2874 1594 2915 omnibus
1616 2871 1912 2925 spiritualibus,

231 2959 360 2996 munio
372 2956 455 2995 ideo
467 2954 631 2993 discessit
643 2953 689 2992 ab
701 2952 863 2990 Ecclesia
875 2965 1044 2996 romana,
1116 2950 1196 2986 sivo
1221 2943 1485 2985 ecclesiasticis
1508 2939 1641 2987 rebus,
1674 2945 1741 2976 aut
1763 2938 1891 2976 causis
1907 2963 1918 2985 ‚

236 3032 277 3062 ut
323 3037 359 3061 se
395 3020 627 3060 subtraheret
657 3018 816 3058 Romani
858 3016 1046 3056 pontificis
1116 3026 1229 3064 quam
1247 3013 1289 3049 in
1307 3006 1593 3061 temporalibus,
1617 3011 1650 3043 et
1672 3003 1772 3056 quod
1792 3001 1920 3041 nultus

1989 2847 2020 2964 32'ff-“ff
2014 2804 2017 2806 ,

1988 3195 2020 3354 {WB-“⁹³‘—
2000 3085 2016 3112 ³,-
2005 3067 2010 3075 ψ.
1995 3036 2013 3056 ι.-
1990 2969 2019 3029 ις)
