2028 3354
246 197 348 245 -414

727 210 883 239 TRAGT.
924 211 977 238 DE
1012 210 1130 240 Locls
1164 211 1460 242 THEOLOGICIS·

251 328 443 396 professi
475 333 600 382 sunt,
635 340 682 369 se
706 324 968 369 secundum
1000 323 1169 370 divina
1190 336 1429 389 praecepta
1459 337 1503 374 et
1527 328 1734 374 Patriam
1758 336 1936 376 statuta

254 407 368 454 Sedi
385 402 645 466 apostolicae
670 404 877 457 servire,
902 400 968 446 uti
995 401 1204 466 Episcopi
1234 402 1473 467 Dardaniae
1496 405 1590 467 (l);
1629 413 1682 450 ut
1710 403 1796 450 alia
1815 408 1937 465 ejus-

255 479 381 528 modi
415 495 532 542 pene
567 477 812 523 innumera
847 475 1031 523 silentio
1064 493 1352 541 premamu83
1397 480 1572 526 omissis
1603 481 1743 526 etiam
1768 481 1938 544 apertis

254 558 339 603 hac
362 555 419 601 de
440 572 489 601 re
508 553 799 600 Innocentiil
824 553 920 615 (2),
956 553 1116 600 Leonis
1144 555 1162 599 Ι
1190 552 1285 616 (3),
1307 553 1473 601 Gelasii
1493 556 1588 619 (4),
1609 555 1837 603 Caelestini
1850 555 1938 620 (5),

254 631 443 680 Martini
476 631 492 675 Ι
510 666 522 688 ,
558 629 845 692 aliorumque
867 629 1166 690 testimoniis,
1188 638 1350 693 utpote
1370 629 1630 677 adversario
1652 640 1805 678 nostro
1827 631 1939 679 adeo

252 706 502 772 suspectis⁷
543 704 710 769 quibus
747 721 906 750 curam
945 703 1031 750 sibi
1070 706 1296 752 universae
1324 704 1536 753 Ecclesiae
1570 707 1620 752 in
1656 709 1788 754 Petro
1820 724 1940 755 com-

253 785 439 830 missam
467 799 490 827 a
519 780 701 827 Christo
735 775 1047 844 profitentur.
1082 781 1270 828 nemine
1300 799 1486 846 prorsus
1520 781 1820 844 reclamante,
1843 785 1939 831 imo

251 855 620 906 adsentientibus
659 873 873 920 expresse
918 855 1109 902 concilii
1153 856 1541 904 Chalcedonensis
1585 858 1793 905 Patribus
1835 862 1940 908 uni-

253 936 394 985 versis
413 970 425 993 Ἰ
464 935 513 979 in
554 932 817 978 testimonio
846 932 945 996 ipso
978 931 1036 977 ab
1070 932 1331 980 adversario
1356 933 1534 998 prolato
1557 935 1642 996 (6).
1678 936 1778 992 Quo
1804 934 1942 997 igitur

251 1011 416 1059 recidit
469 1007 684 1054 machina
722 1006 803 1053 illa
844 1006 901 1052 ab
942 1007 1204 1054 adversario
1249 1008 1380 1055 nobis
1419 1008 1635 1071 objecta?
1667 1011 1734 1056 Ita
1770 1027 1942 1075 nempe

253 1089 384 1134 firma
423 1094 532 1132 sunt
566 1082 787 1130 catholica
827 1082 1068 1147 dogmata,
1111 1093 1161 1129 ut
1201 1100 1442 1146 nunquam
1482 1103 1541 1132 ne
1574 1086 1721 1132 latum
1753 1086 1942 1151 quidem

253 1181 455 1228 unguem
477 1162 703 1209 dimoveri
733 1169 812 1206 aut
830 1160 1012 1206 concuti
1033 1161 1230 1223 possint.
1268 1161 1469 1206 Tantum
1500 1161 1657 1220 abest,
1689 1173 1740 1208 ut
1768 1166 1947 1213 morati

256 1240 544 1288 certitudine
564 1246 776 1284 constare
799 1236 959 1300 possit.
991 1237 1292 1284 traditionem
1308 1235 1580 1283 catholicam
1598 1255 1683 1284 nos
1702 1240 1942 1301 agnovisse

253 1335 371 1364 rom.
401 1315 643 1362 Pontifices
678 1314 745 1359 uti
773 1313 897 1359 Petri
921 1313 1337 1375 Successoresjure
1354 1312 1518 1358 divin-o
1537 1314 1556 1359 Ι

318 1393 429 1439 597.
473 1390 540 1438 Ad
573 1391 667 1448 ΞΜ,
701 1392 821 1436 Dist.
855 1388 1113 1435 Conserunt
1146 1388 1206 1435 ad
1243 1387 1583 1434 ostendendam
1622 1388 1827 1436 Ecclesiae
1861 1408 1940 1437 ro-

254 1486 404 1516 manae
436 1469 856 1531 praeeminentiam
899 1474 947 1511 et
994 1468 1379 1527 superioritatem
1407 1467 1513 1526 jure
1553 1464 1739 1525 divino7
1784 1483 1940 1520 conc.;

246 1550 352 1608 jure
375 1543 679 1591 ecclesiastico
710 1550 923 1600 tantum,
962 1557 1066 1604 neq.
1095 1541 1140 1586 Si
1171 1540 1298 1586 enim
1326 1539 1552 1600 ejusmodi
1591 1541 1939 1604 praeeminentia

257 1621 459 1669 Ecclesiae
485 1636 690 1666 romanae
708 1617 873 1682 obtigit
890 1635 946 1664 ex
975 1633 1048 1676 eo,
1081 1615 1204 1682 quod
1225 1633 1346 1663 rom.
1383 1616 1627 1664 Pontifices
1642 1620 1747 1678 jure
1779 1617 1939 1665 divino

256 1766 367 1818 pellat
381 1764 427 1802 ad
444 1762 576 1800 Sedem
591 1761 827 1813 apostolicam
847 1775 855 1797 :
875 1758 942 1797 Ad
958 1758 1062 1797 illam

254 1843 445 1870 summam
485 1829 749 1865 auctoritatem
785 1825 931 1878 appello
946 1854 956 1873 ,
996 1827 1065 1863 cui

255 1895 364 1934 nulla
388 1900 512 1947 potest
533 1892 790 1930 contradicere
810 1921 820 1937 ‚
845 1905 930 1942 quoe
948 1904 972 1929 α
990 1889 1064 1927 Do-

253 1965 359 2001 mino
391 1959 485 2000 Jesu
514 1959 663 1998 Christo
685 1972 759 2011 per
785 1957 944 1997 Beatum
989 1958 1064 1994 Pe-

254 2038 356 2068 trum
385 2025 610 2079 Apostolum
630 2032 778 2063 tantum
794 2026 933 2062 meruit
942 2025 1057 2075 prin-

253 2096 440 2147 cipatum.
466 2092 567 2130 Ibid.
588 2099 680 2137 tom,
707 2104 796 2138 vm,
830 2102 915 2140 pag.
939 2087 1034 2141 787.

312 2161 371 2211 (l)
400 2158 498 2196 Ibid.
522 2164 612 2196 tom.
633 2169 685 2203 lv,
709 2169 786 2207 pag.
814 2153 926 2193 1165.

312 2225 363 2275 (2)
394 2224 510 2275 Epist.
541 2234 631 2260 xxix
659 2230 693 2261 et
722 2235 790 2259 xxx
809 2250 818 2266 ,
838 2220 937 2270 apud
962 2220 1061 2258 Cou—

253 2300 361 2330 stant.
756 2316 758 2319 Α

312 2358 364 2408 (3)
395 2356 491 2393 Loco
512 2368 594 2405 sup.
622 2353 723 2390 laud.

309 2423 361 2471 (ἃ)
393 2422 437 2458 In
467 2420 618 2458 Decreto
649 2419 689 2456 in
706 2431 809 2455 conc.
833 2416 1001 2455 Romano
1021 2430 1034 2453 1
1049 2445 1059 2464 ,

255 2490 361 2540 cujus
385 2486 552 2538 praeclara
565 2485 644 2522 haec
660 2484 767 2522 verba
782 2491 866 2520 sunt
887 2496 896 2520 :
919 2483 1062 2519 Sancta

254 2565 415 2592 romana
449 2549 633 2588 catholica
670 2556 704 2587 et
736 2547 938 2600 apostolica
982 2545 1061 2586 Ec-

255 2619 370 2659 clesia
387 2647 398 2664 ‚
422 2614 539 2653 nullis
560 2615 754 2665 synodicis
772 2614 985 2651 constitutis
1001 2626 1061 2651 ce-

256 2686 347 2724 teris
371 2682 560 2723 Ecclesiis
578 2681 740 2732 proelata
763 2687 839 2728 est,
858 2679 923 2717 sed
948 2692 1063 2717 evan-

254 2750 375 2804 qelica
388 2760 476 2787 voce
488 2746 659 2784 Domini
668 2753 702 2783 et
718 2744 928 2782 Salvatoris
941 2744 1064 2782 nostri

251 2818 468 2870 primatum
483 2812 665 2851 obtinuit.
684 2811 727 2849 In
744 2809 892 2849 Collect.
912 2809 1061 2849 Concil.

257 2883 349 2921 edit.
373 2880 521 2918 Venetae
541 2877 678 2921 Coleti‚
705 2885 793 2914 tom.
819 2890 855 2919 v.
873 2891 953 2927 pag.
969 2873 1061 2914 386.

316 2947 367 2998 (5)
398 2944 528 2996 Epist.
553 2957 603 2982 tv.
628 2941 680 2979 ad
702 2940 836 2993 Episc.
852 2941 1069 2992 provincioe

263 3012 479 3051 Viennam.
502 3015 536 3047 et
558 3006 731 3046 Narbon.
750 3006 847 3058 apud
876 3005 1065 3057 Constant,

1132 1759 1205 1799 col.
1230 1756 1330 1797 1066
1347 1787 1357 1806 ‚
1374 1757 1438 1795 ubi
1472 1758 1596 1797 scribit
1622 1772 1717 1797 rom.
1744 1759 1937 1798 Pontifices

1131 1825 1176 1864 in
1207 1823 1369 1876 speculis
1411 1837 1435 1860 a
1473 1823 1558 1861 Deo
1589 1825 1824 1861 constitutos.
1866 1824 1938 1876 Qui

1131 1891 1235 1942 plura
1249 1891 1349 1940 cupit
1362 1888 1508 1927 Pau-um
1520 1890 1588 1927 hac
1602 1889 1647 1927 de
1661 1903 1698 1927 re
1712 1892 1935 1939 testimonia,

1131 1958 1261 2008 poterit
1287 1955 1480 1994 consulere
1500 1955 1622 1992 Breve
1649 1955 1704 1993 Pii
1724 1969 1760 1993 vi
1780 1984 1790 2002 ,
1813 1954 1939 2008 Super

1130 2021 1349 2068 soliditate,
1378 2021 1478 2072 quod
1511 2021 1639 2058 datum
1686 2029 1738 2059 est
1765 2020 1936 2059 adversus

1130 2087 1246 2140 Eybel
1268 2117 1277 2134 ‚
1306 2100 1376 2125 nec
1410 2100 1487 2124 non
1509 2086 1672 2138 ejusdem
1701 2086 1825 2124 Brevis
1849 2100 1936 2138 apo-

1129 2152 1261 2203 logiam
1279 2181 1289 2198 ,
1318 2165 1428 2204 quam
1449 2154 1561 2190 texuit
1574 2151 1805 2188 doctissimus
1822 2149 1933 2190 Card.

1131 2219 1313 2258 Gerdilius
1331 2249 1341 2266 ‚
1370 2232 1455 2270 opp.
1478 2228 1569 2257 tom.
1587 2231 1663 2262 ¹¹¹3
1694 2219 1783 2255 item
1808 2217 1862 2256 De
1875 2218 1933 2256 Si-

1130 2285 1324 2324 meonibus
1354 2286 1392 2321 in
1430 2298 1487 2335 ep.
1511 2282 1566 2322 De
1600 2296 1696 2322 rom.
1729 2282 1939 2333 Pontificis

1117 2351 1552 2404 judiciaria-potestate,
1575 2349 1701 2388 Romae
1725 2363 1823 2403 1717
1842 2364 1852 2399 ;
1868 2365 1936 2390 nec

1131 2432 1207 2456 non
1225 2417 1371 2454 Barruel
1387 2445 1396 2461 ‚
1428 2429 1490 2466 op.
1513 2418 1577 2455 cit.
1596 2424 1687 2454 tom.
1711 2430 1723 2453 ι
1738 2446 1748 2462 ,
1773 2424 1867 2467 part.
1888 2429 1931 2462 ιι,

1127 2483 1291 2521 Zaccaria
1327 2485 1367 2519 in
1393 2480 1705 2519 Anti-Febronio
1723 2511 1733 2529 ‚
1767 2490 1857 2520 tom.
1880 2494 1930 2526 n,

1128 2549 1213 2587 diss.
1241 2562 1267 2586 ιι
1285 2562 1296 2597 3
1313 2547 1549 2601 Roskovany‚
1570 2546 1625 2586 De
1648 2549 1819 2600 primatu
1837 2558 1933 2584 rom.

1133 2613 1247 2655 Pont.
1274 2622 1368 2664 part.
1398 2627 1435 2661 ι,
1470 2611 1492 2664 ᾗ
1521 2626 1652 2665 12-17.

1184 2680 1236 2730 (6)
1267 2679 1344 2717 Cfr.
1383 2679 1519 2717 Christ.
1550 2679 1701 2730 Lupus,
1741 2678 1778 2713 in
1821 2674 1934 2714 schol.

1129 2746 1175 2784 ad
1198 2759 1281 2783 can.
1297 2758 1408 2782 xxvm
1428 2743 1539 2782 Cone.
1554 2742 1725 2782 chalced.
1740 2754 1823 2792 opp.
1843 2741 1933 2780 edit.

1130 2813 1193 2849 cit.
1221 2819 1308 2848 tom.
1336 2824 1363 2847 n
1380 2838 1391 2854 ,
1416 2824 1500 2862 pag.
1545 2821 1642 2853 110,
1668 2806 1733 2844 ubi
1765 2807 1936 2846 eamdem

1130 2878 1380 2927 exceptionem
1398 2904 1408 2922 ‚
1436 2889 1547 2926 quam
1565 2873 1625 2911 hic
1645 2880 1747 2923 urget
1776 2871 1933 2920 palmer,

1131 2942 1277 2993 Jamdiu
1297 2941 1467 2979 adversus
1487 2939 1602 2977 Marc.
1629 2937 1766 2978 Anton.
1795 2938 1849 2978 De
1862 2938 1939 2990 Do·⁵
1990 2939 2028 2988 ‘ff

1136 3008 1248 3045 minis
1268 3005 1548 3058 propulsaverat.
