2028 3354
393 221 517 255 mar.
554 223 587 253 1.
624 221 745 253 sacr.
784 220 833 253 11.
869 223 968 254 car.
1009 222 1074 255 1v.
1110 223 1165 252 na
1199 221 1345 253 norm.
1385 206 1512 254 raim.
1717 206 1811 254 517

116 335 200 384 sed
228 353 316 402 pro
346 338 482 384 Petro
499 339 691 401 ejusque
718 336 1059 385 successoribus
1082 336 1264 402 rogavit
1284 336 1529 393 Christus,
1559 354 1621 386 ne
1651 335 1814 385 defice-

115 422 223 461 rent
252 414 301 460 in
326 413 444 472 fide,
475 422 522 461 et
552 414 688 460 sicin
716 430 768 460 ea
794 413 962 461 fratres
991 414 1268 461 confirmare
1299 423 1507 479 possent.

180 489 293 536 762.
322 489 391 536 Ad
413 489 498 547 5¹1¹,
531 490 651 552 Ney.
686 490 797 536 Haec
826 491 954 537 enim
974 506 1113 537 merae
1147 489 1426 537 urbanitatis
1454 490 1602 538 officia
1626 499 1815 556 patrum

113 567 388 629 gravitatem
418 564 673 622 dedecentg
703 566 908 631 alioquin
938 566 1066 614 idem
1094 574 1250 631 posset
1279 566 1337 613 de
1368 583 1531 614 eorum
1560 566 1650 614 dici
1676 568 1816 615 testi-

111 641 282 688 moniis
299 677 311 699 ,
345 641 514 706 quibus
558 659 680 689 rom.
723 642 999 688 Pontificum
1041 641 1270 705 primatus
1325 641 1601 690 adstruitur.
1647 643 1811 708 Ecquis

111 726 337 781 praeterea
358 718 549 777 dixerit.
566 719 706 765 Cone.
729 719 1119 765 oecumenicorum
1147 714 1392 781 Ephesini‚
1422 717 1814 765 Chalcedonensis

111 802 159 840 et
196 794 702 858 Constantinopolitani
734 795 797 840 ΙΙΙ
828 791 1214 850 acclamationes,
1252 800 1394 857 atque
1426 792 1688 841 Hormisdae
1719 795 1815 841 for-

111 869 254 915 mulae
280 868 668 936 subscriptionem
700 884 863 932 sapere
894 867 1145 914 officiosam
1181 866 1536 916 urbanitatem?

183 945 293 992 763.
331 946 436 1008 Obj.
463 945 683 994 secundO.
709 945 843 991 Facta
859 962 884 990 a
908 961 1009 1008 quae
1023 953 1273 991 occurrunt
1292 947 1344 992 in
1363 945 1658 1011 antiquitate,
1682 963 1811 994 com-

110 1023 225 1088 poni
249 1032 491 1087 nequeunt
510 1038 616 1068 cum
641 1020 825 1067 adserta
849 1020 1086 1066 Pontificis
1106 1019 1455 1069 infallibilitate.
1479 1023 1665 1069 Etenim
1688 1024 1739 1070 1ο
1762 1040 1820 1071 ex

109 1099 164 1145 iis
212 1108 419 1156 constat,
458 1097 606 1144 editas
650 1114 675 1142 a
719 1112 839 1143 rom.
886 1096 1189 1144 Pontificibus
1228 1096 1526 1146 definitiones
1573 1116 1819 1165 nunquam

111 1173 469 1223 irreformabiles
492 1173 779 1220 existimatas
805 1189 904 1219 esse
919 1209 932 1231 .,
954 1173 1105 1220 donec
1124 1173 1185 1220 ad
1205 1190 1282 1221 eas
1305 1176 1547 1222 accesserit
1568 1192 1821 1226 consensus

112 1251 318 1300 Ecclesiae
346 1251 443 1299 sive
474 1248 699 1314 dispersae
731 1250 827 1297 sive
856 1249 906 1295 in
939 1249 1155 1296 Conciliis
1183 1259 1500 1314 congregatae,
1524 1261 1577 1299 ut
1602 1262 1733 1318 patet
1762 1271 1822 1302 ex

110 1328 163 1374 iis
181 1364 194 1386 .,
226 1343 328 1392 quae
358 1325 517 1374 scribit
535 1327 579 1373 S.
605 1327 695 1373 Leo
723 1325 783 1372 ad
801 1326 1148 1374 Theodoretum
1172 1344 1183 1372 :
1223 1327 1342 1389 Quae
1369 1336 1529 1375 nostro
1551 1331 1702 1392 prius
1735 1333 1825 1377 mi·

109 1407 308 1451 misterio
335 1404 586 1466 definierat
611 1402 822 1466 (Deus),
848 1404 1087 1450 wziversoe
1105 1405 1440 1466 fraternitatis
1471 1407 1825 1454 irretractabili

107 1481 328 1543 firma-vit
351 1496 548 1526 assensu
572 1479 674 1543 (l);
702 1479 782 1543 qui
810 1486 1038 1543 praeterea
1064 1478 1225 1526 subdit
1251 1497 1262 1525 z
1289 1482 1368 1527 Sic
1389 1498 1691 1529 summorum
1722 1500 1822 1530 ser-

114 1565 261 1603 vatur
295 1558 589 1613 auctoritas,
626 1564 684 1601 ut
718 1558 773 1602 in
811 1557 945 1602 nullo
978 1558 1277 1618 inferiorum
1310 1565 1519 1620 putetur
1553 1560 1824 1607 imminuta

112 1636 309 1681 libertas
342 1635 430 1698 (2).
470 1636 586 1697 Ergo
625 1633 717 1680 duo
763 1633 932 1680 exinde
981 1633 1221 1699 explorata
1261 1644 1373 1681 sunt
1406 1653 1418 1682 :
1466 1638 1664 1699 primo,
1707 1646 1819 1685 ante

114 1710 302 1758 Concilii
327 1711 734 1758 confirmationem
767 1710 1050 1773 dogmaticas
1080 1710 1361 1757 Pontificum
1395 1712 1660 1760 sanctiones
1692 1716 1820 1761 irre-

114 1788 387 1835 tractabiles
404 1805 503 1835 non
527 1804 652 1846 esse3
679 1788 885 1834 secundo
895 1821 913 1845 ,
933 1795 1042 1834 ante
1066 1787 1294 1849 ejusmodi
1313 1804 1554 1835 assensum
1571 1825 1584 1848 ,
1609 1791 1826 1837 liberum-

113 1880 311 1912 examen
334 1881 433 1911 esse
452 1864 799 1930 pontificiarum
820 1863 1149 1914 definitionum
1164 1900 1177 1923 ‚
1200 1872 1253 1910 ut
1278 1864 1343 1911 eis
1373 1864 1475 1930 quis
1496 1866 1639 1930 possit
1665 1883 1821 1914 assen-

112 1941 201 1988 tire
236 1949 318 1987 aut
349 1940 408 1987 ab
444 1942 509 1988 eis
545 1940 821 1999 dissentire3
860 1957 965 2005 quae
999 1939 1058 1991 de
1096 1939 1335 1988 infallibili
1364 1941 1538 2003 judicio
1577 1942 1709 1990 nefas
1750 1953 1822 1990 est

107 2016 277 2064 dicere.
308 2016 364 2062 20
399 2017 576 2064 Exinde
606 2017 780 2064 factum
818 2026 888 2063 est
906 2052 918 2076 .,
944 2026 996 2071 uit
1029 2016 1202 2081 passim
1235 2016 1585 2065 celebrarentur
1615 2018 1822 2067 Concilia

109 2093 170 2141 ad
198 2110 251 2140 ea
280 2094 378 2159 ipsa
402 2093 640 2141 infallibili
666 2111 718 2141 ac
742 2093 1071 2141 irretractabili
1095 2094 1371 2142 auctoritate
1390 2094 1688 2157 definienda,
1719 2113 1824 2163 quae

106 2170 238 2234 prius
273 2170 460 2217 fuerant
493 2188 520 2217 a
552 2169 854 2217 Pontificibus
896 2170 1119 2230 definita,
1160 2170 1212 2217 30
1249 2180 1389 2236 atque
1419 2181 1473 2218 ut
1507 2190 1533 2219 a
1566 2173 1819 2237 pontificiis

119 2244 473 2294 definitionibus
503 2256 842 2311 provocaretur
860 2246 920 2294 ad
941 2247 1199 2294 Concilium
1230 2248 1460 2310 generale.
1485 2248 1538 2295 40
1565 2249 1704 2309 Sane,
1734 2250 1826 2298 nisi

109 2322 255 2375 itase
282 2340 354 2370 res
381 2322 605 2383 haberet,
637 2323 842 2371 Concilia
870 2324 1156 2371 oecumenica
1190 2341 1286 2370 non
1318 2324 1471 2371 solum
1506 2325 1632 2372 haud
1665 2336 1823 2374 essent

112 2399 368 2446 necessaria
387 2434 400 2458 ‚
425 2399 508 2447 sed
547 2417 736 2465 prorsus
767 2399 954 2447 inutilia
972 2436 984 2460 ,
1020 2416 1127 2447 cum
1154 2400 1254 2447 sine
1285 2409 1356 2448 tot
1388 2418 1533 2467 opum
1558 2419 1813 2469 rerumque

114 2471 409 2539 publicarum
431 2475 689 2539 dispendiis
712 2485 761 2523 et
781 2474 1090 2523 incommodis
1114 2493 1141 2522 a
1158 2476 1256 2523 solo
1275 2493 1395 2523 rom.
1415 2478 1641 2526 Pontifice
1661 2489 1818 2545 posset

114 2548 349 2596 infallibili
374 2566 426 2597 ac
451 2550 777 2598 irretractabili
803 2552 1078 2599 auctoritate
1107 2551 1263 2599 dirimi
1295 2554 1505 2618 quaestio.
1533 2554 1668 2619 Ergo.

180 2626 293 2673 764.
334 2628 471 2692 Resp.
506 2627 626 2691 Ney.
658 2636 759 2674 ant.
799 2627 868 2675 Ad
908 2628 972 2674 1ΠΙ
999 2627 1133 2693 prob.
1168 2646 1303 2688 vero,
1343 2628 1543 2677 admissa
1587 2632 1634 2678 S.
1659 2632 1823 2678 Leonis

117 2704 417 2762 auctoritate,
442 2703 502 2750 ad
529 2704 593 2749 lm
612 2703 871 2769 sequelam,
891 2706 1018 2752 Dist.
1040 2705 1087 2751 Si
1106 2704 1182 2752 hic
1200 2707 1582 2753 irretractabilis
1605 2724 1823 2755 assensus

118 2777 285 2827 afficiat
304 2779 616 2844 dogmaticam
634 2781 680 2827 S.
698 2781 863 2828 Leonis
873 2779 1218 2842 definitionem,
1236 2790 1411 2837 trans.;
1424 2783 1463 2830 si
1479 2782 1650 2831 afficiat
1663 2785 1837 2833 Patres?

180 2950 233 3003 (1)
264 2951 379 3004 Epist.
396 2966 488 3004 cxx,
517 2953 608 2993 edit.
633 2951 768 2994 Bauer.
790 2967 873 3006 cap.
896 2966 936 3004 1,
1064 2953 1116 3006 (2)
1144 2954 1248 2996 Ibid.
1273 2956 1347 2997 col.
1381 2934 1519 2996 1120.-

125 3016 199 3056 col.
234 3030 353 3069 1219.
