2028 3354
462 178 590 207 Pam.
626 178 660 204 1.
699 174 798 203 cn.
841 174 912 204 111.
950 175 1004 203 m:
1040 170 1428 204 EGGLESIAENOTIS.
1701 147 1795 196 185

169 291 281 338 294.
320 290 391 338 Ad
416 291 513 350 2¹1¹,
548 291 688 354 Resp.
717 289 849 350 Est03
883 288 1064 335 etiamsi
1094 288 1154 335 de
1181 286 1318 333 unius
1349 294 1430 332 aut
1465 281 1653 330 alterius
1670 297 1793 346 pon-

105 368 278 414 tificatu
306 384 451 432 eoque
474 365 743 414 brevissimo
761 364 1053 412 dubitaretur
1074 364 1123 410 in
1143 362 1258 410 adeo
1279 370 1349 408 tot
1370 359 1630 408 seculorum
1651 357 1790 420 longa

106 443 280 491 nedum
312 443 436 492 varia
467 459 624 489 rerum
659 441 997 499 vicissitudine,
1029 441 1150 487 inter
1183 447 1253 484 tot
1289 437 1657 502 persecutiones,
1685 433 1796 480 bar·

105 520 323 567 barorum
353 519 667 577 incursiones,
704 516 954 581 civilesque
983 516 1230 574 factiones,
1258 512 1378 560 nihil
1405 512 1612 577 profecto
1644 510 1797 559 eidem

107 595 376 643 successioni
398 594 734 641 detraheretur.
761 595 986 651 Quaenam
1006 600 1076 639 est
1097 590 1289 637 historia
1312 589 1409 636 sive
1432 605 1557 635 sacra
1576 588 1673 637 sive
1694 606 1800 652 pro-

107 672 212 717 fana
231 707 242 729 ,
273 687 373 734 quae
392 669 553 717 decem
572 679 618 716 et
641 678 742 716 octo
760 667 1019 714 seculorum
1039 664 1286 729 periodum
1306 662 1642 729 complectatur
1655 700 1668 723 ,
1696 681 1800 728 quae

107 747 252 793 nodos
274 746 511 794 interdum
531 745 657 792 haud
684 744 846 791 offerat
871 743 1097 789 extricatu
1124 740 1419 787 difficillimos
1436 775 1449 797 ,
1478 748 1525 786 et
1547 738 1605 785 de
1631 739 1800 804 quibus

108 822 391 888 probabilius
422 823 543 869 inter
569 819 769 868 eruditos
797 835 1042 882 nunquam
1074 815 1270 864 cessabit
1301 813 1613 879 disceptatio?
1653 815 1801 861 Nemo

108 910 267 947 tamen
285 917 421 946 sanus
443 899 528 945 hac
548 898 606 944 de
629 913 764 943 causa
795 904 1058 960 suspectam
1078 894 1321 941 historiam
1342 892 1550 940 habebit.
1576 891 1708 940 Idem
1728 891 1801 939 dic

110 975 167 1022 de
186 974 377 1038 catalogi
404 974 625 1023 varietate
644 973 693 1018 in
714 970 1016 1018 Pontificibus
1038 971 1257 1018 Romanis
1287 969 1603 1018 recensendis.

174 1051 288 1097 295.
327 1050 396 1098 Ad
421 1049 512 1108 3¹¹¹,
550 1049 676 1095 Dist.
703 1048 945 1095 Translata
975 1057 1044 1095 est
1065 1046 1319 1094 residentia
1344 1047 1664 1094 Romanorum
1682 1046 1803 1092 Pon-

112 1127 283 1174 tificum
314 1125 631 1182 Avenionem,
676 1141 838 1178 conc.;
872 1141 1067 1172 romana
1103 1122 1257 1182 sedeS‚
1291 1140 1395 1186 neq.
1430 1124 1529 1170 Hoc
1568 1123 1725 1181 enim,
1752 1131 1805 1168 ut

111 1212 268 1268 postea
294 1200 613 1260 ostendemus,
651 1201 752 1247 fieri
777 1202 959 1266 nequit.
984 1200 1128 1247 Porro
1153 1200 1397 1247 Pontifices
1417 1200 1658 1248 Avenione
1683 1200 1805 1245 resi-

112 1279 272 1325 dentes
307 1278 572 1326 universam
607 1294 689 1341 per
717 1294 764 1324 se
797 1276 1021 1340 regebant
1052 1276 1327 1335 Ecclesiam,
1362 1293 1447 1341 per
1483 1293 1589 1323 suos
1612 1293 1724 1324 vero
1756 1277 1807 1322 in

110 1353 234 1402 Urbe
270 1353 459 1402 vicarios
485 1353 801 1418 episcopatum
830 1370 1080 1400 romanum
1107 1352 1518 1399 administrabant.

173 1430 287 1476 296.
328 1430 399 1476 Ad
432 1429 527 1487 4¹¹³,
572 1429 746 1476 Trans.
779 1436 874 1475 aut.
917 1446 1023 1492 neq.
1058 1446 1184 1475 cons.
1217 1431 1336 1475 Dato
1366 1428 1494 1476 enim
1526 1430 1653 1494 quod
1687 1447 1807 1477 unus

111 1505 186 1553 vel
221 1506 337 1552 alter
368 1505 577 1552 Pontifex
604 1503 772 1551 dubius
798 1504 1035 1564 extiterit,
1070 1522 1122 1551 ac
1159 1505 1197 1551 si
1225 1505 1403 1569 placet,
1429 1506 1570 1552 etiam
1599 1506 1806 1552 intrusus

115 1589 195 1628 aut
223 1581 525 1639 simoniacus,
561 1581 654 1626 imo
688 1581 767 1645 qui
795 1598 844 1627 se
885 1581 1007 1629 vitiis
1036 1580 1281 1645 polluerit,
1311 1581 1431 1627 nihil
1459 1581 1628 1629 exinde
1650 1584 1808 1647 sequi-

115 1666 193 1703 tur
215 1657 433 1705 adversus
461 1657 780 1703 continuatam
813 1657 1090 1704 Pontificum
1120 1657 1477 1716 successionem,
1508 1658 1808 1722 quemadmo-

114 1734 226 1779 dum
270 1750 368 1778 non
400 1741 613 1779 censetur
647 1733 912 1797 interrupta
962 1733 1182 1780 successio
1210 1734 1492 1780 Pontificum
1513 1733 1775 1796 judaeorum
1794 1770 1807 1795 ,

114 1808 323 1874 quamvis
352 1809 529 1871 Regum
552 1824 802 1870 graecorum
820 1843 832 1867 ,
864 1825 917 1855 ac
943 1818 1104 1873 postea
1132 1826 1436 1856 romanorum
1462 1811 1805 1875 Imperatorum

114 1885 323 1950 potentia
341 1902 392 1932 ac
415 1885 463 1932 vi
493 1883 649 1949 plures
675 1902 911 1931 summum
939 1886 1264 1949 pontificatum
1286 1885 1444 1952 adepti
1468 1886 1642 1934 fuerint
1675 1887 1808 1935 malis

116 1960 309 2021 artibus,
333 1962 600 2019 simoniace,
625 1970 763 2025 atque
777 1961 893 2008 adeo
907 1963 1105 2026 pessime
1125 1962 1259 2009 illum
1271 1961 1704 2010 administraverint
1716 1963 1805 2027 (l).

115 2036 372 2085 Accedente
410 2037 683 2085 universalis
717 2036 928 2084 Ecclesiae
975 2056 1206 2086 consensu
1230 2075 1244 2098 ,
1288 2039 1327 2085 si
1362 2039 1489 2104 quod
1531 2040 1697 2088 vitium
1741 2042 1809 2088 ir-

114 2114 255 2177 repsit
300 2114 351 2160 in
397 2112 647 2174 electione,
692 2122 908 2160 sanatum
941 2124 1029 2162 est.
1078 2116 1144 2161 Ex
1175 2115 1246 2162 his
1280 2116 1435 2181 potius
1473 2116 1809 2165 inhaerentibus

116 2188 332 2236 humanae
382 2190 646 2237 infirmitati
686 2189 938 2236 defectibus
983 2190 1307 2239 admirabilem
1336 2193 1421 2240 Dei
1457 2194 1506 2239 in
1545 2192 1667 2239 hanc
1699 2211 1810 2240 san-

118 2273 239 2310 ctam
260 2265 425 2312 Sedem
454 2265 847 2331 deprehendimus
876 2267 1245 2331 providentiam,
1276 2287 1379 2333 quae
1400 2287 1645 2334 nunquam
1674 2287 1808 2335 passa

118 2349 218 2399 est,
242 2348 294 2385 ut
320 2339 398 2387 illa
430 2350 497 2388 tot
524 2342 649 2388 inter
680 2342 973 2406 personales,
1007 2351 1058 2389 ut
1095 2343 1160 2391 ita
1190 2343 1365 2403 dicam,
1393 2345 1623 2406 defectus,
1660 2345 1810 2393 ullum

121 2424 305 2480 caperet
333 2415 669 2464 detrimentum
688 2453 701 2476 ,
739 2418 836 2465 sive
868 2419 916 2464 in
947 2417 1002 2465 iis
1029 2435 1128 2483 quae
1162 2419 1223 2467 ad
1248 2420 1414 2480 fidem,
1439 2422 1536 2470 sive
1555 2422 1605 2468 in
1624 2423 1679 2470 iis
1709 2440 1811 2488 quae

123 2490 181 2537 ad
209 2507 394 2538 morum
424 2490 683 2539 doctrinam
707 2493 959 2557 pertinent.
991 2495 1164 2544 Exinde
1184 2505 1410 2560 praeterea
1441 2497 1657 2546 discimus
1674 2534 1686 2557 ,
1714 2517 1811 2547 non

178 2678 232 2726 (1)
260 2677 337 2716 cfr.
371 2678 518 2716 Flavius
548 2678 697 2731 Joseph.
728 2679 926 2731 Antiquit.
999 2695 1164 2724 summus
1186 2685 1390 2734 Sacerdos,
1412 2688 1667 2739 pontificatum
1691 2702 1811 2739 gesse-

125 2743 283 2782 Judaic.
299 2743 363 2781 lib
388 2758 457 2791 xx,
476 2758 558 2796 cap.
588 2757 657 2792 10,
684 2745 774 2784 edit
794 2745 937 2785 Haver-
999 2753 1115 2797 runt,
1147 2764 1189 2790 ac
1224 2752 1335 2791 refert
1375 2755 1586 2792 summatim
1623 2753 1810 2806 quomodo

125 2809 283 2859 campii,
310 2809 375 2847 ubi
399 2818 587 2849 enumerat
611 2824 764 2858 omnen,
791 2813 855 2863 qui
888 2811 934 2851 ab
1000 2813 1122 2865 plures
1153 2816 1197 2855 ad
1222 2817 1325 2856 hunc
1347 2817 1498 2856 honoris
1527 2819 1666 2870 apicem
1691 2832 1813 2870 perve-

126 2875 249 2912 Aaron
269 2889 383 2927 usque
411 2876 456 2914 ad
485 2875 725 2926 Phanusum,
753 2879 816 2930 qui
847 2886 937 2917 tem·
1003 2880 1138 2919 nex-int.

128 2952 213 2990 pore
245 2940 332 2979 belli
368 2956 388 2980 a
418 2941 596 2981 seditiosis
629 2944 847 2984 constitutus
886 2951 939 2983 est
