2028 3354
184 231 248 277 22
666 242 820 273 vexor.
858 242 910 286 mi
945 242 1064 272 mois
1099 239 1393 271 THEOLOGICIS.

190 360 491 425 Evangelistae
508 394 520 417 a
537 358 584 403 in
603 354 727 400 idem
751 353 994 400 consilium
1013 354 1331 414 convenerint,
1354 352 1412 399 ad
1430 366 1673 417 personam
1699 347 1868 394 scilicet

189 435 543 500 contingendam
557 448 613 479 ex
628 438 854 495 conceptu
868 428 1005 476 ideali
1022 465 1034 487 7
1065 437 1112 475 et
1134 428 1193 474 ad
1210 428 1466 475 doctrinam
1489 425 1603 473 adeo
1624 422 1870 471 sublimem

186 509 598 580 promulgandam7
636 505 783 571 qualis
816 508 866 551 in
898 503 1145 567 Evangelio
1169 503 1378 550 traditur.
1414 506 1683 551 Inventores
1715 497 1870 557 enim,

192 599 244 636 ut
273 586 476 650 loquitur
509 585 741 630 Rousseau
766 617 777 638 ,
817 580 1160 645 praestantiores
1200 586 1352 624 essent
1382 578 1517 625 beroe
1550 596 1574 624 a
1604 592 1658 624 ,se
1692 574 1877 636 excogi-

192 673 289 711 tato
319 662 404 726 (l).
444 660 513 708 Ad
542 660 669 716 haec7
701 658 738 704 si
773 657 1009 704 addantur
1039 644 1329 701 documenta¹
1359 653 1511 699 omnia
1534 652 1796 715 judaeorum
1830 657 1877 696 et

192 739 493 805 profanorum
527 735 806 799 scriptorum
835 732 936 796 (2)ἢ
968 731 1137 794 scripta
1171 729 1337 775 itidem
1370 727 1634 792 apocrypha
1651 724 1878 789 antiquis·

196 818 312 864 sima
337 812 564 879 Apostolis
583 810 677 857 fere
698 826 851 857 coaeva
869 807 940 872 (3)
958 842 969 865 7
997 806 1183 853 effectus
1200 821 1363 850 omnes
1378 840 1388 856 q
1409 803 1488 868 qui
1516 802 1613 848 sine
1635 798 1880 848 existentia

198 891 311 940 reali
340 900 387 938 et
415 889 631 936 historica
649 923 660 943 ,
694 904 719 932 a
738 902 827 950 qua
855 883 1131 943 dimanant,
1162 879 1292 926 nulla
1317 880 1494 925 ratione
1521 876 1718 924 obtineri
1747 883 1883 939 pote-

197 978 306 1016 rant
326 1004 338 1026 ,
375 965 513 1031 plena
548 962 662 1010 adeo
690 978 741 1008 ac
762 959 953 1008 evidens
977 957 1099 1004 illius
1127 954 1354 1003 certitudo
1381 954 1560 1016 exurgit
1577 989 1589 1011 ,Ι
1614 960 1667 997 ut
1686 949 1761 998 vel
1782 950 1885 995 his-

200 1045 331 1092 toriae
351 1058 512 1089 omnes
533 1036 791 1100 rejiciendae
811 1036 927 1095 sint,
948 1043 992 1080 et
1011 1032 1255 1089 existentia
1274 1029 1522 1078 Alexandri
1539 1065 1550 1087 ·,
1573 1030 1599 1074 J
1604 1026 1684 1073 ulii
1704 1025 1888 1073 Caesaris

204 1107 490 1183 aliorumque
512 1114 738 1178 ejusmodi
759 1127 1049 1159 summorum
1071 1108 1279 1154 virorum
1307 1107 1365 1152 sit
1393 1121 1579 1169 prorsus
1600 1099 1887 1150 eliminanda

210 1206 350 1261 atque
375 1194 435 1241 ad
454 1192 581 1239 ideas
602 1188 875 1253 symbolicas
901 1183 1159 1233 revocanda
1180 1220 1192 1242 7
1225 1182 1299 1231 vel
1323 1181 1601 1238 necessario,
1629 1179 1722 1224 imo
1750 1175 1892 1238 magis

211 1271 383 1319 Christi
409 1271 520 1315 Jesu
547 1265 681 1314 realis
710 1281 789 1311 seu
811 1262 1026 1308 historica
1054 1258 1298 1307 existentia
1321 1256 1504 1304 admitti
1528 1254 1721 1312 debeat3
1749 1267 1894 1316 quum

212 1346 384 1395 nullius
397 1362 453 1392 ex
473 1343 562 1390 illis
574 1338 792 1388 heroibus
815 1337 1056 1385 existentia
1076 1334 1191 1382 adeo
1216 1332 1430 1381 foecunda
1454 1332 1592 1378 fuerit
1616 1336 1895 1383 eventuum,

212 1424 291 1489 qui
311 1420 527 1469 cumillis
547 1416 847 1479 colligantur,
873 1413 942 1459 uti
969 1421 1039 1459 est
1064 1409 1307 1458 existentia
1334 1408 1505 1454 Christi
1530 1406 1616 1469 (4).

276 1499 353 1545 38.
390 1496 461 1544 Ad
491 1495 584 1552 31¹1,
617 1492 737 1555 Ney.
764 1492 820 1537 Et
839 1489 927 1535 hoc
957 1489 1083 1534 enim
1113 1493 1431 1532 commentum
1460 1500 1562 1529 sero
1592 1482 1898 1544 excogitatum

210 1584 280 1624 est
304 1593 328 1621 a
351 1569 650 1629 rationalistis
671 1566 846 1630 absque
864 1563 960 1610 ullo
977 1561 1199 1609 historico
1224 1558 1529 1607 fundamento
1542 1593 1555 1615 ,
1575 1555 1656 1603 sed
1672 1572 1755 1620 per
1773 1554 1900 1617 inep-

214 1661 284 1698 tas
310 1652 598 1711 conjecturas
624 1641 890 1691 deductum.
932 1640 984 1686 In
1008 1639 1201 1685 istorum
1241 1636 1365 1682 enim
1400 1641 1648 1698 systemate
1679 1627 1903 1692 ejusmodi

272 1804 325 1856 (l)
356 1802 416 1841 Sic
443 1803 542 1839 enim
563 1798 689 1837 scribit
716 1798 756 1833 in
786 1794 932 1833 AEmilio
953 1807 963 1831 :
985 1792 1027 1831 Il
1092 1789 1167 1841 245
1184 1818 1195 1839 ‚
1216 1789 1357 1842 jamdiu
1382 1786 1706 1825 animadvertimus
1722 1808 1735 1829 ,
1757 1781 1892 1820 Christi

218 1870 336 1909 serait
343 1866 434 1921 plus
460 1861 726 1904 inconcevable
744 1874 814 1912 que
830 1859 1028 1912 plusieurs
1093 1859 1272 1910 praecipua
1297 1861 1394 1905 gesta
1412 1882 1421 1899 ‚
1437 1853 1512 1889 imo
1533 1859 1569 1890 et
1590 1848 1770 1889 miracula
1784 1851 1865 1885 tum
1880 1860 1901 1885 a

218 1935 383 1973 hommes
414 1929 589 1969 d’accorol
616 1932 767 1965 eussent
799 1927 968 1976 compos&
989 1935 1030 1960 ce
1090 1923 1220 1975 judaeis
1237 1928 1319 1958 tum
1334 1920 1380 1957 ab
1404 1918 1560 1956 ethnicis
1585 1912 1904 1967 impugnatoribus

217 1998 314 2037 livre
328 2025 340 2047 ,
363 1995 460 2049 qu'il
483 2008 530 2033 ne
556 1994 636 2031 l’est
658 1992 779 2043 qu’un
801 1988 883 2027 seul
900 2002 949 2026 en
975 1988 1031 2025 ait
1097 1986 1307 2028 christianae
1325 1984 1508 2035 religionis
1521 1983 1666 2021 admitti
1688 1978 1810 2032 quoad
1822 1983 1905 2029 par-

216 2063 353 2115 sburm'
384 2060 418 2100 le
453 2061 602 2112 sajet...
638 2053 882 2105 L'Evanqile
915 2067 939 2091 a
970 2051 1037 2089 des
1099 2062 1174 2092 tem
1205 2051 1428 2090 historicam.

222 2132 431 2172 caracteres
448 2131 484 2168 εἰ
496 2127 770 2182 purfaitement
787 2120 1036 2169 ἰφιίηιίίαὸῖεε,

224 2212 296 2250 que
327 2196 559 2234 l'inventeur
581 2204 628 2229 en
654 2190 771 2228 serait
795 2187 886 2240 plus
913 2186 1040 2238 qrand

224 2278 295 2316 que
317 2262 349 2301 le
368 2261 490 2300 heros.
522 2260 710 2309 [ntegrum
733 2254 809 2306 ejus
828 2262 967 2292 textum
978 2266 1039 2290 ex-

226 2329 418 2368 hibuimus
431 2329 471 2365 in
480 2333 585 2364 tract.
598 2321 655 2362 De
663 2334 750 2360 vera
765 2318 874 2370 reliq.
892 2326 984 2369 part.
1006 2331 1019 2355 1
1031 2346 1041 2364 ‚

226 2408 309 2445 cap.
322 2394 361 2441 3,
377 2406 483 2444 prop.
499 2405 543 2439 11,
558 2398 680 2435 tuma,
694 2400 772 2438 pag.
783 2384 828 2423 13
838 2397 870 2431 1,
882 2391 958 2421 not.
973 2382 1042 2432 (2).

230 2458 298 2496 His
329 2458 448 2505 adde,
479 2468 562 2509 quae
596 2467 638 2491 ex
666 2451 748 2501 Hug
772 2449 908 2502 profert
932 2445 1048 2484 Celle-

229 2525 301 2562 rier
315 2552 327 2571 ‚
352 2536 416 2574 op.
431 2523 495 2560 cit.
514 2518 639 2559 Essai
651 2515 765 2554 d’une
781 2512 1048 2552 introduc-tion

229 2590 390 2640 critique
412 2600 464 2624 aa
491 2585 679 2624 Nouveau
713 2579 962 2625 naamam,
980 2577 1049 2615 Ge-

231 2654 327 2693 neve
362 2650 487 2698 1823,
524 2656 612 2688 sect.
637 2660 674 2691 ι,
708 2644 771 2682 De
805 2642 977 2695 l'epoque
1000 2641 1051 2680 οἰι

230 2719 282 2758 les
301 2718 413 2756 livres
439 2716 492 2753 du
528 2714 716 2753 Nouveau
743 2708 960 2749 Testament
987 2715 1051 2747 ont

235 2789 289 2823 ete
309 2784 422 2821 ecrite
444 2788 479 2819 et
500 2780 545 2818 de
571 2778 656 2816 leur
678 2775 947 2821 authenticae,
972 2773 992 2826 g
1014 2785 1049 2821 1,

237 2848 394 2888 Indices
426 2848 620 2890 intentes,
651 2850 723 2881 etc.
754 2850 789 2879 et
821 2841 958 2878 section
995 2852 1044 2885 ιι,

241 2913 460 2954 Credibile&
476 2911 539 2950 des
554 2909 666 2948 ecrite
679 2907 732 2944 du
744 2905 932 2946 Nouveau
957 2904 1051 2941 Tes-

239 2986 395 3019 tament.

292 3046 347 3097 (2)
378 3045 425 3084 In
439 3042 569 3083 eodem
595 3047 701 3078 tract.
720 3038 800 3076 loeo
820 3037 948 3083 citato,
967 3047 1049 3087 pag.

1157 2117 1210 2168 (3)
1225 2128 1227 2130 “
1241 2116 1319 2155 Cfr.
1357 2114 1498 2154 Codex.
1536 2108 1774 2163 Apocryphi.
1805 2106 1911 2145 Novi

1109 2182 1341 2221 Testamenti
1365 2194 1451 2218 curn
1488 2178 1696 2230 praefatione
1734 2172 1909 2211 Fabricii.

1161 2249 1212 2299 (14)
1240 2248 1323 2285 Jam
1346 2248 1536 2284 innuimus
1554 2272 1568 2292 ,
1591 2239 1814 2281 Straussium
1837 2252 1914 2276 non

1109 2313 1275 2352 absolute
1299 2326 1432 2363 negare
1463 2310 1691 2349 existentiam
1732 2304 1916 2343 individui

1110 2377 1132 2418 J
1137 2392 1200 2417 esu
1216 2376 1420 2427 nuncupati
1437 2406 1447 2424 ‚
1464 2374 1528 2414 sed
1553 2374 1673 2412 solum
1688 2371 1916 2410 existentiam
1947 2386 1957 2397 ·

1117 2443 1278 2492 Christi,
1294 2449 1403 2494 prout
1415 2456 1435 2479 a
1454 2440 1691 2492 scriptoribus
1715 2438 1825 2475 sacris
1837 2448 1916 2488 per-

1113 2509 1262 2547 hibetur
1283 2506 1403 2560 quoad
1423 2508 1502 2559 ejus
1526 2504 1803 2555 conceptionem
1816 2529 1827 2547 ‚
1853 2513 1913 2537 or—

1114 2583 1193 2613 tum
1205 2605 1218 2622 ,
1235 2573 1453 2623 infautiamj,
1472 2572 1676 2609 doctrinam
1690 2596 1701 2615 ‚
1724 2563 1912 2612 miracula,

1116 2640 1417 2677 resurrectionem
1436 2666 1447 2684 .,
1461 2638 1723 2677 ascensionem,
1737 2643 1819 2682 quae
1834 2642 1918 2680 par-

1117 2705 1183 2741 tim
1211 2704 1359 2755 exponit
1383 2703 1429 2740 de
1461 2701 1587 2753 mytho
1621 2695 1781 2750 quodam
1801 2694 1917 2732 histo-

1118 2771 1193 2807 rico
1211 2798 1221 2816 ‚
1241 2770 1371 2820 partim
1393 2768 1439 2805 de
1454 2765 1578 2817 mytho
1597 2763 1737 2814 po'etico
1750 2788 1761 2808 ,
1785 2761 1919 2812 partim

1118 2837 1163 2874 de
1189 2835 1319 2886 mytho
1341 2834 1456 2870 mixto
1481 2830 1632 2868 invectis
1652 2841 1672 2865 a
1698 2828 1803 2879 genio
1820 2825 1919 2863 illius

1119 2903 1251 2952 geum,
1270 2900 1316 2938 ad
1328 2910 1438 2950 quam
1453 2893 1655 2947 pertinebat
1673 2921 1683 2940 ‚
1708 2899 1743 2930 et
1758 2903 1920 2943 praecon-

1119 2967 1231 3017 ceptis
1249 2959 1485 3016 opinionibus
1515 2959 1732 2997 asseclarum
1753 2986 1763 3005 ,
1788 2970 1831 2995 ex
1850 2962 1923 2993 tra-

1119 3030 1256 3069 ditione
1279 3026 1454 3079 mythice.
