2028 3354
319 221 446 251 PAR'P.
484 223 519 250 1.
558 221 678 251 SECT·
718 221 771 252 112
810 220 910 250 CAP.
944 220 997 251 11.
1033 219 1089 251 DE
1124 220 1308 250 PRIMAT.
1349 219 1530 249 PERPET.

1678 200 1771 249 377

78 354 281 385 romanae
317 337 460 384 hostis
480 372 493 397 ‚
523 353 579 384 ex
616 345 686 383 tot
704 334 932 383 haereticis
955 336 1035 400 qui
1058 335 1116 382 ab
1140 334 1390 401 apostolica
1415 333 1532 382 Sede
1562 333 1774 381 damnati

76 424 188 461 sunt
213 415 284 478 (l)
305 450 317 473 7
350 430 487 460 nemo
511 430 567 460 ex
598 421 667 459 tot
691 412 1021 472 schismaticis,
1050 412 1205 476 graecis
1233 412 1489 478 praesertim
1505 447 1519 470 ,
1540 409 1707 476 quibus
1724 410 1774 457 id

75 490 374 537 commodum
400 489 593 536 omnino
617 488 853 535 accidisset
876 488 1054 553 sibique
1078 497 1219 552 atque
1241 504 1389 535 causae
1415 505 1509 535 suae
1533 485 1735 552 perutile
1760 523 1773 546 a

75 584 217 613 nemo
253 582 460 630 unquam
492 582 546 612 ex
591 574 661 611 tot
689 564 946 611 ambitiosis
983 562 1260 629 praesulibus
1282 573 1422 628 atque
1455 563 1666 610 Ecclesiae
1699 578 1779 629 ro-

73 659 226 689 manee
264 640 444 688 aemulis
469 677 480 699 ἦ
511 640 559 687 id
600 640 675 688 vel
709 641 756 686 in
799 639 995 686 dubium
1029 655 1247 686 revocare
1280 639 1329 689 in
1370 647 1467 685 tota
1499 641 1778 705 antiquitate

73 718 429 784 pertentaverit.
456 718 575 763 Sane
609 717 796 763 nonnisi
826 715 979 762 seculo
1014 715 1115 760 XIV
1160 715 1306 778 coepit
1343 715 1555 761 omnium
1597 717 1777 780 primus

75 792 308 841 Marsilius
349 793 630 851 patavinus,
674 790 923 840 levissimis
961 790 1241 852 conjecturis
1280 789 1474 848 ductus,
1514 790 1573 837 ad
1609 791 1779 841 foven-

74 871 189 918 dum
214 869 434 918 Ludovici
460 868 661 917 Bavarici
700 867 921 926 schisma7

962 884 1063 915 rem
1088 865 1264 931 absque
1297 865 1394 913 ullo
1427 882 1638 914 successu
1667 868 1780 915 infi-

76 947 188 993 ciari
210 946 302 1009 (2).
333 947 423 1010 Ipsi
460 944 652 1009 posthac
679 944 1005 991 haereticorum
1042 943 1186 991 seculi
1212 944 1315 989 XVI
1348 952 1565 1008 parentes
1590 945 1783 991 nonnisi

79 1031 357 1069 cunctanter
387 1021 446 1069 de
469 1021 589 1068 facto
626 1020 717 1067 hoc
751 1021 1042 1086 scripserunt
1070 1020 1160 1083 (3).
1183 1020 1386 1067 Tantum
1407 1037 1518 1070 vero
1543 1020 1695 1080 abest,
1726 1029 1780 1068 ut

135 1165 276 1215 (l)Cf1-.
291 1164 487 1216 Fogginius
505 1193 515 1209 ‚
530 1178 592 1214 op.
611 1165 674 1201 cit.
690 1165 839 1202 exercit.
858 1177 892 1201 1.

137 1231 188 1281 (9)
218 1229 275 1267 En
291 1260 301 1278 ,
316 1229 414 1281 quod
427 1227 611 1281 judicium
627 1229 749 1267 tulerit
764 1230 809 1267 de
826 1229 896 1267 hoc

83 1297 247 1335 Marsilio
286 1295 532 1334 Menandrino
570 1296 722 1345 scriptor
752 1302 896 1333 co'aevus

83 1362 242 1401 Joannes
274 1361 413 1400 villani
444 1375 454 1409 ;
488 1360 652 1399 scribens
688 1362 787 1398 enim
824 1360 892 1399 lib.

80 1427 235 1466 Hister.
259 1440 302 1465 lx
319 1456 329 1473 ‚
357 1441 435 1478 cap.
456 1424 536 1476 264
551 1456 561 1473 ,
585 1427 629 1464 de
658 1426 897 1464 damnatione

77 1492 256 1531 Lndovici
281 1492 408 1530 Bavari
423 1521 433 1539 ,
449 1492 558 1530 refert
577 1519 588 1539 ‚
612 1505 696 1529 eum
714 1505 734 1528 a
752 1491 896 1529 Joanne

78 1571 154 1597 xxn
177 1559 260 1596 ideo
282 1558 515 1596 anathemate
532 1557 642 1595 fuisse
659 1557 887 1608 perculsum,

81 1623 182 1676 quod
195 1624 314 1662 fautor
326 1631 420 1662 esset
431 1623 687 1661 haereticorum
700 1653 710 1670 ‚
735 1624 800 1675 qui
819 1622 896 1661 Me-

82 1688 223 1727 diolani
238 1688 422 1741 degebant
438 1719 447 1733 ‚
464 1701 611 1726 necnon
626 1718 635 1734 ‚
660 1697 700 1726 ut
721 1689 798 1740 ipse
810 1702 894 1739 pro-

80 1755 246 1806 sequitur
273 1768 283 1792 :
305 1753 369 1792 Di
393 1755 545 1792 ,Μαεινο
572 1753 680 1791 Gian
703 1754 744 1791 di
765 1753 893 1792 Gian-

80 1818 178 1857 done
193 1850 204 1867 ‚
218 1834 238 1857 e
250 1819 293 1857 di
303 1819 457 1858 Mastro
469 1818 649 1858 Marsilio
668 1820 710 1857 di
719 1816 892 1865 Ραάουα,

77 1885 223 1935 qrandi
242 1886 400 1923 maestri
421 1887 619 1924 innatum
640 1893 674 1923 et
692 1885 895 1936 astrologia

81 1966 146 1991 ma
155 1952 314 1991 heretici
323 1953 367 1990 in
371 1952 448 2005 piic
457 1955 540 1991 aasz·
543 1982 553 1992 .
574 1953 747 2005 Loquens
760 1954 894 1991 deinde

79 2018 148 2057 lib.
171 2031 212 2066 x,
235 2032 319 2070 cap,
351 2030 421 2056 102
437 2048 447 2065 ‚
476 2019 522 2057 de
544 2021 623 2071 ejus
649 2026 791 2067 morte,
812 2031 894 2071 quae

41 2087 43 2089 ’
80 2085 235 2134 contigit
250 2083 349 2135 apud
367 2082 532 2122 Mentem
545 2081 677 2123 Altum
696 2098 756 2122 311.
775 2083 891 2132 1328,

80 2148 160 2187 haec
180 2148 295 2187 habet
319 2164 328 2185 x
348 2147 426 2186 Che
452 2162 476 2187 a
497 2149 541 2187 di
563 2149 666 2187 dieei
688 2148 731 2186 di
746 2155 894 2187 settem-

80 2213 145 2251 bre
172 2217 208 2252 si
241 2215 443 2266 partirono
472 2216 522 2252 da
554 2214 718 2254 Corneto
744 2243 756 2263 ,
788 2229 808 2253 e
835 2229 895 2254 ve-

78 2281 228 2331 qnendo
254 2284 400 2321 moriva
429 2297 454 2321 α
479 2283 613 2320 flIonte
641 2281 733 2320 Alto
760 2282 791 2320 il
801 2296 894 2334 per-

76 2346 157 2396 fido
176 2345 337 2385 heretico
350 2377 362 2393 ‚
386 2355 593 2395 emaestro,
609 2362 629 2386 e
651 2348 895 2386 conducitore

79 2411 142 2449 del
153 2413 302 2449 Bavero
318 2441 329 2459 ,
355 2414 525 2452 Maestro
549 2412 728 2452 Marsilio
748 2414 799 2452 da
816 2411 895 2452 Pa-

78 2477 198 2523 dova;
225 2482 261 2513 et
289 2478 425 2527 yivmse
452 2478 484 2517 il
508 2479 659 2518 Bavero
681 2511 691 2528 ‚
710 2487 745 2518 et
767 2479 894 2518 l’hoste

77 2556 150 2581 sua
173 2557 197 2581 a
225 2541 410 2580 Grossedo
435 2558 460 2582 a
487 2545 531 2582 di
561 2545 606 2584 15
621 2546 665 2584 di
687 2547 892 2586 settembre.

76 2608 237 2659 (Horum
254 2609 418 2647 locorum
441 2613 650 2649 versionem
662 2612 815 2650 latinam
835 2627 894 2651 re-

76 2676 192 2725 peries
206 2674 249 2712 ad
267 2674 403 2712 calcem
425 2675 664 2726 voluminis).
687 2679 794 2729 Apud
809 2677 894 2716 Mu-

78 2742 215 2786 taturi,
238 2739 383 2778 Rerum
414 2738 596 2779 Italicar.
621 2740 767 2794 Script.
799 2750 892 2781 tom.

77 2819 165 2854 x1113
181 2807 248 2844 cfr.
262 2807 373 2844 etiam
384 2805 564 2858 Raynaldi
578 2808 624 2845 ad
641 2821 756 2846 annos
773 2808 889 2860 1327,

85 2869 185 2910 1328
209 2880 244 2912 et
265 2873 381 2911 1331.
403 2872 619 2926 Talisporro
644 2882 720 2920 est,
744 2876 808 2926 qui
827 2890 893 2914 no-

77 2936 136 2975 bis
173 2952 193 2976 a
220 2940 504 2989 protestantibus
536 2940 650 2979 veluti
685 2940 893 2980 catholicus

80 3002 269 3056 objicitur.

139 3065 192 3118 (3)
218 3066 312 3109 Sane
327 3069 511 3110 Lutherus
524 3100 535 3120 ,
554 3072 584 3110 si
610 3071 702 3112 fides
719 3071 892 3113 habenda

963 1163 1208 1202 Feuardentio
1225 1192 1237 1211 ,
1270 1166 1310 1202 in
1341 1166 1441 1202 notis
1461 1165 1509 1203 311
1534 1178 1617 1216 cap.
1643 1177 1668 1203 2
1693 1165 1780 1203 libri

962 1242 1002 1266 111
1026 1228 1066 1268 S.
1089 1230 1214 1267 Irenaei
1234 1258 1244 1276 ‚
1267 1229 1379 1268 fassus
1408 1238 1460 1268 est
1488 1245 1499 1269 :
1528 1230 1675 1269 Omnes
1695 1230 1779 1269 his-

963 1296 1082 1333 torias
1093 1295 1284 1347 affirmare
1297 1295 1461 1334 Petrum
1471 1297 1594 1347 finisse
1601 1299 1779 1349 primum

963 1360 1119 1413 Papam
1157 1361 1300 1400 Romae.
1338 1361 1508 1414 Theoph.
1546 1362 1777 1415 Raynaudus

963 1431 1089 1462 tamen
1102 1427 1142 1461 in
1167 1427 1230 1462 cit.
1247 1422 1444 1476 Disputat.
1471 1424 1516 1463 de
1533 1425 1689 1478 bicipiti
1702 1425 1779 1464 Ee-

961 1488 1077 1527 clesia
1095 1517 1107 1538 ,
1132 1497 1223 1527 tom.
1248 1504 1284 1535 x,
1307 1504 1388 1541 pag.
1411 1488 1488 1528 262
1504 1519 1516 1541 ‚
1535 1491 1684 1541 scribit,
1700 1491 1777 1531 Lu-

962 1555 1107 1593 theram
1118 1553 1213 1593 bene
1229 1563 1355 1607 potum
1368 1559 1578 1604 asseruisse,
1595 1560 1779 1598 incertum

962 1620 1064 1667 fore,
1097 1629 1220 1659 utrum
1247 1621 1372 1659 Romae
1399 1621 1527 1661 Petrus
1551 1623 1676 1663 fuerit.
1716 1623 1778 1663 Sic

962 1688 1071 1723 etiam
1086 1685 1260 1724 Calvinus
1280 1715 1291 1733 s
1321 1686 1455 1726 Instit.
1467 1686 1534 1727 lib.
1550 1700 1608 1738 1v,
1624 1688 1751 1742 (131116
1764 1720 1777 1741 ‚

962 1751 982 1804 §
1003 1751 1064 1801 15,
1079 1767 1164 1792 cum
1180 1755 1420 1805 congessisset
1437 1757 1576 1805 omnia,
1592 1762 1779 1810 quotquot

961 1821 1107 1869 potuit,
1135 1828 1350 1871 argumenta
1376 1821 1422 1858 ad
1445 1823 1657 1874 negandum
1682 1822 1778 1862 Petri

960 1885 999 1921 in
1023 1884 1155 1923 urbem
1179 1885 1382 1925 adventum
1398 1887 1485 1934 ‚illa
1495 1886 1635 1927 scilicet
1647 1889 1778 1928 eadem

959 1965 1043 2003 quae
1064 1952 1200 1990 deinde
1215 1965 1286 1991 sec.
1314 1967 1375 1992 xlx
1392 1954 1566 1993 audacter
1585 1964 1689 2006 urget
1705 1959 1778 1995 mi·-

959 2017 1128 2056 nistellus
1146 2018 1207 2056 ille
1223 2021 1437 2069 genevensis
1451 2049 1462 2067 ‚
1479 2021 1524 2060 de
1537 2036 1611 2073 quo
1632 2023 1778 2074 scripsi-

961 2096 1043 2121 mus
1057 2113 1067 2130 ‚
1104 2083 1293 2122 concludit
1332 2098 1343 2122 :
1380 2082 1436 2123 Ec
1463 2092 1592 2124 tamen
1619 2093 1779 2139 propter

959 2147 1063 2186 hune
1078 2151 1306 2201 scriptorum-
1335 2164 1562 2189 consensum
1580 2181 1593 2200 ‚
1613 2165 1778 2205 nonpw-

957 2226 1032 2264 qno
1047 2242 1057 2259 ,
1082 2216 1179 2266 quin
1205 2214 1286 2253 illio
1308 2224 1480 2255 mortuus
1505 2217 1661 2267 (Petrus)
1681 2231 1693 2270 3
1712 2218 1778 2257 sed

959 2278 1198 2331 Episcopum
1232 2281 1356 2331 fuisse
1373 2312 1382 2327 ‚
1417 2288 1637 2334 praesertim
1666 2283 1777 2336 lonqo

958 2352 1120 2397 tempore
1137 2375 1147 2392 ‚
1166 2347 1423 2400 persuaderin
1443 2362 1567 2399 equeo.
1592 2350 1635 2387 In
1665 2348 1778 2388 Com-

959 2413 1145 2450 mentario
1168 2414 1213 2450 in
1225 2426 1251 2450 11
1263 2414 1375 2465 epist.
1395 2412 1507 2452 Petri
1528 2443 1539 2462 ‚
1559 2416 1606 2453 ad
1632 2429 1713 2468 cap.
1737 2429 1774 2465 1,

958 2490 995 2514 v.
1016 2475 1081 2527 14,
1104 2479 1279 2517 audacius
1303 2479 1428 2517 scribit
1453 2491 1463 2519 ε
1486 2479 1684 2533 Quomodo
1706 2495 1777 2520 au-

958 2549 1031 2580 tem
1047 2573 1058 2591 ‚
1085 2546 1122 2582 si
1146 2545 1344 2596 Babylone
1380 2549 1443 2596 (ut
1461 2549 1539 2598 ipse
1563 2550 1669 2599 gratis
1684 2561 1775 2600 sup-

960 2609 1084 2660 ponit)
1112 2610 1312 2649 oraculum
1325 2614 1472 2664 accepit
1491 2612 1536 2649 de
1550 2614 1774 2665 propinqua

960 2680 1103 2723 morte,
1138 2676 1268 2714 Romae
1302 2675 1517 2724 crucifixus
1555 2681 1638 2717 est?
1667 2677 1775 2716 Certe

961 2741 1045 2778 nisi
1071 2743 1197 2780 maria
1225 2749 1261 2779 et
1288 2749 1409 2780 terras
1442 2751 1629 2781 momento
1652 2751 1777 2781 trans-

958 2805 1165 2856 volaverit,
1182 2807 1320 2861 procul
1353 2808 1402 2846 ab
1431 2808 1554 2847 Italia
1583 2817 1774 2848 mortuum

960 2885 1037 2910 esse
1050 2880 1210 2912 constat.
1234 2873 1334 2926 Opp.
1355 2875 1447 2912 edit.
1463 2875 1666 2913 Amstelod.
1683 2882 1773 2912 tom.

961 2949 1012 2975 vu
1027 2964 1041 2986 ‚
1069 2951 1150 2989 pag.
1178 2937 1244 2979 36.
1275 2938 1330 2978 Ita
1344 2953 1488 2992 semper
1499 2939 1568 2979 sibi
1589 2940 1775 2980 cohaereut

962 3004 1132 3044 haeretiei.
