2028 3354
411 217 541 246 mm.
581 217 612 245 1.
649 216 746 245 cn.
785 209 842 245 ιι.ι
873 216 927 244 mi.
962 212 1137 258 cums-n
1172 212 1293 243 scot.
1332 212 1529 243 cons'nr.
1765 194 1823 241 61

214 331 318 380 106.
356 329 445 377 Sed
463 346 614 393 neque
633 328 796 376 iisdem
828 327 1138 391 suffragantur
1156 326 1381 387 Concilia.‚
1406 344 1602 392 quorum
1628 325 1825 374 decretis

146 426 230 472 pro
259 406 451 454 diversis
483 403 771 470 temporibus
813 405 936 452 varia
969 404 1158 450 omnino
1198 403 1437 468 disciplina
1479 405 1650 451 sancita
1676 412 1746 452 est
1773 404 1823 450 in

146 483 464 530 ministrorum
488 480 727 528 electione.
759 480 999 527 Interdum
1016 516 1028 539 .,
1055 487 1283 527 statutum
1311 479 1398 525 fuit
1425 488 1478 526 ut
1505 480 1752 545 Episcopus
1778 488 1826 527 et

147 557 408 622 Presbyteri
436 556 715 620 eligerentur
739 555 847 602 cleri
873 564 919 602 et
937 554 1085 619 plebis
1104 555 1344 617 suffragio,
1373 554 1441 600 uti
1468 564 1647 603 constat
1670 573 1727 604 ex
1749 556 1824 605 cit.

147 635 362 699 synodica
381 633 571 700 epistola
592 632 780 681 Concilii
802 632 1001 689 Nicaeni3
1030 630 1268 678 interdum
1279 665 1296 687 ,
1316 639 1368 677 ut
1385 648 1411 678 a
1440 631 1545 678 solis
1566 634 1797 698 Episcopis
1812 668 1827 695 ,

148 710 275 757 nulla
300 711 418 757 facta
451 709 610 774 populi
638 708 877 755 mentione
898 741 910 764 ,
946 707 1193 771 Episcopus
1224 716 1601 771 nuncuparetur,
1629 717 1681 754 ut
1702 717 1832 774 patet

148 804 204 834 ex
233 786 398 834 eodem
426 785 626 833 Concilio
658 786 842 831 Nicaeno
863 818 875 841 ,
907 798 1009 829 can.
1035 782 1093 828 IV
1127 782 1230 845 (l);
1251 782 1501 847 aliquando
1531 785 1692 848 populi
1726 788 1833 834 suf-

144 863 340 926 fragium
357 871 516 927 aperte
533 861 762 907 exclusum
778 866 871 916 est,
896 857 963 903 uti
979 875 1004 904 a
1024 857 1164 904 Conc.
1190 858 1477 919 Laodicaeno.,
1497 876 1597 906 can.
1614 861 1719 907 XIII
1739 863 1829 926 (2),

149 948 196 986 et
216 938 478 986 Bracarensi
501 938 542 983 II
558 971 569 992 ‚
603 951 703 998 cap.
735 934 755 980 I
777 933 866 999 (3).
892 933 943 980 Id
966 934 1120 999 ipsum
1152 935 1323 982 evincit
1353 953 1456 982 usus
1484 935 1726 1001 peculiaris
1748 938 1832 984 Ec-

149 1014 295 1061 clesiae
312 1010 632 1061 Alexandrina}
649 1046 661 1069 7
686 1010 755 1056 uti
779 1009 1003 1057 habemus
1020 1027 1077 1058 ex
1100 1012 1145 1059 S.
1170 1012 1478 1075 Hieronymo,
1508 1011 1586 1059 ubi
1614 1030 1645 1059 a
1666 1014 1834 1062 llIarco

149 1089 452 1152 Evanyelisca
476 1103 621 1148 usque
648 1086 715 1132 ad
733 1087 997 1134 Heraclam
1025 1095 1069 1133 et
1096 1088 1388 1151 Dionysium
1410 1089 1668 1153 Episcopus
1697 1091 1836 1137 Pres-

148 1167 302 1228 byteri
325 1180 507 1226 semper
535 1180 689 1210 'timim
711 1181 767 1210 ea·
788 1181 833 1210 se
854 1165 1073 1224 electum,
1102 1167 1157 1210 in
1188 1166 1432 1211 excelsiori
1451 1166 1614 1228 yraolu
1646 1166 1835 1214 colloca-

146 1248 275 1294 tum,
304 1239 600 1303 Episcopum
614 1240 937 1287 nominabant
951 1240 1042 1303 (4).
1066 1238 1236 1286 Eadem
1251 1240 1446 1288 varietas
1468 1241 1613 1305 viguit
1649 1242 1699 1288 in
1737 1242 1834 1290 ele-

148 1316 297 1362 ctione
318 1324 578 1362 ceterorum
596 1317 937 1374 ministrorum,
961 1332 1063 1381 quae
1080 1325 1131 1362 ut
1144 1315 1401 1380 plurimum
1421 1334 1447 1364 a
1473 1317 1569 1365 sola
1591 1317 1832 1367 voluntate

145 1392 403 1439 ordinantis
430 1391 680 1457 pendebat.
718 1394 831 1450 Quae
858 1391 1048 1458 quidem
1075 1393 1230 1440 omnia
1248 1429 1260 1452 ‚
1292 1394 1550 1441 innumeris
1579 1411 1833 1460 propemo-

146 1467 259 1514 dum
289 1468 580 1516 documentis
610 1468 923 1516 ecclesiasticae
951 1468 1151 1516 historiae
1184 1470 1368 1516 firmata
1396 1469 1454 1516 ab
1489 1470 1680 1517 eruditis
1708 1470 1834 1518 Tho-

146 1544 347 1591 massino
377 1544 476 1607 (5)7
505 1544 724 1591 Hallierio
755 1545 853 1606 (6),
880 1547 987 1592 Nat.
1019 1544 1281 1592 Alexandro
1306 1545 1376 1610 (7)
1405 1545 1596 1610 aliisque
1631 1546 1835 1610 passim,

149 1619 408 1666 luculenter
434 1620 717 1678 ostendunt,
736 1619 896 1685 populi
920 1620 1194 1668 electionem
1215 1638 1311 1667 non
1332 1638 1358 1667 a
1373 1624 1480 1683 jure
1502 1620 1684 1679 divino,
1705 1621 1788 1669 sed
1808 1639 1836 1669 a

150 1696 276 1744 varia
301 1695 507 1743 Ecclesiae
530 1696 773 1761 disciplina
805 1705 852 1744 et
876 1696 1168 1744 concessione
1193 1697 1327 1744 unice
1355 1714 1453 1744 esse
1480 1697 1802 1762 repetendam.

219 1771 326 1819 107.
363 1773 457 1819 Nec
487 1771 830 1838 adstipulantur
862 1775 1049 1831 Patres,
1086 1773 1166 1838 qui
1193 1774 1345 1838 potius
1376 1789 1693 1838 saepenumero
1726 1791 1836 1822 con-

152 1856 412 1913 queruntur
440 1847 500 1896 de
524 1866 609 1896 usu
638 1848 717 1896 illo
735 1884 747 1909 2
768 1849 848 1915 qui
878 1850 927 1896 in
961 1848 1167 1896 Ecclesiis
1191 1848 1421 1915 aliquibus
1454 1849 1697 1898 obtinebat
1726 1850 1797 1915 (8)
1820 1886 1834 1911 .‚

153 2026 239 2077 ipsis
264 2026 471 2065 concredita
492 2032 584 2064 esset
608 2025 792 2063 bonorum
819 2032 963 2076 tempo-

154 2091 291 2129 ralium
315 2091 593 2130 administratio.
609 2090 730 2142 Quare
745 2119 756 2137 ‚
782 2098 821 2128 ut
835 2089 962 2129 obser-

158 2164 218 2195 vat
235 2155 277 2195 S.
302 2156 412 2195 Joan.
435 2156 731 2209 Chrysostomus‚
761 2155 881 2194 Hom.
902 2168 965 2194 xiv

158 2222 203 2258 in
225 2222 329 2261 Acta
344 2252 354 2269 ‚
377 2231 440 2261 aut
464 2236 592 2261 omnes
614 2229 675 2259 aut
701 2222 865 2274 plerique
893 2220 966 2258 sal-

159 2294 234 2326 tem
257 2288 361 2327 electi
376 2296 461 2327 sunt
480 2303 526 2327 ex
551 2288 762 2326 Hellenistis
776 2317 787 2334 ‚
813 2295 852 2325 ut
869 2295 967 2339 patet

162 2364 206 2389 ex
225 2365 348 2391 eorum
372 2354 545 2402 nomine,
572 2355 657 2406 quia
679 2366 846 2391 murmur
866 2354 966 2391 exci-

162 2423 277 2454 tatum
307 2427 383 2456 erat
414 2434 457 2458 ex
494 2427 597 2471 parte
629 2431 844 2470 graecorum.
883 2418 962 2457 Cfr.

162 2480 312 2519 Cornel.
334 2496 354 2520 a
375 2482 513 2535 Lapide
534 2485 574 2521 in
593 2484 697 2523 hunc
716 2485 856 2522 locum.

218 2546 271 2597 (1)
300 2547 408 2598 Apud
450 2548 632 2589 Harduin.
676 2548 778 2588 Acta
818 2547 965 2588 Concil.

162 2618 253 2650 tom.
283 2625 322 2658 1,
349 2612 419 2650 col.
455 2611 549 2651 328.

214 2676 268 2727 (2)
297 2677 397 2716 Ibid.
422 2677 492 2717 col.
523 2674 615 2731 783.

212 2741 272 2796 (3)
301 2743 398 2783 lbid.
424 2752 515 2783 tom.
545 2744 699 2792 in,col.
726 2743 818 2797 391.

217 2807 273 2860 (4)
301 2808 434 2861 Epist.
475 2822 577 2848 chVI
612 2809 664 2848 ad
694 2808 938 2862 Evanqelum
954 2840 965 2859 ‚

163 2872 253 2912 edit.
272 2873 427 2914 vallars.
447 2882 583 2922 tom.1,
596 2875 669 2914 col.
692 2873 807 2928 1076.

170 2965 177 2971 .
218 2937 273 2990 (5)
291 2937 338 2977 V
331 2945 412 2978 etus
425 2946 461 2979 et
474 2953 573 2980 nova
584 2940 808 2993 disciplina,
825 2949 919 2994 part.
930 2948 970 2990 in,

161 3002 229 3041 lib.
247 3015 284 3052 1,
306 3018 386 3056 cap.
408 3018 419 3043 1
450 3014 486 3044 et
502 3020 605 3059 seqq.
622 3008 819 3059 praesertim
834 3019 914 3059 cap.
928 3005 967 3057 4.

1081 2024 1135 2076 (6)
1166 2022 1231 2062 De
1257 2025 1379 2063 sacris
1409 2023 1656 2065 electionibus
1674 2033 1710 2064 et
1727 2025 1835 2065 ordi·-

1013 2090 1267 2139 mationibus,
1287 2099 1378 2142 part.
1394 2103 1408 2129 1
1421 2121 1431 2140 ,
1444 2105 1525 2143 cap.
1542 2091 1565 2129 3
1583 2121 1594 2140 ,
1611 2091 1631 2145 S
1651 2105 1663 2130 ι
1683 2102 1717 2132 et
1731 2107 1836 2147 seqq.

1084 2156 1133 2208 (7)
1164 2156 1273 2194 Hice.
1295 2157 1383 2196 eccl.
1411 2158 1498 2197 diss.
1530 2172 1593 2196 viu
1612 2188 1624 2206 ,
1645 2160 1686 2196 in
1708 2173 1782 2199 sec.
1808 2174 1837 2207 1,

1035 2223 1092 2260 De
1098 2224 1194 2274 jure
1210 2222 1433 2261 christianae
1448 2222 1571 2274 plebis
1586 2224 1631 2261 in
1644 2236 1839 2262 sacrorum

1031 2289 1296 2327 ministrorum
1320 2287 1496 2327 electione
1510 2319 1520 2336 ‚
1560 2296 1596 2327 et
1616 2288 1703 2328 diss.
1720 2300 1773 2337 tv,
1799 2291 1840 2328 in

1030 2367 1105 2393 sec.
1132 2367 1169 2391 x1
1192 2362 1228 2393 et
1265 2367 1319 2392 xu
1341 2382 1352 2403 ‚
1389 2353 1446 2392 De
1477 2355 1717 2393 investituris
1737 2353 1839 2408 Epi>-

1029 2431 1240 2471 scoporum.
1582 2422 1585 2425 ’

1086 2484 1138 2535 (8)
1170 2483 1265 2522 Sane
1298 2482 1336 2522 S.
1368 2482 1615 2536 Hieronymus
1638 2510 1653 2533 ,
1692 2484 1761 2525 lib.
1798 2500 1837 2536 1,

1032 2548 1177 2590 Contra
1204 2548 1411 2589 Jovinian.
1438 2550 1563 2588 scribit
1593 2563 1605 2589 :
1642 2549 1839 2590 Nonnun-

1031 2628 1146 2666 quam
1160 2622 1263 2654 errat
1273 2615 1396 2668 plebis
1417 2615 1592 2669 oalqique
1603 2617 1808 2670 judicium
1821 2632 1840 2668 ‚-

1030 2686 1066 2718 et
1076 2682 1122 2719 in
1133 2680 1399 2721 Sacerdotibus
1412 2682 1705 2735 comprobandis
1715 2696 1841 2723 unus-

1030 2746 1187 2798 quisque
1209 2748 1292 2784 suis
1320 2746 1490 2785 moribus
1521 2747 1627 2800 favet
1643 2775 1656 2797 ,
1688 2755 1730 2788 ut
1761 2762 1842 2788 non

1032 2818 1111 2848 tam
1135 2810 1276 2850 bonum
1302 2824 1419 2863 quam
1444 2814 1506 2851 sui
1533 2811 1703 2852 similem
1739 2827 1841 2866 quoe-

1038 2882 1097 2914 rat
1114 2879 1383 2930 proepositum‚
1406 2876 1508 2918 Edit.
1533 2877 1634 2918 Van.
1653 2888 1743 2919 tom.
1777 2891 1806 2916 ιι
1828 2907 1839 2925 ,

1038 2941 1106 2980 eol.
1134 2942 1320 2994 292.Cfr.
1345 2951 1516 2995 praeterea
1542 2953 1709 2985 auctores
1724 2944 1838 2982 citati.
