2028 3354
173 208 201 253 6
594 215 849 250 TRACTATUS
883 215 938 245 nn
971 216 1089 247 mels
1124 215 1419 244 runomfflms.

242 337 317 383 15.
356 338 461 383 Jam
482 351 592 383 vero
611 329 836 392 ejusmodi
862 330 1035 377 facturn
1071 346 1149 376 seu
1177 329 1388 376 instituta
1418 347 1442 375 a
1465 328 1647 376 Christo
1668 330 1854 376 societas

175 412 404 461 cultorum
428 425 613 457 suorum
648 405 819 471 triplici
845 406 919 452 via
956 404 1088 451 nobis
1106 405 1385 461 innotescit3
1415 422 1466 452 ac
1497 406 1646 469 primo
1667 404 1854 470 quidem

175 506 232 537 ex
255 489 469 536 societate
503 485 600 547 ipsa
621 518 633 540 2
666 498 767 546 quae
798 481 950 528 adhuc
980 489 1245 544 perseverat
1272 498 1323 528 ac
1351 482 1512 542 floret,
1545 491 1592 528 et
1617 500 1643 528 a
1675 482 1856 528 Christo

175 564 413 612 conditore
437 577 520 608 suo
545 575 721 606 nomen
750 555 1127 618 habet2Quaevis
1166 555 1290 601 enim
1325 559 1515 605 societas
1551 567 1621 605 est
1659 574 1855 622 persona

173 637 385 697 moralis,
419 640 546 699 cujus
585 633 794 682 membra
836 641 946 678 sunt
977 630 1216 678 individua
1242 631 1449 694 singula„
1491 651 1546 680 ex
1573 632 1741 698 quibus
1780 632 1855 678 illa

174 714 385 762 coalescit
400 748 414 774 ,
444 723 491 760 et
516 712 672 759 existit
699 727 783 775 per
804 708 985 756 vincula
1002 743 1015 768 ‚
1036 706 1203 772 quibus
1225 708 1415 754 societas
1435 708 1533 771 ipsa
1546 709 1854 755 constituitur.
1906 738 1909 739 ν
1969 730 1979 743 ·

176 793 320 838 Porro
349 806 548 854 persona
580 787 677 834 haec
702 784 915 843 moralis,
953 801 1056 848 quae
1086 800 1332 846 nunquam
1361 783 1517 830 deficit
1554 793 1601 830 et
1628 785 1824 830 moritur
1845 820 1857 842 a

181 884 232 914 ea
256 867 356 931 ipsa
373 874 442 912 est
460 901 473 916 q
499 881 599 928 quae
612 879 691 909 sua
705 861 948 907 existentia
974 859 1032 906 de
1055 875 1103 905 se
1123 859 1445 905 testimonium
1468 859 1602 917 dicit3
1630 859 1861 921 objectum

178 960 288 989 vero
319 942 455 1003 hujus
481 938 735 987 testimonii
768 945 878 983 sunt
904 953 956 982 ea
975 935 1133 982 omnia
1153 969 1166 993 ,
1197 951 1300 998 quse
1327 934 1386 980 dc
1415 952 1494 980 sua
1515 935 1713 997 origine,
1735 936 1863 981 insti-

178 1019 385 1078 tutione,
419 1016 627 1064 doctrina
644 1051 657 1073 ἢ
684 1012 860 1076 legibus
877 1048 889 1070 .,
925 1011 1149 1057 institutis
1169 1046 1182 1069 .‚
1213 1027 1264 1056 ac
1296 1010 1484 1075 reliquis
1511 1010 1727 1057 omnibus
1760 1026 1865 1075 quae

180 1094 240 1142 ad
281 1093 493 1142 eamdem
534 1092 801 1139 societatem
840 1096 1050 1152 spectant
1068 1123 1081 1146 .‚
1122 1086 1219 1150 ipsa
1252 1087 1496 1150 profitetur
1535 1086 1624 1148 (l).
1667 1086 1863 1133 Societas

182 1180 341 1220 autem
365 1169 611 1216 christiana
637 1165 713 1213 vel
733 1165 843 1230 'ipso
874 1164 1064 1210 nomine
1093 1179 1174 1208 suo
1192 1198 1205 1222 ,
1237 1162 1362 1208 cultu
1380 1198 1391 1220 a
1422 1162 1647 1208 institutis
1673 1170 1867 1208 testatur

182 1248 232 1293 in
253 1246 470 1293 universo
484 1281 496 1304 7
522 1261 615 1308 quo
635 1242 727 1288 late
751 1249 900 1306 patet,
921 1249 1149 1286 terrarum
1177 1237 1287 1285 orbe
1301 1274 1313 1297 7
1334 1255 1381 1285 se
1406 1255 1432 1284 a
1452 1237 1633 1284 Christo
1653 1237 1867 1301 primitus
1902 1297 1905 1299 μ

183 1322 426 1369 fundatam
450 1320 615 1379 fuisse,
646 1326 694 1363 et
721 1315 844 1362 ultra
867 1315 1010 1362 XVIII
1035 1313 1197 1362 saecula
1222 1313 1282 1360 ab
1307 1314 1376 1360 sui
1397 1313 1572 1376 origine
1593 1328 1837 1358 numerare
1853 1347 1865 1370 7

189 1398 435 1461 omnigena
462 1412 547 1443 nec
569 1410 778 1457 unquam
810 1392 1072 1456 interrupta
1102 1398 1515 1436 monumentorum
1542 1405 1594 1434 ac
1622 1386 1869 1434 documen-

185 1484 341 1521 torum
363 1473 478 1519 serie
490 1471 537 1517 id
553 1471 706 1535 ipsum
728 1467 1101 1530 confirmans(2).
1117 1467 1408 1530 Quapropter
1426 1501 1438 1523 a
1456 1464 1635 1512 etiamsi
1655 1463 1870 1511 deessent

189 1565 326 1597 sacrae
351 1549 534 1596 Litterae
551 1584 563 1606 ,Δ
603 1545 717 1592 adeo
735 1545 909 1590 factum
937 1543 1061 1589 istud
1079 1549 1369 1606 compertum
1400 1549 1470 1586 est
1487 1576 1500 1601 ,
1541 1539 1621 1597 ut„
1656 1540 1736 1603 qui
1760 1538 1871 1587 velit

190 1629 364 1692 ipsum,
395 1642 492 1671 non
516 1623 665 1670 dicam
691 1619 905 1680 inficiari,
926 1619 1009 1666 sed
1033 1617 1107 1666 vel
1133 1618 1181 1663 in
1199 1616 1393 1663 dubium
1415 1632 1647 1673 revocare7
1668 1614 1873 1679 profecto

192 1718 352 1749 amens
375 1701 447 1747 sit.

264 1777 341 1824 16.
381 1774 590 1823 Secundo
622 1773 669 1820 id
696 1774 850 1837 ipsum
887 1772 1113 1819 evincitur
1149 1786 1205 1815 ex
1249 1768 1463 1815 omnibus
1494 1767 1758 1813 christianae
1781 1767 1875 1812 Re-

250 1952 306 2004 (l)
336 1951 383 1989 In
405 1949 568 2003 qualibet
592 1949 762 1986 societate
778 1976 787 1994 ‚
812 1945 1000 1983 individua

199 2019 431 2065 moriuntur3
468 2022 525 2053 ast
558 2014 706 2051 societas
741 2011 868 2049 eadem
904 2023 1001 2047 sem-

199 2098 264 2135 per
289 2087 493 2134 perseverat
515 2077 752 2130 pereuntibus
773 2075 974 2114 individuis
991 2105 1001 2122 ‚

201 2162 275 2203 quo
306 2148 350 2185 fit
371 2154 411 2184 ut
433 2145 678 2183 institutiones
697 2172 707 2190 ‚
745 2155 887 2190 mores,
920 2154 1006 2178 con-

204 2213 417 2253 suetudines
456 2209 567 2249 simul
592 2215 715 2259 coeptae
747 2207 882 2258 jugiter
915 2219 1004 2243 con-

205 2281 409 2319 serventur.
443 2275 510 2313 His
538 2286 647 2326 porro
674 2271 824 2310 societas
847 2286 867 2310 a
890 2272 1006 2309 socie-

205 2352 277 2383 tate
292 2372 303 2391 ,
333 2355 421 2394 gens
436 2356 456 2379 a
469 2348 575 2392 gente
596 2338 895 2377 discriminantur
916 2364 926 2380 ‚
940 2349 1008 2374 nec

206 2407 338 2446 melius
361 2420 555 2459 possumus
579 2405 624 2443 de
654 2404 827 2441 institutis
850 2403 1009 2453 cujusvis

206 2474 324 2525 gentis
347 2480 411 2510 aut
431 2472 606 2509 societatis
622 2482 727 2506 nosse
745 2497 755 2513 ‚
780 2481 891 2519 quam
908 2481 928 2504 a
943 2480 1009 2517 pe-

205 2539 333 2578 culiari
344 2544 448 2589 gente
462 2544 524 2574 aut
543 2536 725 2581 societate,
737 2534 794 2585 cuj
801 2546 841 2570 us
853 2532 915 2569 illa
930 2542 1015 2572 sunt

207 2605 366 2656 propria.
379 2602 409 2639 Α
420 2602 553 2639 Graecis
566 2613 626 2639 ex.
640 2612 693 2650 gr.
708 2598 835 2636 melius
848 2599 1016 2638 novimus

209 2680 291 2722 qaae
326 2667 373 2706 ad
404 2665 544 2704 Graecos
570 2670 757 2715 spectant,
795 2676 815 2700 a
843 2661 1016 2701 Romanis

208 2745 291 2786 quae
317 2732 364 2771 ad
390 2731 574 2769 Romanos
591 2756 603 2776 ,
641 2735 676 2765 et
710 2729 759 2765 ita
782 2740 900 2779 porro.
936 2727 1016 2767 Hoc

210 2811 294 2836 vero
327 2797 554 2848 potissimum
585 2793 680 2831 valet
694 2820 705 2840 ,
728 2805 812 2830 cum
828 2794 945 2843 agitur
969 2793 1016 2831 de

212 2862 388 2900 institutis
409 2858 594 2909 religiosis.
619 2857 788 2909 Quanam
812 2858 911 2894 enim
934 2871 1013 2896 me·-

210 2925 293 2963 liori
306 2926 444 2962 ratione
462 2933 676 2974 cognoscere
690 2934 855 2973 possum,
872 2933 953 2972 quae
965 2921 1012 2959 ad

212 2988 459 3027 Islamismum
482 2988 686 3038 pertinent,
725 2999 835 3037 quam
856 2984 901 3022 ab
926 2984 1015 3023 isla-

1072 1943 1197 1991 mitis;
1224 1953 1305 1993 quae
1335 1941 1381 1979 ad
1415 1940 1705 1979 Buddhaismum
1722 1969 1734 1990 ,
1765 1954 1875 1993 quam

1071 2022 1092 2047 a
1113 2006 1348 2052 Buddhistis‚
1372 2013 1406 2044 et
1432 2008 1481 2044 ita
1514 2007 1559 2045 de
1584 2007 1765 2059 reliquis?
1788 2006 1877 2045 Haec

1072 2073 1193 2125 regula
1216 2072 1392 2124 generalis
1414 2080 1481 2110 est,

1129 2137 1183 2187 (2)
1211 2136 1295 2174 Huc
1317 2138 1417 2174 enim
1446 2137 1654 2175 referuntur
1675 2138 1877 2175 successio-

1073 2216 1136 2241 nes
1161 2200 1421 2253 Episcoporum
1435 2230 1445 2248 ‚
1474 2201 1689 2239 universalis
1711 2201 1879 2239 Ecclesiae

1074 2268 1196 2320 praxis
1212 2294 1223 2313 ‚
1248 2274 1329 2304 acta
1343 2266 1592 2305 Conciliorum
1617 2267 1692 2304 sive
1715 2268 1877 2317 particu-

1074 2332 1209 2371 larium
1240 2333 1316 2369 sive
1352 2332 1575 2382 generalium
1604 2360 1615 2378 ‚
1643 2330 1881 2370 Christiano-

1075 2412 1158 2436 rum
1193 2397 1360 2449 praeclara
1386 2406 1481 2448 gesta
1497 2428 1507 2446 ‚
1534 2398 1668 2448 scripta
1699 2397 1847 2435 Patrum
1868 2427 1878 2445 ‚

1077 2461 1233 2514 templa,
1257 2462 1396 2514 lapides
1411 2493 1421 2510 ‚
1439 2463 1582 2515 aliaque
1605 2463 1789 2515 ejusmodi
1803 2476 1881 2500 mo-

1079 2535 1255 2568 numenta
1271 2557 1282 2575 ‚
1318 2542 1398 2581 quae
1435 2528 1682 2581 expendemus
1707 2530 1746 2567 in
1771 2527 1881 2565 altera

1080 2594 1191 2646 hujus
1212 2595 1433 2632 tractationis
1451 2603 1554 2647 parte
1571 2624 1581 2641 ‚
1599 2594 1664 2633 ubi
1684 2601 1810 2643 agetur
1837 2593 1882 2631 de

1080 2659 1224 2708 mediis,
1232 2673 1295 2711 per
1302 2673 1382 2712 quae
1394 2663 1559 2712 perennis
1567 2659 1731 2698 Ecclesiae
1740 2658 1882 2696 traditio

1079 2725 1126 2763 ad
1145 2737 1212 2763 nos
1231 2727 1417 2776 pervenit,
1440 2733 1548 2778 atque
1563 2738 1583 2762 a
1595 2722 1702 2761 nobis
1715 2725 1882 2774 cognosci

1080 2798 1211 2842 potest.
1243 2790 1331 2841 Quae
1361 2791 1509 2843 quidem
1548 2780 1671 2827 omnia
1705 2788 1882 2826 moralem

1078 2855 1283 2894 historicam
1306 2856 1559 2895 certitudinem
1583 2867 1766 2893 summam
1791 2867 1882 2891 con-

1078 2921 1232 2959 stituunt
1257 2922 1357 2959 omni
1383 2921 1592 2971 exceptione
1625 2920 1814 2971 majorem.
1837 2957 1841 2960 ,
