2028 3354
236 167 330 215 478

709 188 863 220 macr.
897 193 951 221 ΒΕ
986 193 1107 223 LOCIS
1142 197 1439 232 Tritonos-1018.

299 302 411 349 700.
454 300 522 347 Ad
553 302 640 360 ΞΜ,
670 304 795 348 Dz'st.
831 302 1040 351 Christus
1082 308 1299 358 omnibus
1331 314 1379 361 in
1410 319 1646 364 communi
1681 318 1922 385 publicum

233 377 430 423 contulit
458 384 507 423 et
544 378 922 426 auctoritativum
964 385 1386 436 controversiarum
1419 392 1647 454 judicium
1683 413 1776 442 una
1815 413 1924 445 cum
1977 457 1979 461 Ι

232 455 367 500 Petro
397 460 445 499 et
478 451 565 498 sub
594 455 759 513 Petro‚
798 472 952 513 eonon,
976 474 1185 506 seorsum
1215 478 1242 507 a
1270 463 1438 526 Petro,
1478 486 1581 532 περ.
1612 473 1754 518 Porro
1789 475 1924 534 juxta
2021 464 2028 470 ¹

232 531 422 576 Patrum
442 529 649 593 regulam
666 567 678 590 7
706 533 797 578 uhi
812 532 992 581 Petrus
1011 537 1086 582 ibi
1101 537 1343 596 Ecclesia,
1370 542 1466 591 sive
1486 550 1632 608 major
1654 549 1749 596 sive
1771 550 1925 598 minor

230 605 288 651 sit
304 606 635 673 Episcoporum
668 626 892 656 numerus
901 646 918 668 ,
949 612 1029 676 qui
1050 614 1186 661 Petro
1218 619 1538 667 assentiuntur
1566 640 1647 671 seu
1675 635 1787 672 sunt
1813 643 1920 674 cum
1956 634 1959 636 ’
2022 613 2028 650 3

229 684 383 743 Petro,
404 683 453 729 in
465 701 516 731 ea
537 694 688 749 parte,
708 687 757 732 in
776 704 865 750 qua
886 698 955 735 est
972 690 1136 737 Petrus
1155 709 1235 740 seu
1256 711 1373 741 rom.
1391 698 1625 759 Pontifex,
1646 701 1713 748 ibi
1725 703 1924 750 Ecclesia

229 766 326 820 est3
356 758 523 825 reliqui
556 770 713 808 autem
748 763 990 828 Episcopi,
1029 767 1317 834 quicumque
1358 771 1550 820 demum
1585 776 1703 837 sint,
1741 795 1926 844 semper

229 844 369 883 erunt
388 835 625 901 acephali,
649 855 736 884 nec
762 856 972 903 unquam
992 841 1243 890 Ecclesiam
1269 849 1552 896 constituent
1568 887 1580 910 ,
1603 853 1857 916 praesertim
1885 858 1925 902 si

228 913 365 958 Petro
396 922 676 976 repugnent?
708 914 829 960 Sane
859 915 1072 963 videmus
1096 919 1297 967 Concilia
1324 927 1608 976 oecumenica
1626 965 1638 988 a
1673 929 1723 976 in
1754 929 1922 994 quibus

227 987 419 1050 exiguus
449 988 588 1034 etiam
619 989 707 1034 fuit
730 989 1065 1055 Episcoporum
1093 1010 1342 1057 numeruS.‚
1372 1010 1424 1047 ut
1452 1004 1501 1048 in
1530 1006 1927 1072 Constantinopo—

225 1063 372 1110 litano
393 1063 472 1110 Iet
488 1063 627 1126 11(1)‚
646 1081 703 1111 ex
723 1081 914 1112 assensu
933 1076 980 1113 et
998 1069 1354 1120 confirmatione
1370 1092 1490 1124 rom.
1510 1080 1746 1130 Pontificis
1768 1084 1926 1131 statim

227 1139 327 1186 vim
350 1138 585 1204 obligandi
607 1139 849 1202 habuisse,
874 1142 1003 1189 nullo
1031 1155 1274 1209 expectato
1303 1149 1509 1199 Ecclesiae
1529 1171 1751 1205 consensu
1780 1168 1826 1206 et
1847 1177 1924 1206 ae-

230 1215 491 1281 ceptatione
507 1215 595 1278 (2),
614 1233 667 1263 ac
687 1216 885 1281 proinde
905 1218 1064 1267 tulisse
1078 1223 1224 1285 finale
1244 1233 1292 1271 et
1311 1227 1648 1292 irrefraqahile
1670 1233 1925 1283 decretum.

293 1291 405 1339 701.
443 1290 531 1339 Ad.
561 1291 645 1351 3¹1¹,
668 1294 792 1339 Dist.
814 1295 870 1340 Et
889 1297 1121 1362 praecipue
1142 1316 1332 1347 assensu
1354 1320 1474 1350 rom.
1499 1306 1756 1369 pontificis,
1779 1327 1927 1366 eonc.,·

228 1365 402 1431 absque
434 1368 571 1429 hujus
604 1385 819 1428 assensu,
850 1371 944 1418 imo
973 1389 1027 1419 eo
1056 1375 1351 1439 refragante,
1383 1398 1484 1444 ⁹165]-
1515 1382 1708 1431 Nullum
1741 1402 1796 1433 ex
1827 1396 1924 1435 tota

227 1443 505 1507 antiquitate
540 1445 814 1510 exemplum
838 1447 993 1495 afferri
1012 1459 1167 1514 potest
1183 1489 1195 1512 7
1220 1470 1313 1517 quo
1341 1456 1571 1520 probetur
1593 1496 1605 1519 a
1644 1459 1720 1507 vel
1752 1461 1924 1528 absque

227 1536 417 1566 assensu
444 1537 561 1566 rom.
581 1521 840 1578 pontificis,
859 1524 1006 1572 multo
1027 1543 1138 1574 vero
1157 1531 1312 1577 minus
1336 1532 1439 1597 ipso
1464 1546 1756 1599 repugnante
1772 1574 1785 1597 ,
1818 1557 1925 1588 sen-

226 1595 423 1642 tentiam
454 1595 643 1658 alicujus
665 1598 759 1647 sive
790 1599 981 1648 Concilii
1019 1602 1115 1651 sive
1146 1604 1444 1656 individualis
1468 1611 1681 1677 Episcopi
1712 1614 1779 1660 uti
1806 1616 1924 1662 fina-

226 1671 320 1719 lem
353 1681 401 1720 et
425 1672 791 1737 irrefragabilem
816 1686 1072 1742 spectatam
1093 1681 1247 1730 fuisse.
1281 1685 1454 1733 Contra
1486 1697 1639 1735 autem
1663 1689 1797 1754 plura
1820 1709 1925 1756 sup-

224 1758 397 1814 petunt
444 1750 658 1814 exempla
713 1752 764 1798 in
818 1752 1011 1802 historia
1061 1758 1366 1809 ecclesiastica
1418 1764 1732 1812 Conciliorum
1781 1768 1921 1814 etiam

224 1825 607 1891 provincialium,
635 1828 942 1877 nationalium
962 1848 1013 1878 ac
1034 1832 1353 1896 plenariorum
1368 1875 1380 1897 a
1403 1857 1503 1903 quae
1528 1840 1709 1888 nullam
1731 1860 1921 1906 prorsus
2019 1883 2028 1910 .‹·

224 1901 322 1949 vim
349 1900 618 1949 habuerunt
634 1939 647 1962 7
683 1921 737 1951 eo
765 1905 891 1968 quod
917 1907 1090 1956 fuerint
1116 1911 1323 1973 ipsorum
1349 1913 1531 1962 decreta
1555 1934 1581 1963 a
1603 1935 1725 1964 rom.
1756 1919 1922 1966 Ponti·
1988 1980 1990 1983 ι

224 1975 386 2024 ficibus
417 1977 667 2043 reprobata
692 1979 784 2042 (3).

289 2053 403 2101 702.
442 2053 510 2100 Ad
540 2054 624 2115 4¹¹¹,
649 2056 949 2106 Admittimus
966 2068 1119 2108 totum
1137 2075 1468 2127 argumentum
1496 2067 1776 2128 adversarii,
1811 2087 1915 2118 cum
2009 2120 2017 2136 x

225 2264 274 2302 ris
292 2276 378 2301 cnm
401 2264 569 2303 doc-trina
590 2266 768 2318 catholica
793 2266 838 2304 ab
863 2268 1038 2307 omnibus

224 2330 382 2368 admissa
398 2360 409 2378 ‚
438 2338 480 2368 ut
504 2330 637 2369 deinde
663 2332 830 2370 tenebras
851 2333 1034 2373 offundat.

1102 2272 1429 2313 animadvertimus
1451 2305 1462 2323 ‚
1508 2278 1672 2314 excusari
1719 2285 1918 2328 potuerunt

1102 2336 1275 2375 Ecclesiae
1311 2339 1381 2377 illae
1418 2340 1662 2379 occidentales
1685 2372 1695 2390 9
1742 2343 1831 2381 dum
1868 2345 1915 2383 ad

223 2393 312 2433 Haec
334 2403 388 2433 est
407 2404 578 2448 perpetua
599 2397 676 2436 fere
701 2397 870 2436 Palmerii
887 2413 943 2437 ars
960 2430 971 2447 ‚
996 2407 1038 2437 ut

224 2461 303 2512 ejus
323 2474 413 2512 opus
434 2462 560 2501 sedulo
583 2463 825 2515 perpendenti
844 2465 998 2515 patebit.

279 2524 332 2575 (l)
360 2525 509 2565 Etenim
526 2528 567 2564 in
590 2527 710 2567 Cone.
725 2527 1038 2583 Constantinopo-

224 2591 338 2631 litano
361 2591 400 2640 1,
423 2592 479 2630 nti
495 2602 626 2633 notum
650 2604 703 2634 est
718 2625 730 2644 ‚
751 2609 829 2633 non
851 2597 1035 2636 interfue-

223 2663 312 2694 runt
333 2659 405 2695 nisi
432 2656 505 2696 150
534 2659 704 2712 Episcopi
722 2674 733 2711 3
761 2662 801 2698 in
823 2661 860 2698 ΙΙ
883 2671 1005 2703 autem
1022 2692 1034 2711 ‚

227 2727 302 2760 seu*
328 2723 487 2773 generali
520 2723 554 2760 V
570 2754 580 2772 ‚
619 2726 791 2765 sederunt
829 2725 918 2766 166.
956 2728 1036 2767 Cfr.

225 2786 409 2829 Harduin.
424 2790 528 2831 Acta
541 2789 655 2829 Cone.
672 2801 763 2832 tom.
774 2803 816 2830 111
829 2822 840 2840 ‚
857 2793 929 2833 col.
945 2807 1037 2848 207.

280 2852 337 2903 (2)
367 2851 504 2893 Saltem
528 2869 612 2894 cum
633 2857 804 2896 Ecclesiis
827 2867 923 2897 certo
947 2873 1037 2898 con-

226 2919 355 2957 stiterit
374 2919 421 2958 de
441 2934 608 2972 expressa
628 2937 675 2961 ac-
694 2923 810 2962 libera
839 2926 1038 2964 confirma-

229 2986 329 3024 tione
368 2984 523 3034 Concilii
540 3017 550 3034 ‚
591 2980 665 3040 quo
703 3003 811 3029 sensu
829 3020 840 3039 ,
879 3000 920 3030 ut
951 2991 1039 3030 alias

1100 2410 1243 2454 tempus
1263 2405 1464 2443 noluerunt
1481 2409 1641 2458 recipere
1651 2409 1860 2448 Concilium
1870 2404 1932 2459 V,'
1992 2399 2023 2415 ’ἵ

1101 2472 1186 2522 quia
1199 2483 1323 2508 rumor
1331 2472 1376 2509 ad
1390 2474 1484 2524 ipsas
1499 2473 1694 2524 detulerat,
1709 2490 1804 2517 rom.
1819 2477 1915 2516 Pon-

1100 2535 1239 2574 tificem
1268 2535 1443 2589 Vigilium
1469 2538 1522 2577 illi
1549 2543 1735 2580 restitisse.

1158 2602 1209 2652 (3)
1241 2601 1290 2640 Ut
1325 2612 1468 2642 constat
1495 2604 1541 2643 de
1572 2605 1687 2647 Cone.
1717 2606 1909 2657 Carthagi-

1101 2668 1222 2706 niensi
1240 2668 1425 2708 celebrato
1446 2684 1468 2708 a
1485 2669 1523 2707 S.
1541 2670 1723 2724 Cypriane
1743 2671 1784 2710 in
1802 2684 1911 2709 causa

1101 2732 1313 2785 rebaptismi
1331 2764 1342 2782 ‚
1368 2748 1410 2773 ae
1428 2735 1475 2773 de
1497 2737 1700 2776 innumeris
1718 2749 1811 2787 pene
1832 2737 1913 2776 aliis

1101 2794 1275 2837 Conciliis
1309 2799 1424 2839 secul.
1455 2812 1493 2839 lv
1518 2809 1554 2840 et
1581 2816 1604 2839 v
1633 2803 1671 2839 in
1697 2799 1912 2842 Orienteret

1064 2901 1069 2905 ,
1101 2861 1304 2902 Occidente
1323 2865 1533 2912 celebratis,
1560 2879 1717 2918 quorum
1742 2869 1910 2906 omnium
1974 2862 1987 2882 ²

1104 2936 1183 2966 acta
1215 2930 1321 2968 irrita
1352 2930 1528 2978 fuerunt,
1551 2932 1639 2983 quia
1665 2928 1912 2976 illisvobstite'-
1980 2934 1984 2938 ⁴
2012 2930 2015 2935 ’

1105 3001 1188 3031 rant
1206 3008 1284 3032 rom
1292 3023 1301 3034 .
1326 2994 1533 3034 Pontifices.
