2028 3354
229 177 324 226 326
710 196 867 227 rnAcr.
907 199 961 227 mi
998 200 1115 230 LOCIS
1150 202 1451 232 rnnoroemis.

230 309 326 356 haec
352 308 533 374 privata
571 307 779 372 ipsorum
807 311 1041 357 sententia
1078 330 1175 359 non
1211 316 1465 379 opponitur
1494 316 1716 400 primatui
1739 316 1933 377 jurisdi-

232 385 396 432 ctionis
432 382 656 431 divinitus
692 383 861 431 collato
884 385 967 432 soli
996 388 1162 434 Petro·
1151 406 1165 448 3
1187 390 1312 453 quod
1336 390 1507 438 nobis
1495 409 1544 437 m
1566 392 1816 456 praesentia
1836 392 1931 439 suf-

229 461 338 508 ficit.
374 462 576 507 Istorum
605 469 764 508 autem
797 463 1081 509 sententiam
1117 464 1255 528 paulo
1284 476 1388 530 post
1418 468 1736 532 expendemus
1765 468 1850 532 (l).

293 535 407 583 483.
449 536 521 583 Ad
540 535 637 597 3¹¹¹,
668 538 794 584 Dist.
823 538 914 585 Sed
937 540 1176 587 immerito
1206 540 1306 588 haec
1329 543 1557 608 Dupinius
1580 544 1932 604 animadvertit

229 630 356 660 conc.
371 632 387 665 ;
417 616 524 675 Jure
572 613 740 660 merito
759 649 772 672 a
817 632 920 679 neq.
955 615 1199 673 Quomodo
1246 617 1375 664 enim
1408 619 1732 683 Apostolorum
1776 621 1933 667 missio

225 698 536 754 componatur
561 706 667 737 cum
689 690 814 736 Petri
842 691 1051 756 primatu
1070 729 1082 751 7
1105 694 1319 758 superius
1346 693 1565 742 diximus.

294 764 407 811 484.
449 764 518 812 Ad
544 765 639 824 ΛΜ,
671 768 799 813 Dist.
836 767 915 813 Est
935 768 1109 815 incerta
1136 769 1379 833 peculiaris
1412 771 1736 834 interpretatio
1761 809 1773 832 ‚
1805 772 1934 837 quod

229 844 422 890 nomine
459 861 701 907 agnorum
742 844 1063 907 significentur
1104 845 1263 893 fideles
1289 883 1302 906 a
1349 848 1542 894 nomine
1577 857 1734 895 autem
1770 854 1934 896 ovium

226 920 546 983 significentur
569 929 780 985 pastores
798 955 811 973 ,
834 929 1010 974 trans.;
1030 922 1205 969 incerta
1230 931 1300 969 est
1320 924 1664 988 interpretatio.¹
1691 942 1780 989 qua
1803 941 1933 972 com-

230 995 417 1061 plexive
429 1012 659 1058 agnorum
674 1004 722 1042 ct
741 996 901 1043 ovium
915 996 1105 1044 vocibus
1118 998 1401 1061 significetur
1414 1001 1659 1047 universus
1675 999 1934 1047 dominicus

228 1090 369 1138 grex⁷
412 1090 515 1137 neq.
563 1075 665 1119 Duo
695 1072 791 1120 haec
816 1073 941 1120 inter
977 1090 1025 1120 se
1064 1075 1334 1139 permisceri
1366 1086 1632 1140 nequeunt3
1662 1094 1774 1123 nam
1808 1077 1940 1143 prior

230 1150 558 1215 interpretatio
582 1149 922 1196 nonnullorum
948 1159 1018 1197 est
1040 1187 1052 1210 7
1089 1160 1231 1216 atque
1260 1151 1419 1198 innixa
1457 1152 1677 1215 analogiae
1709 1170 1939 1216 agnorum

229 1235 278 1273 et
298 1226 459 1274 ovium
493 1225 600 1288 (2);
624 1227 854 1290 posterior
873 1226 1133 1273 communis
1156 1227 1367 1273 omnium
1396 1229 1588 1274 Patrum
1618 1237 1686 1275 est
1702 1265 1715 1287 .,
1741 1246 1793 1276 ac
1809 1230 1939 1294 prio-

232 1319 333 1349 rem
362 1301 559 1348 includit
579 1301 670 1364 (3).
695 1301 897 1348 Includit
922 1303 1097 1366 pariter
1115 1303 1555 1368 interpretationem
1577 1304 1936 1369 Theophylacti.,

235 1379 315 1443 qui
340 1387 533 1425 eatenus
550 1377 744 1443 exponit
766 1394 930 1426 vocem
955 1396 1182 1442 agnorum
1209 1379 1268 1426 de
1295 1381 1673 1443 simplicioribus
1695 1380 1938 1441 fidelibus7

236 1455 397 1504 ovium
434 1471 547 1502 vero
586 1453 644 1501 de
671 1456 1068 1517 perfectioribus,
1106 1463 1365 1520 quatenus,
1389 1465 1444 1502 ut
1476 1456 1591 1503 ibid.
1619 1457 1716 1522 ipse
1749 1458 1909 1505 scribit
1930 1494 1943 1518 7

235 1531 447 1578 Christus
489 1533 729 1577 commisit
763 1535 901 1579 Petro
944 1532 1163 1594 fidelium
1195 1535 1415 1579 omnium
1455 1535 1803 1596 praefecturam
1834 1533 1905 1598 (4)
1931 1570 1944 1593 ,

238 1608 447 1657 universi
472 1617 629 1656 autem
662 1607 822 1657 fideles
851 1609 1201 1673 distinguuntur
1224 1610 1271 1656 in
1299 1610 1527 1675 perfectos
1554 1620 1600 1657 et
1630 1611 1942 1675 imperfectos.

236 1765 309 1803 cui.
323 1778 371 1802 xv
387 1772 421 1801 et
444 1777 526 1810 xvr,
553 1777 593 1801 n.
610 1761 654 1812 ὃς
679 1763 884 1815 Tournely‚
900 1765 972 1802 loc.
994 1766 1059 1802 cit.

238 1831 305 1869 ubi
334 1829 591 1876 contendunt,
627 1829 779 1867 Petrum
813 1831 849 1866 vi
884 1831 1063 1879 primatus

239 1898 464 1947 superiorem
507 1894 657 1946 quidem
696 1909 774 1933 esse
809 1908 926 1947 super
962 1895 1064 1933 alias

239 1962 438 2001 Ecclesiae
469 1960 727 2013 particulares
747 1989 758 2010 ‚
787 1964 943 1999 minime
978 1975 1062 2000 vero

239 2031 467 2081 superiorem
496 2026 693 2065 universali
711 2026 880 2064 Ecclesiae
905 2035 940 2064 et
961 2024 1061 2064 Con—

241 2097 326 2134 cilio
346 2095 509 2148 generali
527 2125 536 2142 ‚
559 2093 606 2131 ad
621 2101 782 2131 mentem
802 2092 946 2131 concilii
964 2091 1062 2131 Con—

242 2162 476 2208 stanfiensis,
499 2160 543 2198 de
573 2173 647 2211 quo
674 2168 815 2210 postea.

300 2227 351 2278 (1)
381 2226 435 2264 Ex
467 2226 524 2263 his
553 2225 758 2277 colligitur,
780 2223 989 2262 Palmerum
1021 2225 1062 2261 in

247 2306 381 2345 magna
420 2292 639 2331 confusione
668 2292 831 2337 versari,
853 2289 944 2327 dum
975 2303 1060 2340 per-

247 2360 377 2398 miscet
406 2358 496 2396 duas
525 2359 746 2410 quaestiones
768 2355 878 2407 plane
899 2357 993 2394 inter
1025 2368 1062 2393 se

245 2423 406 2463 diversas
421 2453 431 2469 ‚
448 2423 582 2475 dogma
604 2436 737 2474 nempe
750 2422 835 2460 fidei
857 2420 1060 2460 admissum

248 2488 295 2528 ab
319 2488 493 2527 omnibus
519 2488 721 2526 Catholicis
738 2488 783 2525 de
812 2488 970 2538 primatu
998 2489 1060 2540 ju·-

247 2555 472 2594 risdietionis
504 2554 611 2592 Petro
631 2568 651 2592 a
673 2553 819 2591 Christo
847 2553 1000 2601 collato,
1024 2561 1060 2593 et

245 2623 465 2661 sententiam
498 2620 787 2671 gallicanorum,
820 2633 926 2672 quae,
958 2620 1058 2658 salva

245 2687 321 2726 fide
338 2717 348 2734 ‚
365 2686 412 2725 ab
434 2688 521 2738 ipsis
535 2693 789 2737 propugnatur
807 2687 903 2723 circa
922 2685 1055 2724 limites

246 2753 426 2806 ejusmodi
452 2751 741 2805 jurisdictionis,
768 2759 892 2789 utrum
920 2766 1054 2803 nempe

244 2818 712 2858 auctoritatiConciliorum
726 2817 948 2868 generalium
962 2817 1048 2856 sub-

241 2887 386 2937 jiciatur
404 2893 466 2923 aut
486 2898 505 2923 e
519 2897 709 2922 converso.

300 2951 350 3003 (2)
379 2951 487 2989 Hanc
524 2949 797 2988 distinctionem
842 2949 958 2989 facile
977 2964 1057 2988 om-

244 3021 350 3058 nium
365 3019 505 3070 primus
520 3016 622 3057 dedit
649 3016 688 3055 S.
710 3016 927 3066 Eucherius,
941 3019 1053 3069 episc.

1130 1764 1416 1815 Lugdunensis,
1451 1767 1491 1802 in
1525 1760 1694 1803 sermone
1733 1764 1779 1803 de
1825 1763 1948 1803 Natali

1131 1829 1198 1868 SS.
1223 1829 1486 1882 Apostolorum
1518 1829 1616 1868 Petri
1642 1834 1678 1868 et
1703 1829 1835 1877 Pauli,
1861 1844 1944 1881 per-

1132 1909 1257 1948 peram
1275 1895 1464 1947 quondam
1488 1895 1648 1933 Eusebio
1669 1893 1864 1933 Emisseno
1883 1896 1947 1934 ad-

1131 1962 1295 2032 scripto,
1314 1962 1420 2013 cujus
1444 1962 1614 1999 omnium
1637 1974 1699 1999 ore
1725 1962 1808 1998 trita
1834 1960 1945 1999 verba

1131 2011 1230 2064 haee
1225 2035 1347 2065 sunt:
1382 2026 1505 2064 Prius
1532 2039 1674 2078 cynos,
1701 2025 1839 2063 deinde
1861 2038 1947 2064 oves

1131 2094 1322 2130 commisit
1356 2094 1417 2130 ei·
1408 2093 1535 2143 ‚quia
1568 2104 1647 2129 non
1673 2090 1795 2129 solum
1815 2097 1947 2143 pasto-

1129 2171 1208 2195 rem
1223 2186 1232 2204 ,
1257 2157 1323 2196 sed
1330 2164 1529 2210 pastorum
1537 2163 1731 2209 pastorem
1753 2170 1840 2194 eum
1854 2170 1949 2194 con-

1129 2225 1270 2262 stituit.
1310 2219 1443 2261 Pascit
1473 2223 1599 2274 ‘iqitur
1640 2218 1778 2260 Petrus
1804 2211 1946 2272 cynos,

1122 2289 1252 2342 pascit
1275 2296 1310 2327 et
1335 2303 1418 2328 oves
1435 2303 1445 2338 ;
1460 2289 1590 2342 pascit
1608 2287 1712 2341 filios
1728 2318 1739 2334 ,
1758 2289 1889 2341 pascit
1913 2293 1949 2325 et

1127 2363 1298 2405 matre-53
1324 2356 1420 2406 reqit
1443 2362 1478 2393 et
1500 2354 1670 2393 subditos
1693 2361 1728 2392 et
1749 2354 1944 2407 proelaton.

1131 2420 1322 2460 Omnium
1341 2424 1464 2474 iqitur
1472 2429 1608 2475 pastor
1623 2430 1677 2460 est
1691 2452 1700 2470 ‚
1728 2423 1823 2473 quia
1841 2433 1944 2475 proe-

1125 2493 1181 2525 ter
1204 2501 1321 2539 aqnos
1358 2495 1394 2526 et
1435 2502 1520 2526 oves
1547 2489 1592 2526 in
1630 2487 1809 2527 Ecclesia
1833 2482 1947 2524 ‘nihil

1125 2560 1192 2592 est.
1218 2553 1328 2593 Hunc
1356 2555 1529 2607 deinceps
1549 2554 1611 2594 alii
1641 2556 1754 2593 secuti
1786 2559 1885 2591 sunt,

1179 2618 1229 2669 (3)
1245 2618 1325 2658 cfr.
1339 2619 1557 2659 Ballerinius
1571 2648 1582 2665 ‚
1598 2632 1659 2671 op.
1674 2620 1752 2664 cit„
1765 2630 1842 2668 cap.
1866 2628 1912 2653 12
1929 2645 1940 2664 ‚

1122 2684 1143 2738 §
1177 2685 1228 2735 3,
1264 2687 1355 2725 item
1397 2685 1452 2725 De
1483 2684 1718 2724 simeonibus
1739 2712 1750 2730 ‚
1784 2696 1845 2734 op.
1875 2683 1941 2721 cit.

1121 2765 1205 2805 cap.
1240 2751 1280 2791 3.

1175 2816 1475 2871 (4),Ἐνεχει’ρησ·ε
1511 2814 1574 2861 μὲν
1615 2817 1668 2866 τᾷ
1703 2810 1823 2865 Πέτρῳ
1878 2809 1940 2856 τὼ

1118 2881 1254 2932 ποίη-ων
1295 2889 1359 2924 τῶν
1399 2886 1530 2922 πιστῶν
1570 2876 1810 2933 προσ-ταινίαν,
1851 2892 1938 2931 opp.

1122 2949 1209 2987 edit.
1231 2949 1362 2989 Venet.
1393 2944 1492 2999 1754
1507 2978 1519 2995 ‚
1533 2954 1626 2985 tom.
1641 2959 1668 2991 ι,
1682 2959 1721 2997 p.
1737 2958 1830 2999 77¹·
