2028 3354
271 202 365 250 132
735 217 885 248 TnAc'r.
922 220 976 249 DE
1011 220 1130 252 toms
1164 223 1462 255 muciosmls.

267 331 485 379 doctrinae
507 345 590 394 per
612 331 943 378 successionem
964 350 1293 396 personarum,
1316 353 1463 391 conc.;
1479 325 1528 383 in
1547 336 1642 384 sola
1665 339 1945 388 successione

266 408 489 454 doctrinae
507 440 519 462 7
549 421 654 467 παρ.
686 405 782 452 Hoc
806 407 906 470 ipso
935 407 1060 454 enim
1080 444 1092 466 7
1112 408 1236 472 quod
1251 415 1384 472 juxta
1414 412 1699 459 adversarios
1727 414 1946 477 apostoli-

264 483 375 529 citas
413 481 623 527 consistit
659 482 707 527 in
746 482 1312 545 successione'doctrinae7
1346 490 1429 535 vseu
1468 489 1621 553 potius
1651 489 1699 534 in
1725 488 1945 536 doctrinae

260 556 507 605 identitate
523 592 536 616 7
558 558 807 604 consistere
827 560 1039 606 eamdem
1062 568 1243 606 constat
1260 561 1312 607 in
1327 564 1606 610 successione
1623 582 1944 629 personarum.

266 632 467 696 Intelligi
485 633 658 698 quippe
677 634 855 697 nequit,
877 634 1110 699 quomodo
1129 635 1293 682 eadem
1306 641 1546 702 propagari
1557 640 1699 703 possit
1714 640 1944 698 doctrina,

257 710 372 774 quin
396 708 559 756 eodem
588 718 800 774 tempore
823 710 909 756 sibi
942 711 1143 758 invicem
1174 711 1453 771 succedant,
1491 714 1571 777 qui
1605 715 1816 762 eamdem
1851 714 1945 762 do-

256 786 456 833 ctrinam
475 795 762 850 propagent,
788 803 898 832 nam
922 787 1066 834 Fides
1090 803 1145 833 ew
1166 789 1398 835 auditu...
1421 790 1643 851 quomodo
1662 799 1821 838 autem
1850 809 1944 838 au-

256 863 390 909 dient
403 866 505 908 sine
515 863 818 924 proedicante
835 862 941 925 (l)?
968 864 1113 910 Unica
1138 863 1276 925 igitur
1296 872 1343 909 et
1361 880 1466 910 vera
1484 864 1602 911 ratio
1622 866 1940 928 cognoscendi,

250 946 414 985 *utrum
444 936 609 985 eadem
640 938 788 1000 vigeat
820 937 1032 985 doctrina
1059 974 1072 995 7
1106 955 1211 1003 quae
1248 938 1393 985 semel
1423 939 1481 985 ab
1511 939 1742 1004 Apostolis
1771 941 1942 988 tradita

253 1024 324 1062 est
344 1051 356 1074 7
384 1015 605 1061 successio
626 1023 695 1060 est
713 1031 873 1061 eorum
895 1051 907 1074 7
929 1015 1009 1079 qui
1038 1014 1137 1062 sine
1165 1015 1507 1079 interruptione
1536 1016 1594 1062 ab
1627 1016 1855 1082 Apostolis
1883 1016 1944 1064 ad

250 1108 337 1138 nos
358 1108 509 1156 usque
536 1099 869 1156 perseverant,
907 1107 1013 1137 cum
1042 1107 1152 1138 vero
1184 1090 1409 1152 eiusmodi
1435 1093 1658 1138 successio
1683 1092 1872 1138 nonnisi
1893 1093 1944 1139 in

250 1185 362 1216 vera
392 1167 562 1215 Christi
591 1165 787 1214 Ecclesia
813 1167 1097 1231 reperiatur,
1129 1175 1260 1232 patet
1279 1166 1400 1213 hanc
1419 1175 1581 1213 notam
1606 1167 1723 1213 nulli
1754 1185 1942 1232 prorsus

253 1244 478 1303 societati,
503 1260 606 1307 quae
620 1242 790 1290 Christi
816 1260 912 1289 non
929 1243 1006 1303 sit,
1027 1242 1182 1291 favere
1203 1260 1353 1307 posse.

316 1320 431 1367 230.
473 1320 542 1367 Ad
565 1320 633 1364 2¹¹¹
656 1355 669 1376 7
694 1320 818 1365 Disc.
856 1318 991 1365 Nulla
1026 1327 1096 1366 est
1125 1328 1246 1365 secta
1266 1355 1278 1378 7
1308 1335 1409 1382 quae
1435 1336 1538 1367 eam
1566 1336 1614 1366 se
1642 1318 1813 1367 habere
1844 1337 1941 1366 non

239 1400 411 1458 jactet7
435 1411 564 1442 conc.
583 1414 598 1447 ;
626 1411 729 1459 quae
751 1411 859 1442 vere
885 1393 1072 1453 habeat,
1090 1395 1213 1458 quod
1232 1398 1377 1456 jactat
1394 1412 1443 1442 se
1466 1395 1667 1454 habere,
1695 1413 1799 1460 neq.
1820 1398 1940 1443 Nam

247 1490 355 1520 cum
379 1489 436 1520 ex
459 1470 599 1518 modo
619 1471 755 1518 dictis
775 1470 956 1518 ostendi
979 1480 1182 1535 nequeat
1201 1470 1377 1536 absque
1406 1489 1713 1536 personarum
1732 1472 1941 1537 legitima

247 1549 533 1597 successione
544 1549 762 1596 identitas
782 1549 1003 1595 doctrinae
1022 1565 1128 1595 cum
1146 1564 1218 1607 ea,
1239 1564 1381 1613 quam
1394 1547 1599 1613 Apostoli
1613 1548 1938 1613 praedicarunt,

245 1626 332 1673 hac
356 1643 468 1674 vero
495 1634 683 1673 careant
709 1634 844 1672 sectae
876 1641 1066 1689 prorsus
1092 1641 1255 1671 omnes
1290 1625 1387 1672 sive
1413 1623 1642 1672 haereticae
1669 1626 1763 1674 sive
1793 1624 1940 1671 schis-

246 1703 454 1761 maticae,
494 1706 600 1764 jure
637 1701 862 1760 infffertur
895 1717 1139 1765 nunquam
1168 1699 1270 1747 illas
1301 1701 1549 1749 ostendere
1582 1717 1716 1765 posse
1752 1718 1802 1748 se
1832 1718 1936 1749 eain

244 1778 481 1844 possidere
505 1777 794 1835 doctrinam,
827 1794 929 1841 quae
951 1775 1200 1841 apostolica
1225 1777 1301 1823 sit.

310 1854 424 1901 231.
465 1853 536 1901 Ad
555 1853 649 1913 311¹,
680 1855 805 1902 Dzsc.
828 1853 879 1898 ld
902 1862 989 1911 est,
1005 1852 1134 1899 nulla
1165 1862 1234 1899 est
1261 1862 1403 1913 secta7
1426 1871 1528 1918 quae
1548 1853 1635 1900 hoc
1663 1852 1804 1918 pallio
1823 1869 1935 1900 con-
1984 1856 1987 1857 ⁷
2024 1834 2028 1835 ⁷

242 1940 398 1996 tegere
425 1931 525 1976 nisa
548 1947 644 1976 non
669 1930 728 1975 sit
753 1929 994 1994 propriam
1024 1928 1396 1994 perduellionem
1424 1929 1646 1977 adversus
1673 1929 1935 1993 legitimum

244 2023 367 2055 verae
394 2005 600 2053 Ecclesiae
629 2006 972 2069 magisterium,
1001 2020 1167 2058 conc.,·
1197 2021 1300 2069 quae
1334 2006 1483 2070 reipsa
1516 2005 1567 2052 id
1599 2006 1784 2064 fecerit,
1825 2023 1927 2070 neq.

246 2081 421 2130 Eodem
444 2080 586 2147 pallio
617 2083 688 2127 usi
717 2091 828 2127 sunt
853 2081 1035 2145 antiqui
1074 2080 1255 2127 Docetae
1274 2117 1285 2139 7
1315 2081 1603 2128 Corinthiani
1639 2100 1692 2129 ac
1727 2082 1932 2128 Gnostici

247 2177 339 2226 quo
382 2175 513 2205 suam
542 2166 753 2222 tegerent
787 2156 1153 2222 perduellionem
1202 2156 1424 2204 adversus
1458 2157 1772 2219 magisterium
1805 2157 1930 2221 Apo—

246 2234 472 2283 stolorum
492 2271 504 2294 ,
548 2243 601 2280 ut
626 2232 798 2281 scilicet
838 2249 997 2279 eorum
1018 2232 1280 2279 doctrinam
1310 2240 1578 2282 revocarent
1606 2230 1666 2278 ad
1691 2232 1928 2297 puriorem

246 2311 421 2358 Christi
441 2310 702 2358 doctrinam
729 2327 975 2376 perperam
994 2308 1051 2356 ab
1072 2309 1298 2375 Apostolis
1323 2309 1516 2356 rudibus
1536 2308 1823 2356 intellectam
1841 2308 1925 2373 (2).

238 2388 360 2434 Cum
384 2397 608 2453 praeterea
632 2397 765 2434 sectae
788 2381 1140 2433 contradictoria
1161 2385 1385 2444 doceant,
1405 2385 1513 2434 licet
1533 2386 1591 2433 ad
1608 2403 1751 2433 unam
1765 2402 1927 2433 omnes

240 2463 406 2510 eodem
420 2472 656 2530 praetextu
677 2479 768 2509 usae
790 2462 983 2519 fuerint,
1008 2471 1280 2525 argumento
1306 2471 1376 2508 est
1393 2460 1705 2522 ineluctabili,
1733 2478 1808 2509 eas
1828 2478 1925 2509 non
1995 2473 2008 2524 v:-

178 2586 181 2590 ,
240 2555 478 2586 revocasse
505 2538 757 2589 Ecclesiam
786 2536 845 2583 ad
871 2537 1141 2601 primaevam
1165 2536 1488 2602 Apostolorum
1519 2538 1802 2596 doctrinam,
1844 2535 1926 2583 sed

294 2681 348 2732 (l)
375 2679 484 2719 Rom.
509 2673 558 2727 κ’,
590 2678 653 2729 14.
1117 2679 1691 2732 aununciasse-Evanqelium,
1729 2692 1767 2716 se
1795 2685 1924 2716 autem

290 2746 339 2797 (2)
369 2745 423 2784 Ita
446 2752 595 2784 testatur
619 2743 661 2783 S.
683 2744 845 2782 Irenaeus
861 2774 871 2791 7
891 2745 959 2785 lib.
978 2758 1032 2794 111,
1114 2746 1337 2783 sinceriores
1363 2753 1399 2783 et
1426 2745 1691 2797 prudentiores
1724 2743 1923 2795 Apostolis
1989 2732 2028 2803 (Ξ

240 2826 282 2851 ιι.
312 2823 359 2850 12
374 2839 392 2866 ,Α
418 2811 581 2849 scribens
616 2810 663 2848 de
690 2810 867 2849 haereticis
888 2822 900 2850 t
923 2810 1049 2850 Puta·
1114 2825 1206 2850 esse.
1222 2810 1403 2850 Eamdem
1428 2812 1653 2862 impietatem
1676 2822 1866 2849 renovasse
1877 2824 1922 2850 ex
1984 2809 2028 2853 ’ἶ

242 2883 377 2916 verunt
387 2874 698 2928 semett’peosplus
708 2876 915 2923 invenisse,
928 2888 1045 2928 quam
1113 2876 1395 2928 protestantibus
1407 2874 1670 2923 rationalistas,
1693 2875 1918 2914 ostendimus
1976 2888 2023 2906 ”

240 2941 421 2995 Apostoli
430 2970 491 2989 ‚...
510 2948 546 2979 et
560 2939 764 2993 Apostolos
782 2940 951 2992 quidem,
976 2940 1047 2980 od-
1113 2944 1152 2980 in
1167 2949 1272 2982 tract.
1298 2940 1363 2980 De
1375 2953 1466 2979 vero
1484 2938 1663 2991 reliqione
1672 2967 1687 2990 ,
1707 2955 1746 2993 p.
1762 2953 1806 2980 ιι.

235 3008 310 3047 huc
333 3021 417 3060 quoe
453 3012 544 3045 mm
562 3005 787 3045 Judoeorum
810 3007 1013 3045 sentientes
1028 3034 1041 3055 7

2024 949 2028 971 3

2022 1091 2028 1148 ἔ
