<?xml version="1.0" encoding="UTF-8"?>
<!DOCTYPE html PUBLIC "-//W3C//DTD XHTML 1.0 Transitional//EN"
    "http://www.w3.org/TR/xhtml1/DTD/xhtml1-transitional.dtd">
<html xmlns="http://www.w3.org/1999/xhtml" xml:lang="en" lang="en">
 <head>
  <title>
</title>
<meta http-equiv="Content-Type" content="text/html;charset=utf-8" />
  <meta name='ocr-system' content='tesseract 3.04.00' />
  <meta name='ocr-capabilities' content='ocr_page ocr_carea ocr_par ocr_line ocrx_word'/>
</head>
<body>
  <div class='ocr_page' id='page_1' title='image "./praelectionestheo08perruoft/praelectionestheo08perruoft_0364.png"; bbox 0 0 2028 3354; ppageno 0'>
   <div class='ocr_carea' id='block_1_1' title="bbox 240 179 2002 986">
    <p class='ocr_par' dir='ltr' id='par_1_1' title="bbox 246 179 1467 237">
     <span class='ocr_line' id='line_1_1' title="bbox 246 179 1467 237; baseline 0.008 -10"><span class='ocrx_word' id='word_1_1' title='bbox 246 179 341 227; x_wconf 82' lang='lat'>352</span> <span class='ocrx_word' id='word_1_2' title='bbox 736 198 890 229; x_wconf 70' lang='lat' dir='ltr'>raAcr.</span> <span class='ocrx_word' id='word_1_3' title='bbox 928 201 981 229; x_wconf 65' lang='lat' dir='ltr'>mi</span> <span class='ocrx_word' id='word_1_4' title='bbox 1017 202 1134 232; x_wconf 72' lang='lat' dir='ltr'>zocxs</span> <span class='ocrx_word' id='word_1_5' title='bbox 1169 204 1467 237; x_wconf 70' lang='lat' dir='ltr'>rnnotoalcffi.</span> 
     </span>
    </p>

    <p class='ocr_par' dir='ltr' id='par_1_2' title="bbox 244 310 1939 605">
     <span class='ocr_line' id='line_1_2' title="bbox 249 310 1935 383; baseline 0.005 -25"><span class='ocrx_word' id='word_1_6' title='bbox 249 310 463 369; x_wconf 67' lang='lat' dir='ltr'>Accedit,</span> <span class='ocrx_word' id='word_1_7' title='bbox 488 312 675 356; x_wconf 82' lang='lat' dir='ltr'>Petrum</span> <span class='ocrx_word' id='word_1_8' title='bbox 702 327 796 355; x_wconf 91' lang='lat' dir='ltr'>non</span> <span class='ocrx_word' id='word_1_9' title='bbox 822 311 1025 375; x_wconf 88' lang='lat' dir='ltr'>potuisse</span> <span class='ocrx_word' id='word_1_10' title='bbox 1043 312 1101 358; x_wconf 86' lang='lat' dir='ltr'>ab</span> <span class='ocrx_word' id='word_1_11' title='bbox 1122 315 1316 366; x_wconf 80' lang='lat' dir='ltr'>Ecclesia</span> <span class='ocrx_word' id='word_1_12' title='bbox 1333 319 1587 383; x_wconf 81' lang='lat' dir='ltr'>primatum</span> <span class='ocrx_word' id='word_1_13' title='bbox 1606 319 1935 380; x_wconf 74' lang='lat' dir='ltr'>=jurisdictionis</span> 
     </span>
     <span class='ocr_line' id='line_1_3' title="bbox 244 385 1934 456; baseline 0.006 -23"><span class='ocrx_word' id='word_1_14' title='bbox 244 388 453 450; x_wconf 74' lang='lat' dir='ltr'>accipere</span> <span class='ocrx_word' id='word_1_15' title='bbox 474 422 485 444; x_wconf 66' lang='grc'><em>,</em></span> <span class='ocrx_word' id='word_1_16' title='bbox 529 402 633 432; x_wconf 86' lang='lat' dir='ltr'>cum</span> <span class='ocrx_word' id='word_1_17' title='bbox 672 385 886 433; x_wconf 86' lang='lat' dir='ltr'>nondum</span> <span class='ocrx_word' id='word_1_18' title='bbox 923 388 1166 449; x_wconf 79' lang='lat' dir='ltr'>existeret,</span> <span class='ocrx_word' id='word_1_19' title='bbox 1204 391 1285 438; x_wconf 91' lang='lat' dir='ltr'>sed</span> <span class='ocrx_word' id='word_1_20' title='bbox 1307 394 1456 441; x_wconf 83' lang='lat' dir='ltr'>adhuc</span> <span class='ocrx_word' id='word_1_21' title='bbox 1480 404 1598 441; x_wconf 88' lang='lat' dir='ltr'>esset</span> <span class='ocrx_word' id='word_1_22' title='bbox 1637 395 1934 456; x_wconf 77' lang='lat' dir='ltr'>aedificanda3</span> 
     </span>
     <span class='ocr_line' id='line_1_4' title="bbox 249 462 1939 530; baseline 0.006 -21"><span class='ocrx_word' id='word_1_23' title='bbox 249 463 424 509; x_wconf 87' lang='lat' dir='ltr'>etenim</span> <span class='ocrx_word' id='word_1_24' title='bbox 453 462 600 508; x_wconf 88' lang='lat' dir='ltr'>solum</span> <span class='ocrx_word' id='word_1_25' title='bbox 632 472 737 527; x_wconf 85' lang='lat' dir='ltr'>post</span> <span class='ocrx_word' id='word_1_26' title='bbox 766 463 936 510; x_wconf 77' lang='lat' dir='ltr'>Christi</span> <span class='ocrx_word' id='word_1_27' title='bbox 955 464 1005 509; x_wconf 88' lang='lat' dir='ltr'>in</span> <span class='ocrx_word' id='word_1_28' title='bbox 1024 464 1162 511; x_wconf 88' lang='lat' dir='ltr'>coelos</span> <span class='ocrx_word' id='word_1_29' title='bbox 1187 483 1426 517; x_wconf 86' lang='lat' dir='ltr'>ascensum</span> <span class='ocrx_word' id='word_1_30' title='bbox 1444 507 1456 530; x_wconf 75' lang='lat'>,</span> <span class='ocrx_word' id='word_1_31' title='bbox 1495 472 1562 517; x_wconf 88' lang='lat' dir='ltr'>uti</span> <span class='ocrx_word' id='word_1_32' title='bbox 1597 471 1706 518; x_wconf 79' lang='lat' dir='ltr'>alias</span> <span class='ocrx_word' id='word_1_33' title='bbox 1722 472 1939 519; x_wconf 80' lang='lat' dir='ltr'>animad-</span> 
     </span>
     <span class='ocr_line' id='line_1_5' title="bbox 248 539 1273 605; baseline 0.002 -19"><span class='ocrx_word' id='word_1_34' title='bbox 248 539 474 586; x_wconf 84' lang='lat' dir='ltr'>vertimus</span> <span class='ocrx_word' id='word_1_35' title='bbox 494 576 505 598; x_wconf 44' lang='grc' dir='ltr'><strong><em>Ἰ</em></strong></span> <span class='ocrx_word' id='word_1_36' title='bbox 532 540 719 604; x_wconf 81' lang='lat' dir='ltr'>proprie</span> <span class='ocrx_word' id='word_1_37' title='bbox 751 539 950 586; x_wconf 87' lang='lat' dir='ltr'>Ecclesia</span> <span class='ocrx_word' id='word_1_38' title='bbox 988 557 1085 587; x_wconf 91' lang='lat' dir='ltr'>esse</span> <span class='ocrx_word' id='word_1_39' title='bbox 1114 542 1273 605; x_wconf 86' lang='lat' dir='ltr'>coepit.</span> 
     </span>
    </p>

    <p class='ocr_par' dir='ltr' id='par_1_3' title="bbox 240 614 2002 986">
     <span class='ocr_line' id='line_1_6' title="bbox 312 614 2002 682; baseline 0.005 -21"><span class='ocrx_word' id='word_1_40' title='bbox 312 614 424 661; x_wconf 82' lang='lat'>519.</span> <span class='ocrx_word' id='word_1_41' title='bbox 466 618 564 662; x_wconf 88' lang='lat' dir='ltr'>Imo</span> <span class='ocrx_word' id='word_1_42' title='bbox 578 625 624 662; x_wconf 90' lang='lat' dir='ltr'>et</span> <span class='ocrx_word' id='word_1_43' title='bbox 643 615 759 662; x_wconf 85' lang='lat' dir='ltr'>illud</span> <span class='ocrx_word' id='word_1_44' title='bbox 778 615 1127 664; x_wconf 82' lang='lat' dir='ltr'>observandum</span> <span class='ocrx_word' id='word_1_45' title='bbox 1138 626 1209 663; x_wconf 86' lang='lat' dir='ltr'>est</span> <span class='ocrx_word' id='word_1_46' title='bbox 1224 653 1236 674; x_wconf 69' lang='grc'>,</span> <span class='ocrx_word' id='word_1_47' title='bbox 1254 620 1607 669; x_wconf 80' lang='lat' dir='ltr'>tantumabesse</span> <span class='ocrx_word' id='word_1_48' title='bbox 1630 657 1644 682; x_wconf 63' lang='lat' dir='ltr'>a</span> <span class='ocrx_word' id='word_1_49' title='bbox 1665 631 1717 669; x_wconf 87' lang='lat' dir='ltr'>ut</span> <span class='ocrx_word' id='word_1_50' title='bbox 1732 623 1940 670; x_wconf 88' lang='lat' dir='ltr'>Christus</span> <span class='ocrx_word' id='word_1_51' title='bbox 2000 660 2002 662; x_wconf 77' lang='lat'><em>-</em></span> 
     </span>
     <span class='ocr_line' id='line_1_7' title="bbox 247 691 1941 763; baseline 0.005 -26"><span class='ocrx_word' id='word_1_52' title='bbox 247 691 502 756; x_wconf 82' lang='lat' dir='ltr'>primatum</span> <span class='ocrx_word' id='word_1_53' title='bbox 530 694 664 739; x_wconf 87' lang='lat' dir='ltr'>Petro</span> <span class='ocrx_word' id='word_1_54' title='bbox 697 692 949 739; x_wconf 85' lang='lat' dir='ltr'>contulerit</span> <span class='ocrx_word' id='word_1_55' title='bbox 978 692 1217 741; x_wconf 80' lang='lat' dir='ltr'>mediante</span> <span class='ocrx_word' id='word_1_56' title='bbox 1254 695 1471 755; x_wconf 72' lang='lat' dir='ltr'>Ecclesia,</span> <span class='ocrx_word' id='word_1_57' title='bbox 1496 714 1546 743; x_wconf 83' lang='lat' dir='ltr'>ac</span> <span class='ocrx_word' id='word_1_58' title='bbox 1577 708 1824 763; x_wconf 87' lang='lat' dir='ltr'>propterea</span> <span class='ocrx_word' id='word_1_59' title='bbox 1854 702 1941 746; x_wconf 77' lang='lat' dir='ltr'>Pe·</span> 
     </span>
     <span class='ocr_line' id='line_1_8' title="bbox 247 767 1940 831; baseline 0.004 -17"><span class='ocrx_word' id='word_1_60' title='bbox 247 776 346 814; x_wconf 86' lang='lat' dir='ltr'>trus</span> <span class='ocrx_word' id='word_1_61' title='bbox 384 767 442 815; x_wconf 83' lang='lat' dir='ltr'>ab</span> <span class='ocrx_word' id='word_1_62' title='bbox 463 768 658 815; x_wconf 85' lang='lat' dir='ltr'>Ecclesia</span> <span class='ocrx_word' id='word_1_63' title='bbox 682 767 951 815; x_wconf 79' lang='lat' dir='ltr'>immediate</span> <span class='ocrx_word' id='word_1_64' title='bbox 966 768 1342 831; x_wconf 87' lang='lat' dir='ltr'>jurisdictionem</span> <span class='ocrx_word' id='word_1_65' title='bbox 1360 781 1628 819; x_wconf 89' lang='lat' dir='ltr'>consecutus</span> <span class='ocrx_word' id='word_1_66' title='bbox 1650 775 1708 820; x_wconf 87' lang='lat' dir='ltr'>sit</span> <span class='ocrx_word' id='word_1_67' title='bbox 1742 774 1940 822; x_wconf 82' lang='lat' dir='ltr'>aliamve</span> 
     </span>
     <span class='ocr_line' id='line_1_9' title="bbox 245 845 1941 909; baseline 0.004 -19"><span class='ocrx_word' id='word_1_68' title='bbox 245 847 629 909; x_wconf 73' lang='lat' dir='ltr'>praerogativam,</span> <span class='ocrx_word' id='word_1_69' title='bbox 659 854 711 890; x_wconf 92' lang='lat' dir='ltr'>ut</span> <span class='ocrx_word' id='word_1_70' title='bbox 736 845 891 909; x_wconf 89' lang='lat' dir='ltr'>potius</span> <span class='ocrx_word' id='word_1_71' title='bbox 916 862 941 891; x_wconf 94' lang='lat' dir='ltr'>e</span> <span class='ocrx_word' id='word_1_72' title='bbox 959 862 1185 893; x_wconf 85' lang='lat' dir='ltr'>converso</span> <span class='ocrx_word' id='word_1_73' title='bbox 1219 845 1428 893; x_wconf 85' lang='lat' dir='ltr'>Christus</span> <span class='ocrx_word' id='word_1_74' title='bbox 1455 850 1667 895; x_wconf 85' lang='lat' dir='ltr'>statuerit</span> <span class='ocrx_word' id='word_1_75' title='bbox 1692 850 1941 898; x_wconf 82' lang='lat' dir='ltr'>Ecclesiam</span> 
     </span>
     <span class='ocr_line' id='line_1_10' title="bbox 240 920 1940 986; baseline 0.005 -19"><span class='ocrx_word' id='word_1_76' title='bbox 240 920 464 968; x_wconf 85' lang='lat' dir='ltr'>omnibus</span> <span class='ocrx_word' id='word_1_77' title='bbox 479 922 570 968; x_wconf 90' lang='lat' dir='ltr'>suis</span> <span class='ocrx_word' id='word_1_78' title='bbox 591 921 765 984; x_wconf 80' lang='lat' dir='ltr'>fulgere</span> <span class='ocrx_word' id='word_1_79' title='bbox 789 920 975 968; x_wconf 87' lang='lat' dir='ltr'>dotibus</span> <span class='ocrx_word' id='word_1_80' title='bbox 1000 939 1051 968; x_wconf 86' lang='lat' dir='ltr'>ac</span> <span class='ocrx_word' id='word_1_81' title='bbox 1067 923 1385 986; x_wconf 77' lang='lat' dir='ltr'>praerogativis</span> <span class='ocrx_word' id='word_1_82' title='bbox 1410 924 1646 972; x_wconf 81' lang='lat' dir='ltr'>mediante</span> <span class='ocrx_word' id='word_1_83' title='bbox 1676 928 1811 973; x_wconf 91' lang='lat' dir='ltr'>Petro</span> <span class='ocrx_word' id='word_1_84' title='bbox 1827 963 1839 985; x_wconf 89' lang='lat'>‚</span> <span class='ocrx_word' id='word_1_85' title='bbox 1859 945 1940 975; x_wconf 92' lang='lat' dir='ltr'>seu</span> 
     </span>
    </p>
   </div>
   <div class='ocr_carea' id='block_1_2' title="bbox 240 1149 1064 3042">
    <p class='ocr_par' dir='ltr' id='par_1_4' title="bbox 240 1149 1064 3042">
     <span class='ocr_line' id='line_1_11' title="bbox 243 1149 1060 1203; baseline 0.001 -15"><span class='ocrx_word' id='word_1_86' title='bbox 243 1150 344 1189; x_wconf 82' lang='lat' dir='ltr'>Edit.</span> <span class='ocrx_word' id='word_1_87' title='bbox 372 1149 494 1202; x_wconf 77' lang='lat' dir='ltr'>Rigal.</span> <span class='ocrx_word' id='word_1_88' title='bbox 520 1165 601 1202; x_wconf 81' lang='lat' dir='ltr'>pag.</span> <span class='ocrx_word' id='word_1_89' title='bbox 631 1149 725 1203; x_wconf 72' lang='grc'>496.</span> <span class='ocrx_word' id='word_1_90' title='bbox 756 1149 797 1189; x_wconf 90' lang='lat' dir='ltr'>S.</span> <span class='ocrx_word' id='word_1_91' title='bbox 817 1150 1060 1202; x_wconf 80' lang='lat' dir='ltr'>Cyprianus,</span> 
     </span>
     <span class='ocr_line' id='line_1_12' title="bbox 246 1218 1061 1268; baseline 0.001 -13"><span class='ocrx_word' id='word_1_92' title='bbox 246 1219 351 1268; x_wconf 87' lang='lat' dir='ltr'>epist.</span> <span class='ocrx_word' id='word_1_93' title='bbox 367 1229 479 1255; x_wconf 73' lang='lat' dir='ltr'>txxm</span> <span class='ocrx_word' id='word_1_94' title='bbox 498 1229 508 1256; x_wconf 89' lang='lat'>:</span> <span class='ocrx_word' id='word_1_95' title='bbox 527 1218 613 1268; x_wconf 74' lang='lat' dir='ltr'>Quo</span> <span class='ocrx_word' id='word_1_96' title='bbox 629 1225 811 1255; x_wconf 80' lang='lat' dir='ltr'>venturus</span> <span class='ocrx_word' id='word_1_97' title='bbox 831 1224 898 1265; x_wconf 78' lang='lat' dir='ltr'>est,</span> <span class='ocrx_word' id='word_1_98' title='bbox 917 1218 1061 1265; x_wconf 83' lang='lat' dir='ltr'>scribit,</span> 
     </span>
     <span class='ocr_line' id='line_1_13' title="bbox 245 1281 1063 1333; baseline 0.001 -13"><span class='ocrx_word' id='word_1_99' title='bbox 245 1283 316 1333; x_wconf 81' lang='lat' dir='ltr'>qui</span> <span class='ocrx_word' id='word_1_100' title='bbox 336 1283 466 1324; x_wconf 74' lang='lat' dir='ltr'>sitit...</span> <span class='ocrx_word' id='word_1_101' title='bbox 484 1296 535 1321; x_wconf 90' lang='lat' dir='ltr'>an</span> <span class='ocrx_word' id='word_1_102' title='bbox 547 1282 598 1320; x_wconf 84' lang='lat' dir='ltr'>ad</span> <span class='ocrx_word' id='word_1_103' title='bbox 612 1281 826 1322; x_wconf 76' lang='lat' dir='ltr'>Ecclesiam</span> <span class='ocrx_word' id='word_1_104' title='bbox 841 1312 852 1329; x_wconf 81' lang='lat'><strong>‚</strong></span> <span class='ocrx_word' id='word_1_105' title='bbox 883 1297 966 1333; x_wconf 83' lang='lat' dir='ltr'>quoe</span> <span class='ocrx_word' id='word_1_106' title='bbox 980 1297 1063 1321; x_wconf 86' lang='lat' dir='ltr'>una</span> 
     </span>
     <span class='ocr_line' id='line_1_14' title="bbox 248 1348 1063 1401; baseline 0.001 -16"><span class='ocrx_word' id='word_1_107' title='bbox 248 1354 305 1385; x_wconf 78' lang='lat' dir='ltr'>est</span> <span class='ocrx_word' id='word_1_108' title='bbox 323 1355 357 1385; x_wconf 85' lang='lat' dir='ltr'>ct</span> <span class='ocrx_word' id='word_1_109' title='bbox 385 1361 499 1401; x_wconf 79' lang='lat' dir='ltr'>super</span> <span class='ocrx_word' id='word_1_110' title='bbox 517 1362 639 1386; x_wconf 79' lang='lat' dir='ltr'>unmn</span> <span class='ocrx_word' id='word_1_111' title='bbox 656 1379 665 1396; x_wconf 83' lang='lat'>‚</span> <span class='ocrx_word' id='word_1_112' title='bbox 681 1348 749 1399; x_wconf 81' lang='lat' dir='ltr'>qui</span> <span class='ocrx_word' id='word_1_113' title='bbox 771 1355 805 1385; x_wconf 82' lang='lat' dir='ltr'>et</span> <span class='ocrx_word' id='word_1_114' title='bbox 830 1348 951 1387; x_wconf 76' lang='lat' dir='ltr'>claves</span> <span class='ocrx_word' id='word_1_115' title='bbox 980 1351 1063 1401; x_wconf 72' lang='lat' dir='ltr'>ejus</span> 
     </span>
     <span class='ocr_line' id='line_1_15' title="bbox 248 1415 1064 1466; baseline 0 -13"><span class='ocrx_word' id='word_1_116' title='bbox 248 1416 418 1466; x_wconf 69' lang='lat' dir='ltr'>accepit,</span> <span class='ocrx_word' id='word_1_117' title='bbox 462 1415 632 1452; x_wconf 85' lang='lat' dir='ltr'>Domini</span> <span class='ocrx_word' id='word_1_118' title='bbox 663 1428 747 1453; x_wconf 82' lang='lat' dir='ltr'>voce</span> <span class='ocrx_word' id='word_1_119' title='bbox 774 1415 940 1465; x_wconf 85' lang='lat' dir='ltr'>fundata</span> <span class='ocrx_word' id='word_1_120' title='bbox 971 1424 1024 1453; x_wconf 81' lang='lat' dir='ltr'>est</span> <span class='ocrx_word' id='word_1_121' title='bbox 1044 1420 1064 1453; x_wconf 84' lang='lat'><em>?</em></span> 
     </span>
     <span class='ocr_line' id='line_1_16' title="bbox 247 1478 1063 1531; baseline 0.001 -13"><span class='ocrx_word' id='word_1_122' title='bbox 247 1478 347 1518; x_wconf 73' lang='lat' dir='ltr'>Edit.</span> <span class='ocrx_word' id='word_1_123' title='bbox 379 1479 497 1518; x_wconf 83' lang='lat' dir='ltr'>Maur.</span> <span class='ocrx_word' id='word_1_124' title='bbox 524 1493 608 1531; x_wconf 83' lang='lat' dir='ltr'>pag.</span> <span class='ocrx_word' id='word_1_125' title='bbox 640 1480 729 1518; x_wconf 75' lang='lat'>132.</span> <span class='ocrx_word' id='word_1_126' title='bbox 762 1480 997 1518; x_wconf 83' lang='lat' dir='ltr'>Firmilianus</span> <span class='ocrx_word' id='word_1_127' title='bbox 1024 1483 1063 1519; x_wconf 89' lang='lat' dir='ltr'>in</span> 
     </span>
     <span class='ocr_line' id='line_1_17' title="bbox 245 1545 1060 1598; baseline 0 -15"><span class='ocrx_word' id='word_1_128' title='bbox 245 1547 354 1596; x_wconf 81' lang='lat' dir='ltr'>epist.</span> <span class='ocrx_word' id='word_1_129' title='bbox 370 1546 414 1583; x_wconf 82' lang='lat' dir='ltr'>ad</span> <span class='ocrx_word' id='word_1_130' title='bbox 428 1545 602 1597; x_wconf 79' lang='lat' dir='ltr'>Cyprian.</span> <span class='ocrx_word' id='word_1_131' title='bbox 626 1545 736 1583; x_wconf 86' lang='lat' dir='ltr'>Hinc</span> <span class='ocrx_word' id='word_1_132' title='bbox 753 1545 1060 1598; x_wconf 76' lang='lat' dir='ltr'>intelliqipotest‚</span> 
     </span>
     <span class='ocr_line' id='line_1_18' title="bbox 247 1611 1061 1664; baseline 0.005 -16"><span class='ocrx_word' id='word_1_133' title='bbox 247 1611 347 1662; x_wconf 77' lang='lat' dir='ltr'>quod</span> <span class='ocrx_word' id='word_1_134' title='bbox 361 1611 433 1649; x_wconf 77' lang='lat' dir='ltr'>soli</span> <span class='ocrx_word' id='word_1_135' title='bbox 447 1612 562 1649; x_wconf 75' lang='lat' dir='ltr'>Petro</span> <span class='ocrx_word' id='word_1_136' title='bbox 577 1611 754 1649; x_wconf 76' lang='lat' dir='ltr'>Christus</span> <span class='ocrx_word' id='word_1_137' title='bbox 770 1612 914 1650; x_wconf 64' lang='lat' dir='ltr'>dixerit</span> <span class='ocrx_word' id='word_1_138' title='bbox 932 1627 942 1652; x_wconf 74' lang='grc' dir='ltr'>ε</span> <span class='ocrx_word' id='word_1_139' title='bbox 958 1627 1061 1664; x_wconf 83' lang='lat' dir='ltr'>quoe-</span> 
     </span>
     <span class='ocr_line' id='line_1_19' title="bbox 246 1679 1058 1731; baseline 0.004 -16"><span class='ocrx_word' id='word_1_140' title='bbox 246 1691 407 1729; x_wconf 80' lang='lat' dir='ltr'>cumque</span> <span class='ocrx_word' id='word_1_141' title='bbox 419 1679 616 1729; x_wconf 57' lang='lat' dir='ltr'>liqueris,</span> <span class='ocrx_word' id='word_1_142' title='bbox 632 1688 699 1717; x_wconf 77' lang='lat' dir='ltr'>etc.</span> <span class='ocrx_word' id='word_1_143' title='bbox 716 1679 812 1717; x_wconf 82' lang='lat' dir='ltr'>Ibid.</span> <span class='ocrx_word' id='word_1_144' title='bbox 827 1682 934 1731; x_wconf 86' lang='lat' dir='ltr'>epist.</span> <span class='ocrx_word' id='word_1_145' title='bbox 951 1694 1058 1727; x_wconf 61' lang='lat' dir='ltr'>mxxv,</span> 
     </span>
     <span class='ocr_line' id='line_1_20' title="bbox 248 1743 1060 1797; baseline 0.001 -14"><span class='ocrx_word' id='word_1_146' title='bbox 248 1744 609 1797; x_wconf 70' lang='lat' dir='ltr'>pag.148.0ptat.us‚</span> <span class='ocrx_word' id='word_1_147' title='bbox 624 1746 693 1784; x_wconf 87' lang='lat' dir='ltr'>lib.</span> <span class='ocrx_word' id='word_1_148' title='bbox 715 1759 791 1783; x_wconf 82' lang='lat' dir='ltr'>vu:</span> <span class='ocrx_word' id='word_1_149' title='bbox 811 1747 862 1785; x_wconf 88' lang='grc' dir='ltr'>Β.</span> <span class='ocrx_word' id='word_1_150' title='bbox 878 1743 1060 1786; x_wconf 71' lang='lat' dir='ltr'>Petrus...</span> 
     </span>
     <span class='ocr_line' id='line_1_21' title="bbox 246 1809 1060 1861; baseline -0.001 -11"><span class='ocrx_word' id='word_1_151' title='bbox 246 1811 369 1850; x_wconf 79' lang='lat' dir='ltr'>claves</span> <span class='ocrx_word' id='word_1_152' title='bbox 388 1812 498 1861; x_wconf 75' lang='lat' dir='ltr'>reqni</span> <span class='ocrx_word' id='word_1_153' title='bbox 522 1809 698 1847; x_wconf 84' lang='lat' dir='ltr'>coelorum</span> <span class='ocrx_word' id='word_1_154' title='bbox 719 1811 1060 1849; x_wconf 76' lang='lat' dir='ltr'>communicandas</span> 
     </span>
     <span class='ocr_line' id='line_1_22' title="bbox 247 1875 1057 1929; baseline 0 -14"><span class='ocrx_word' id='word_1_155' title='bbox 247 1877 395 1915; x_wconf 67' lang='lat' dir='ltr'>caeteris</span> <span class='ocrx_word' id='word_1_156' title='bbox 426 1875 527 1914; x_wconf 73' lang='lat' dir='ltr'>solus</span> <span class='ocrx_word' id='word_1_157' title='bbox 547 1878 706 1928; x_wconf 80' lang='lat' dir='ltr'>accepit.</span> <span class='ocrx_word' id='word_1_158' title='bbox 739 1877 838 1914; x_wconf 84' lang='lat' dir='ltr'>Edit.</span> <span class='ocrx_word' id='word_1_159' title='bbox 866 1877 1057 1929; x_wconf 83' lang='lat' dir='ltr'>Albaspin.</span> 
     </span>
     <span class='ocr_line' id='line_1_23' title="bbox 246 1940 1056 1995; baseline 0.001 -15"><span class='ocrx_word' id='word_1_160' title='bbox 246 1956 331 1994; x_wconf 82' lang='lat' dir='ltr'>pag.</span> <span class='ocrx_word' id='word_1_161' title='bbox 366 1954 450 1993; x_wconf 89' lang='lat'>107.</span> <span class='ocrx_word' id='word_1_162' title='bbox 484 1940 524 1980; x_wconf 84' lang='lat' dir='ltr'>S.</span> <span class='ocrx_word' id='word_1_163' title='bbox 561 1941 790 1993; x_wconf 81' lang='lat' dir='ltr'>Augustinus</span> <span class='ocrx_word' id='word_1_164' title='bbox 806 1970 817 1992; x_wconf 88' lang='lat'>‚</span> <span class='ocrx_word' id='word_1_165' title='bbox 843 1942 904 1980; x_wconf 87' lang='lat' dir='ltr'>De</span> <span class='ocrx_word' id='word_1_166' title='bbox 939 1943 1056 1995; x_wconf 80' lang='lat' dir='ltr'>Bapt.</span> 
     </span>
     <span class='ocr_line' id='line_1_24' title="bbox 247 2006 1057 2059; baseline 0.001 -14"><span class='ocrx_word' id='word_1_167' title='bbox 247 2014 377 2046; x_wconf 85' lang='lat' dir='ltr'>contra</span> <span class='ocrx_word' id='word_1_168' title='bbox 392 2006 585 2046; x_wconf 70' lang='lat' dir='ltr'>Donati-st.</span> <span class='ocrx_word' id='word_1_169' title='bbox 609 2008 674 2045; x_wconf 89' lang='lat' dir='ltr'>lib.</span> <span class='ocrx_word' id='word_1_170' title='bbox 697 2021 738 2045; x_wconf 80' lang='lat' dir='ltr'>in</span> <span class='ocrx_word' id='word_1_171' title='bbox 753 2036 763 2057; x_wconf 90' lang='lat'>‚</span> <span class='ocrx_word' id='word_1_172' title='bbox 779 2022 859 2059; x_wconf 84' lang='lat' dir='ltr'>cap.</span> <span class='ocrx_word' id='word_1_173' title='bbox 883 2022 896 2046; x_wconf 88' lang='lat'>1</span> <span class='ocrx_word' id='word_1_174' title='bbox 920 2037 931 2056; x_wconf 86' lang='lat'>‚</span> <span class='ocrx_word' id='word_1_175' title='bbox 955 2024 995 2046; x_wconf 91' lang='lat' dir='ltr'>n.</span> <span class='ocrx_word' id='word_1_176' title='bbox 1017 2022 1057 2057; x_wconf 83' lang='lat'>2,</span> 
     </span>
     <span class='ocr_line' id='line_1_25' title="bbox 248 2072 1057 2125; baseline 0 -14"><span class='ocrx_word' id='word_1_177' title='bbox 248 2073 376 2111; x_wconf 82' lang='lat' dir='ltr'>scribit</span> <span class='ocrx_word' id='word_1_178' title='bbox 403 2087 414 2112; x_wconf 90' lang='lat'>:</span> <span class='ocrx_word' id='word_1_179' title='bbox 445 2072 548 2111; x_wconf 88' lang='lat' dir='ltr'>Ecce</span> <span class='ocrx_word' id='word_1_180' title='bbox 581 2073 651 2110; x_wconf 84' lang='lat' dir='ltr'>ubi</span> <span class='ocrx_word' id='word_1_181' title='bbox 681 2080 945 2111; x_wconf 82' lang='lat' dir='ltr'>commemorat</span> <span class='ocrx_word' id='word_1_182' title='bbox 979 2073 1057 2125; x_wconf 83' lang='lat' dir='ltr'>Cy-</span> 
     </span>
     <span class='ocr_line' id='line_1_26' title="bbox 243 2137 1058 2192; baseline 0.001 -15"><span class='ocrx_word' id='word_1_183' title='bbox 243 2141 457 2192; x_wconf 77' lang='lat' dir='ltr'>prianus...</span> <span class='ocrx_word' id='word_1_184' title='bbox 476 2137 701 2191; x_wconf 74' lang='lat' dir='ltr'>Apostolum</span> <span class='ocrx_word' id='word_1_185' title='bbox 719 2137 876 2176; x_wconf 83' lang='lat' dir='ltr'>Petrum</span> <span class='ocrx_word' id='word_1_186' title='bbox 896 2170 904 2185; x_wconf 81' lang='grc'><em>,</em></span> <span class='ocrx_word' id='word_1_187' title='bbox 920 2140 965 2176; x_wconf 88' lang='lat' dir='ltr'>in</span> <span class='ocrx_word' id='word_1_188' title='bbox 985 2153 1058 2190; x_wconf 82' lang='lat' dir='ltr'>quo</span> 
     </span>
     <span class='ocr_line' id='line_1_27' title="bbox 240 2202 1059 2257; baseline 0.001 -16"><span class='ocrx_word' id='word_1_189' title='bbox 240 2205 436 2257; x_wconf 77' lang='lat' dir='ltr'>primatus</span> <span class='ocrx_word' id='word_1_190' title='bbox 458 2202 726 2256; x_wconf 80' lang='lat' dir='ltr'>Apostolorum</span> <span class='ocrx_word' id='word_1_191' title='bbox 752 2210 829 2240; x_wconf 83' lang='lat' dir='ltr'>tam</span> <span class='ocrx_word' id='word_1_192' title='bbox 856 2203 1059 2243; x_wconf 69' lang='lat' dir='ltr'>excellenti</span> 
     </span>
     <span class='ocr_line' id='line_1_28' title="bbox 246 2269 1058 2321; baseline 0 -14"><span class='ocrx_word' id='word_1_193' title='bbox 246 2271 375 2321; x_wconf 72' lang='lat' dir='ltr'>qratia</span> <span class='ocrx_word' id='word_1_194' title='bbox 394 2270 653 2321; x_wconf 76' lang='lat' dir='ltr'>praeeminet..</span> <span class='ocrx_word' id='word_1_195' title='bbox 681 2283 704 2305; x_wconf 86' lang='lat' dir='ltr'>a</span> <span class='ocrx_word' id='word_1_196' title='bbox 720 2270 926 2320; x_wconf 75' lang='lat' dir='ltr'>posteriore</span> <span class='ocrx_word' id='word_1_197' title='bbox 950 2269 1058 2321; x_wconf 78' lang='lat' dir='ltr'>Apo-</span> 
     </span>
     <span class='ocr_line' id='line_1_29' title="bbox 248 2333 1058 2373; baseline 0 -1"><span class='ocrx_word' id='word_1_198' title='bbox 248 2335 338 2373; x_wconf 78' lang='lat' dir='ltr'>stolo</span> <span class='ocrx_word' id='word_1_199' title='bbox 363 2333 485 2373; x_wconf 87' lang='lat' dir='ltr'>Paulo</span> <span class='ocrx_word' id='word_1_200' title='bbox 510 2348 587 2372; x_wconf 71' lang='lat' dir='ltr'>esse</span> <span class='ocrx_word' id='word_1_201' title='bbox 617 2341 849 2373; x_wconf 74' lang='lat' dir='ltr'>correctam..</span> <span class='ocrx_word' id='word_1_202' title='bbox 883 2334 1058 2372; x_wconf 79' lang='lat' dir='ltr'>Ceterum</span> 
     </span>
     <span class='ocr_line' id='line_1_30' title="bbox 248 2398 1059 2450; baseline 0.001 -13"><span class='ocrx_word' id='word_1_203' title='bbox 248 2401 372 2450; x_wconf 77' lang='lat' dir='ltr'>maqz&#39;s</span> <span class='ocrx_word' id='word_1_204' title='bbox 386 2404 510 2438; x_wconf 71' lang='lat' dir='ltr'>vereri</span> <span class='ocrx_word' id='word_1_205' title='bbox 528 2400 640 2438; x_wconf 83' lang='lat' dir='ltr'>debeo</span> <span class='ocrx_word' id='word_1_206' title='bbox 656 2430 666 2448; x_wconf 88' lang='lat'><strong>‚</strong></span> <span class='ocrx_word' id='word_1_207' title='bbox 681 2413 730 2437; x_wconf 85' lang='lat' dir='ltr'>ne</span> <span class='ocrx_word' id='word_1_208' title='bbox 744 2401 788 2437; x_wconf 86' lang='lat' dir='ltr'>in</span> <span class='ocrx_word' id='word_1_209' title='bbox 801 2398 957 2439; x_wconf 80' lang='lat' dir='ltr'>Petrum</span> <span class='ocrx_word' id='word_1_210' title='bbox 969 2414 1059 2438; x_wconf 89' lang='lat' dir='ltr'>con-</span> 
     </span>
     <span class='ocr_line' id='line_1_31' title="bbox 249 2464 1058 2516; baseline 0.002 -14"><span class='ocrx_word' id='word_1_211' title='bbox 249 2464 470 2503; x_wconf 74' lang='lat' dir='ltr'>tumeliosus</span> <span class='ocrx_word' id='word_1_212' title='bbox 494 2467 666 2503; x_wconf 70' lang='lat' dir='ltr'>existam.</span> <span class='ocrx_word' id='word_1_213' title='bbox 682 2465 782 2516; x_wconf 71' lang='lat' dir='ltr'>Quis</span> <span class='ocrx_word' id='word_1_214' title='bbox 793 2466 897 2502; x_wconf 83' lang='lat' dir='ltr'>enim</span> <span class='ocrx_word' id='word_1_215' title='bbox 914 2468 1058 2515; x_wconf 75' lang='lat' dir='ltr'>nescit,</span> 
     </span>
     <span class='ocr_line' id='line_1_32' title="bbox 249 2530 1059 2583; baseline 0.004 -15"><span class='ocrx_word' id='word_1_216' title='bbox 249 2530 359 2568; x_wconf 85' lang='lat' dir='ltr'>illum</span> <span class='ocrx_word' id='word_1_217' title='bbox 404 2531 632 2583; x_wconf 74' lang='lat' dir='ltr'>apostolatus</span> <span class='ocrx_word' id='word_1_218' title='bbox 661 2532 931 2583; x_wconf 79' lang='lat' dir='ltr'>principatum</span> <span class='ocrx_word' id='word_1_219' title='bbox 974 2535 1059 2571; x_wconf 87' lang='lat' dir='ltr'>cui-</span> 
     </span>
     <span class='ocr_line' id='line_1_33' title="bbox 249 2596 1059 2649; baseline 0.002 -14"><span class='ocrx_word' id='word_1_220' title='bbox 249 2596 338 2635; x_wconf 80' lang='lat' dir='ltr'>libet</span> <span class='ocrx_word' id='word_1_221' title='bbox 379 2596 615 2649; x_wconf 77' lang='lat' dir='ltr'>episcopatui</span> <span class='ocrx_word' id='word_1_222' title='bbox 654 2596 937 2648; x_wconf 67' lang='lat' dir='ltr'>proefierendum</span> <span class='ocrx_word' id='word_1_223' title='bbox 959 2602 978 2636; x_wconf 87' lang='lat'><strong><em>?</em></strong></span> <span class='ocrx_word' id='word_1_224' title='bbox 1014 2599 1059 2637; x_wconf 86' lang='lat' dir='ltr'>Et</span> 
     </span>
     <span class='ocr_line' id='line_1_34' title="bbox 251 2661 1056 2713; baseline 0 -12"><span class='ocrx_word' id='word_1_225' title='bbox 251 2662 387 2701; x_wconf 80' lang='lat' dir='ltr'>Contr.</span> <span class='ocrx_word' id='word_1_226' title='bbox 413 2662 509 2699; x_wconf 82' lang='lat' dir='ltr'>duas</span> <span class='ocrx_word' id='word_1_227' title='bbox 528 2665 640 2713; x_wconf 74' lang='lat' dir='ltr'>epist.</span> <span class='ocrx_word' id='word_1_228' title='bbox 668 2661 881 2699; x_wconf 84' lang='lat' dir='ltr'>Gaudentii</span> <span class='ocrx_word' id='word_1_229' title='bbox 897 2692 907 2712; x_wconf 84' lang='lat'>‚</span> <span class='ocrx_word' id='word_1_230' title='bbox 934 2664 1002 2703; x_wconf 88' lang='lat' dir='ltr'>lib.</span> <span class='ocrx_word' id='word_1_231' title='bbox 1029 2677 1056 2712; x_wconf 85' lang='lat'>1,</span> 
     </span>
     <span class='ocr_line' id='line_1_35' title="bbox 248 2726 1056 2781; baseline 0.002 -16"><span class='ocrx_word' id='word_1_232' title='bbox 248 2740 330 2779; x_wconf 82' lang='lat' dir='ltr'>cap.</span> <span class='ocrx_word' id='word_1_233' title='bbox 361 2727 405 2765; x_wconf 80' lang='lat'>31</span> <span class='ocrx_word' id='word_1_234' title='bbox 437 2757 446 2774; x_wconf 88' lang='lat'><strong>,</strong></span> <span class='ocrx_word' id='word_1_235' title='bbox 469 2741 508 2766; x_wconf 89' lang='lat' dir='ltr'>n.</span> <span class='ocrx_word' id='word_1_236' title='bbox 533 2728 585 2778; x_wconf 83' lang='lat'>39</span> <span class='ocrx_word' id='word_1_237' title='bbox 611 2740 622 2765; x_wconf 90' lang='lat'>:</span> <span class='ocrx_word' id='word_1_238' title='bbox 652 2726 880 2777; x_wconf 80' lang='lat' dir='ltr'>Numquid,</span> <span class='ocrx_word' id='word_1_239' title='bbox 903 2731 1027 2781; x_wconf 88' lang='lat' dir='ltr'>inquit</span> <span class='ocrx_word' id='word_1_240' title='bbox 1044 2758 1056 2777; x_wconf 93' lang='lat'><em>‚</em></span> 
     </span>
     <span class='ocr_line' id='line_1_36' title="bbox 248 2790 1059 2846; baseline 0.005 -17"><span class='ocrx_word' id='word_1_241' title='bbox 248 2791 381 2830; x_wconf 86' lang='lat' dir='ltr'>melior</span> <span class='ocrx_word' id='word_1_242' title='bbox 399 2792 544 2831; x_wconf 66' lang='lat' dir='ltr'>Razias</span> <span class='ocrx_word' id='word_1_243' title='bbox 558 2821 568 2839; x_wconf 94' lang='lat'>‚</span> <span class='ocrx_word' id='word_1_244' title='bbox 599 2805 713 2843; x_wconf 85' lang='lat' dir='ltr'>quam</span> <span class='ocrx_word' id='word_1_245' title='bbox 738 2790 875 2830; x_wconf 75' lang='lat' dir='ltr'>Petrus</span> <span class='ocrx_word' id='word_1_246' title='bbox 897 2795 1059 2846; x_wconf 76' lang='lat' dir='ltr'>Aposto-</span> 
     </span>
     <span class='ocr_line' id='line_1_37' title="bbox 249 2857 1054 2909; baseline 0.001 -14"><span class='ocrx_word' id='word_1_247' title='bbox 249 2857 309 2895; x_wconf 80' lang='lat' dir='ltr'>lus</span> <span class='ocrx_word' id='word_1_248' title='bbox 325 2888 335 2905; x_wconf 89' lang='lat'>,</span> <span class='ocrx_word' id='word_1_249' title='bbox 350 2860 431 2909; x_wconf 83' lang='lat' dir='ltr'>qui,</span> <span class='ocrx_word' id='word_1_250' title='bbox 450 2859 517 2895; x_wconf 81' lang='lat' dir='ltr'>ubi</span> <span class='ocrx_word' id='word_1_251' title='bbox 527 2858 642 2902; x_wconf 69' lang='lat' dir='ltr'>dixit,</span> <span class='ocrx_word' id='word_1_252' title='bbox 668 2864 710 2894; x_wconf 87' lang='lat' dir='ltr'>tu</span> <span class='ocrx_word' id='word_1_253' title='bbox 727 2871 764 2895; x_wconf 72' lang='lat' dir='ltr'>es</span> <span class='ocrx_word' id='word_1_254' title='bbox 787 2857 962 2897; x_wconf 79' lang='lat' dir='ltr'>Christus</span> <span class='ocrx_word' id='word_1_255' title='bbox 981 2858 1054 2899; x_wconf 82' lang='lat' dir='ltr'>Fi-</span> 
     </span>
     <span class='ocr_line' id='line_1_38' title="bbox 250 2922 1058 2972; baseline 0.004 -11"><span class='ocrx_word' id='word_1_256' title='bbox 250 2922 328 2962; x_wconf 70' lang='lat' dir='ltr'>lius</span> <span class='ocrx_word' id='word_1_257' title='bbox 350 2923 433 2962; x_wconf 81' lang='lat' dir='ltr'>Dei</span> <span class='ocrx_word' id='word_1_258' title='bbox 456 2925 559 2972; x_wconf 79' lang='lat' dir='ltr'>vivi,</span> <span class='ocrx_word' id='word_1_259' title='bbox 593 2931 670 2963; x_wconf 84' lang='lat' dir='ltr'>tam</span> <span class='ocrx_word' id='word_1_260' title='bbox 698 2924 829 2962; x_wconf 73' lang='lat' dir='ltr'>beatus</span> <span class='ocrx_word' id='word_1_261' title='bbox 850 2939 873 2962; x_wconf 89' lang='lat' dir='ltr'>a</span> <span class='ocrx_word' id='word_1_262' title='bbox 895 2924 1058 2964; x_wconf 80' lang='lat' dir='ltr'>Domino</span> 
     </span>
     <span class='ocr_line' id='line_1_39' title="bbox 250 2987 1059 3042; baseline 0.001 -15"><span class='ocrx_word' id='word_1_263' title='bbox 250 2987 460 3042; x_wconf 73' lang='lat' dir='ltr'>appellatus</span> <span class='ocrx_word' id='word_1_264' title='bbox 473 2996 546 3038; x_wconf 71' lang='lat' dir='ltr'>est,</span> <span class='ocrx_word' id='word_1_265' title='bbox 561 2998 601 3027; x_wconf 83' lang='lat' dir='ltr'>ut</span> <span class='ocrx_word' id='word_1_266' title='bbox 613 2989 734 3028; x_wconf 70' lang='lat' dir='ltr'>claves</span> <span class='ocrx_word' id='word_1_267' title='bbox 749 2991 861 3041; x_wconf 75' lang='lat' dir='ltr'>reqni</span> <span class='ocrx_word' id='word_1_268' title='bbox 879 2990 1059 3030; x_wconf 86' lang='lat' dir='ltr'>coelorum</span> 
     </span>
    </p>
   </div>
   <div class='ocr_carea' id='block_1_3' title="bbox 1118 1153 1987 2912">
    <p class='ocr_par' dir='ltr' id='par_1_5' title="bbox 1118 1153 1987 2912">
     <span class='ocr_line' id='line_1_40' title="bbox 1129 1153 1942 1204; baseline 0.011 -15"><span class='ocrx_word' id='word_1_269' title='bbox 1129 1153 1306 1204; x_wconf 82' lang='lat' dir='ltr'>accipere</span> <span class='ocrx_word' id='word_1_270' title='bbox 1335 1159 1574 1193; x_wconf 79' lang='lat' dir='ltr'>mereretur?</span> <span class='ocrx_word' id='word_1_271' title='bbox 1598 1156 1680 1194; x_wconf 84' lang='lat' dir='ltr'>Nec</span> <span class='ocrx_word' id='word_1_272' title='bbox 1701 1164 1828 1196; x_wconf 83' lang='lat' dir='ltr'>tamen</span> <span class='ocrx_word' id='word_1_273' title='bbox 1859 1160 1942 1199; x_wconf 81' lang='lat' dir='ltr'>ideo</span> 
     </span>
     <span class='ocr_line' id='line_1_41' title="bbox 1128 1218 1941 1268; baseline 0.01 -13"><span class='ocrx_word' id='word_1_274' title='bbox 1128 1218 1299 1256; x_wconf 80' lang='lat' dir='ltr'>creditur</span> <span class='ocrx_word' id='word_1_275' title='bbox 1325 1220 1566 1268; x_wconf 83' lang='lat' dir='ltr'>imitandus,</span> <span class='ocrx_word' id='word_1_276' title='bbox 1599 1221 1669 1259; x_wconf 71' lang='lat' dir='ltr'>uhi</span> <span class='ocrx_word' id='word_1_277' title='bbox 1693 1236 1781 1260; x_wconf 71' lang='lat' dir='ltr'>moa·</span> <span class='ocrx_word' id='word_1_278' title='bbox 1814 1225 1941 1263; x_wconf 82' lang='lat' dir='ltr'>eodem</span> 
     </span>
     <span class='ocr_line' id='line_1_42' title="bbox 1130 1285 1943 1338; baseline 0.011 -18"><span class='ocrx_word' id='word_1_279' title='bbox 1130 1290 1314 1322; x_wconf 83' lang='lat' dir='ltr'>momento</span> <span class='ocrx_word' id='word_1_280' title='bbox 1342 1285 1592 1338; x_wconf 75' lang='lat' dir='ltr'>reprehensus</span> <span class='ocrx_word' id='word_1_281' title='bbox 1616 1287 1793 1328; x_wconf 76' lang='lat' dir='ltr'>audivit:</span> <span class='ocrx_word' id='word_1_282' title='bbox 1830 1289 1943 1329; x_wconf 82' lang='lat' dir='ltr'>Vade</span> 
     </span>
     <span class='ocr_line' id='line_1_43' title="bbox 1122 1348 1953 1407; baseline 0.008 -21"><span class='ocrx_word' id='word_1_283' title='bbox 1122 1357 1209 1401; x_wconf 81' lang='lat' dir='ltr'>post</span> <span class='ocrx_word' id='word_1_284' title='bbox 1227 1364 1297 1395; x_wconf 83' lang='lat' dir='ltr'>me,</span> <span class='ocrx_word' id='word_1_285' title='bbox 1317 1348 1465 1390; x_wconf 77' lang='lat' dir='ltr'>Satana</span> <span class='ocrx_word' id='word_1_286' title='bbox 1478 1365 1495 1400; x_wconf 80' lang='lat'>5</span> <span class='ocrx_word' id='word_1_287' title='bbox 1508 1365 1585 1389; x_wconf 90' lang='lat' dir='ltr'>non</span> <span class='ocrx_word' id='word_1_288' title='bbox 1599 1354 1703 1389; x_wconf 85' lang='lat' dir='ltr'>enim</span> <span class='ocrx_word' id='word_1_289' title='bbox 1712 1355 1833 1405; x_wconf 77' lang='lat' dir='ltr'>sapis,</span> <span class='ocrx_word' id='word_1_290' title='bbox 1855 1370 1953 1407; x_wconf 69' lang='lat' dir='ltr'>quse</span> 
     </span>
     <span class='ocr_line' id='line_1_44' title="bbox 1129 1413 1941 1467; baseline 0.009 -14"><span class='ocrx_word' id='word_1_291' title='bbox 1129 1413 1203 1453; x_wconf 77' lang='lat' dir='ltr'>Dei</span> <span class='ocrx_word' id='word_1_292' title='bbox 1220 1422 1333 1463; x_wconf 81' lang='lat' dir='ltr'>sunt,</span> <span class='ocrx_word' id='word_1_293' title='bbox 1365 1416 1430 1453; x_wconf 72' lang='lat' dir='ltr'>sed</span> <span class='ocrx_word' id='word_1_294' title='bbox 1449 1430 1533 1467; x_wconf 80' lang='lat' dir='ltr'>quoe</span> <span class='ocrx_word' id='word_1_295' title='bbox 1562 1417 1778 1457; x_wconf 81' lang='lat' dir='ltr'>hominum.</span> <span class='ocrx_word' id='word_1_296' title='bbox 1803 1420 1941 1460; x_wconf 78' lang='lat' dir='ltr'>Eadem</span> 
     </span>
     <span class='ocr_line' id='line_1_45' title="bbox 1129 1480 1939 1535; baseline 0.009 -18"><span class='ocrx_word' id='word_1_297' title='bbox 1129 1480 1267 1518; x_wconf 86' lang='lat' dir='ltr'>habent</span> <span class='ocrx_word' id='word_1_298' title='bbox 1283 1480 1522 1532; x_wconf 80' lang='lat' dir='ltr'>S.Gregorius</span> <span class='ocrx_word' id='word_1_299' title='bbox 1538 1482 1667 1520; x_wconf 85' lang='lat' dir='ltr'>M.lib.</span> <span class='ocrx_word' id='word_1_300' title='bbox 1692 1498 1729 1530; x_wconf 84' lang='lat' dir='ltr'>v,</span> <span class='ocrx_word' id='word_1_301' title='bbox 1750 1488 1858 1535; x_wconf 90' lang='lat' dir='ltr'>epist.</span> <span class='ocrx_word' id='word_1_302' title='bbox 1878 1501 1939 1534; x_wconf 79' lang='lat' dir='ltr'>xx,</span> 
     </span>
     <span class='ocr_line' id='line_1_46' title="bbox 1129 1546 1938 1599; baseline 0.006 -15"><span class='ocrx_word' id='word_1_303' title='bbox 1129 1547 1198 1584; x_wconf 89' lang='lat' dir='ltr'>col.</span> <span class='ocrx_word' id='word_1_304' title='bbox 1239 1546 1342 1599; x_wconf 70' lang='grc'>748,</span> <span class='ocrx_word' id='word_1_305' title='bbox 1382 1547 1468 1585; x_wconf 87' lang='lat' dir='ltr'>edit.</span> <span class='ocrx_word' id='word_1_306' title='bbox 1500 1547 1621 1586; x_wconf 84' lang='lat' dir='ltr'>Maur.</span> <span class='ocrx_word' id='word_1_307' title='bbox 1645 1561 1656 1596; x_wconf 80' lang='lat'>3</span> <span class='ocrx_word' id='word_1_308' title='bbox 1682 1548 1719 1586; x_wconf 90' lang='lat' dir='ltr'>S.</span> <span class='ocrx_word' id='word_1_309' title='bbox 1747 1549 1938 1599; x_wconf 84' lang='lat' dir='ltr'>Hilarius,</span> 
     </span>
     <span class='ocr_line' id='line_1_47' title="bbox 1128 1611 1941 1662; baseline 0.007 -14"><span class='ocrx_word' id='word_1_310' title='bbox 1128 1613 1167 1649; x_wconf 90' lang='lat' dir='ltr'>in</span> <span class='ocrx_word' id='word_1_311' title='bbox 1196 1611 1327 1650; x_wconf 76' lang='lat' dir='ltr'>Matth.</span> <span class='ocrx_word' id='word_1_312' title='bbox 1355 1627 1443 1661; x_wconf 76' lang='lat' dir='ltr'>xvr,·</span> <span class='ocrx_word' id='word_1_313' title='bbox 1462 1612 1502 1651; x_wconf 93' lang='lat' dir='ltr'>S.</span> <span class='ocrx_word' id='word_1_314' title='bbox 1525 1612 1746 1652; x_wconf 83' lang='lat' dir='ltr'>Ambrosius</span> <span class='ocrx_word' id='word_1_315' title='bbox 1764 1644 1774 1662; x_wconf 88' lang='lat'><em>‚</em></span> <span class='ocrx_word' id='word_1_316' title='bbox 1800 1616 1865 1653; x_wconf 92' lang='lat' dir='ltr'>lib.</span> <span class='ocrx_word' id='word_1_317' title='bbox 1885 1615 1941 1654; x_wconf 85' lang='lat' dir='ltr'>De</span> 
     </span>
     <span class='ocr_line' id='line_1_48' title="bbox 1127 1678 1939 1732; baseline 0.007 -18"><span class='ocrx_word' id='word_1_318' title='bbox 1127 1678 1260 1723; x_wconf 81' lang='lat' dir='ltr'>Isaac,</span> <span class='ocrx_word' id='word_1_319' title='bbox 1281 1692 1363 1729; x_wconf 82' lang='lat' dir='ltr'>cap.</span> <span class='ocrx_word' id='word_1_320' title='bbox 1406 1679 1455 1726; x_wconf 81' lang='lat'>3,</span> <span class='ocrx_word' id='word_1_321' title='bbox 1488 1694 1529 1718; x_wconf 92' lang='lat' dir='ltr'>n.</span> <span class='ocrx_word' id='word_1_322' title='bbox 1568 1692 1641 1728; x_wconf 75' lang='grc' dir='ltr'>ιο,</span> <span class='ocrx_word' id='word_1_323' title='bbox 1674 1679 1770 1718; x_wconf 85' lang='lat' dir='ltr'>circa</span> <span class='ocrx_word' id='word_1_324' title='bbox 1799 1681 1939 1732; x_wconf 79' lang='lat' dir='ltr'>finem3</span> 
     </span>
     <span class='ocr_line' id='line_1_49' title="bbox 1127 1743 1936 1798; baseline 0.005 -16"><span class='ocrx_word' id='word_1_325' title='bbox 1127 1743 1167 1782; x_wconf 90' lang='lat' dir='ltr'>S.</span> <span class='ocrx_word' id='word_1_326' title='bbox 1207 1744 1319 1783; x_wconf 87' lang='lat' dir='ltr'>Joan.</span> <span class='ocrx_word' id='word_1_327' title='bbox 1356 1745 1660 1797; x_wconf 75' lang='lat' dir='ltr'>Chrysostomus,</span> <span class='ocrx_word' id='word_1_328' title='bbox 1694 1748 1734 1784; x_wconf 87' lang='lat' dir='ltr'>in</span> <span class='ocrx_word' id='word_1_329' title='bbox 1768 1761 1849 1798; x_wconf 75' lang='lat' dir='ltr'>cap.</span> <span class='ocrx_word' id='word_1_330' title='bbox 1890 1760 1936 1786; x_wconf 82' lang='lat'>21</span> 
     </span>
     <span class='ocr_line' id='line_1_50' title="bbox 1126 1808 1935 1862; baseline 0.001 -14"><span class='ocrx_word' id='word_1_331' title='bbox 1126 1808 1238 1848; x_wconf 86' lang='lat' dir='ltr'>Joan.</span> <span class='ocrx_word' id='word_1_332' title='bbox 1259 1824 1269 1860; x_wconf 83' lang='lat'>3</span> <span class='ocrx_word' id='word_1_333' title='bbox 1293 1809 1333 1849; x_wconf 92' lang='lat' dir='ltr'>S.</span> <span class='ocrx_word' id='word_1_334' title='bbox 1358 1810 1584 1862; x_wconf 86' lang='lat' dir='ltr'>Epiphanius</span> <span class='ocrx_word' id='word_1_335' title='bbox 1604 1839 1615 1857; x_wconf 87' lang='lat'><strong>,</strong></span> <span class='ocrx_word' id='word_1_336' title='bbox 1636 1814 1676 1849; x_wconf 89' lang='lat' dir='ltr'>in</span> <span class='ocrx_word' id='word_1_337' title='bbox 1706 1812 1905 1850; x_wconf 86' lang='lat' dir='ltr'>Ancorato</span> <span class='ocrx_word' id='word_1_338' title='bbox 1923 1842 1935 1860; x_wconf 88' lang='lat'>‚</span> 
     </span>
     <span class='ocr_line' id='line_1_51' title="bbox 1125 1878 1938 1930; baseline 0.006 -16"><span class='ocrx_word' id='word_1_339' title='bbox 1125 1891 1165 1915; x_wconf 91' lang='lat' dir='ltr'>n.</span> <span class='ocrx_word' id='word_1_340' title='bbox 1191 1891 1242 1930; x_wconf 87' lang='lat'>9,</span> <span class='ocrx_word' id='word_1_341' title='bbox 1273 1878 1373 1926; x_wconf 55' lang='lat' dir='ltr'>edin,</span> <span class='ocrx_word' id='word_1_342' title='bbox 1395 1878 1513 1917; x_wconf 74' lang='lat' dir='ltr'>Petav.</span> <span class='ocrx_word' id='word_1_343' title='bbox 1555 1887 1648 1917; x_wconf 76' lang='lat' dir='ltr'>tom.</span> <span class='ocrx_word' id='word_1_344' title='bbox 1683 1891 1732 1927; x_wconf 82' lang='lat' dir='ltr'>n,</span> <span class='ocrx_word' id='word_1_345' title='bbox 1766 1893 1847 1930; x_wconf 85' lang='lat' dir='ltr'>pag.</span> <span class='ocrx_word' id='word_1_346' title='bbox 1878 1878 1938 1919; x_wconf 85' lang='lat'>15.</span> 
     </span>
     <span class='ocr_line' id='line_1_52' title="bbox 1125 1942 1941 1996; baseline 0.006 -17"><span class='ocrx_word' id='word_1_347' title='bbox 1125 1942 1263 1980; x_wconf 90' lang='lat' dir='ltr'>Verum</span> <span class='ocrx_word' id='word_1_348' title='bbox 1275 1943 1332 1981; x_wconf 82' lang='lat' dir='ltr'>his</span> <span class='ocrx_word' id='word_1_349' title='bbox 1351 1944 1506 1996; x_wconf 87' lang='lat' dir='ltr'>aliisque</span> <span class='ocrx_word' id='word_1_350' title='bbox 1528 1946 1670 1982; x_wconf 87' lang='lat' dir='ltr'>omissis</span> <span class='ocrx_word' id='word_1_351' title='bbox 1690 1973 1700 1991; x_wconf 93' lang='lat'><em>‚</em></span> <span class='ocrx_word' id='word_1_352' title='bbox 1728 1959 1775 1983; x_wconf 90' lang='lat' dir='ltr'>ne</span> <span class='ocrx_word' id='word_1_353' title='bbox 1797 1945 1941 1996; x_wconf 79' lang='lat' dir='ltr'>longior</span> 
     </span>
     <span class='ocr_line' id='line_1_53' title="bbox 1125 2008 1938 2062; baseline 0.004 -17"><span class='ocrx_word' id='word_1_354' title='bbox 1125 2009 1208 2055; x_wconf 82' lang='lat' dir='ltr'>sim,</span> <span class='ocrx_word' id='word_1_355' title='bbox 1223 2008 1325 2046; x_wconf 83' lang='lat' dir='ltr'>lubet</span> <span class='ocrx_word' id='word_1_356' title='bbox 1344 2011 1521 2047; x_wconf 80' lang='lat' dir='ltr'>rationem</span> <span class='ocrx_word' id='word_1_357' title='bbox 1537 2010 1682 2057; x_wconf 83' lang='lat' dir='ltr'>afferre,</span> <span class='ocrx_word' id='word_1_358' title='bbox 1704 2024 1816 2062; x_wconf 87' lang='lat' dir='ltr'>quare</span> <span class='ocrx_word' id='word_1_359' title='bbox 1833 2011 1938 2049; x_wconf 78' lang='lat' dir='ltr'>Petro</span> 
     </span>
     <span class='ocr_line' id='line_1_54' title="bbox 1124 2073 1939 2125; baseline 0.001 -14"><span class='ocrx_word' id='word_1_360' title='bbox 1124 2073 1241 2111; x_wconf 84' lang='lat' dir='ltr'>claves</span> <span class='ocrx_word' id='word_1_361' title='bbox 1265 2076 1367 2124; x_wconf 83' lang='lat' dir='ltr'>regni</span> <span class='ocrx_word' id='word_1_362' title='bbox 1394 2075 1567 2112; x_wconf 81' lang='lat' dir='ltr'>coelorum</span> <span class='ocrx_word' id='word_1_363' title='bbox 1603 2077 1723 2125; x_wconf 82' lang='lat' dir='ltr'>potius</span> <span class='ocrx_word' id='word_1_364' title='bbox 1753 2074 1844 2113; x_wconf 76' lang='lat' dir='ltr'>datae</span> <span class='ocrx_word' id='word_1_365' title='bbox 1866 2077 1939 2113; x_wconf 86' lang='lat' dir='ltr'>sint</span> 
     </span>
     <span class='ocr_line' id='line_1_55' title="bbox 1124 2140 1939 2192; baseline 0 -15"><span class='ocrx_word' id='word_1_366' title='bbox 1124 2153 1239 2191; x_wconf 83' lang='lat' dir='ltr'>quam</span> <span class='ocrx_word' id='word_1_367' title='bbox 1280 2140 1382 2178; x_wconf 81' lang='lat' dir='ltr'>alteri</span> <span class='ocrx_word' id='word_1_368' title='bbox 1419 2140 1674 2191; x_wconf 84' lang='lat' dir='ltr'>Apostolorum</span> <span class='ocrx_word' id='word_1_369' title='bbox 1699 2169 1709 2186; x_wconf 83' lang='lat'><em>‚</em></span> <span class='ocrx_word' id='word_1_370' title='bbox 1750 2153 1939 2192; x_wconf 80' lang='lat' dir='ltr'>quamque</span> 
     </span>
     <span class='ocr_line' id='line_1_56' title="bbox 1124 2203 1936 2258; baseline 0 -15"><span class='ocrx_word' id='word_1_371' title='bbox 1124 2204 1274 2243; x_wconf 79' lang='lat' dir='ltr'>exhibet</span> <span class='ocrx_word' id='word_1_372' title='bbox 1290 2204 1468 2258; x_wconf 85' lang='lat' dir='ltr'>Eulogius</span> <span class='ocrx_word' id='word_1_373' title='bbox 1491 2203 1604 2244; x_wconf 84' lang='lat' dir='ltr'>Alex.</span> <span class='ocrx_word' id='word_1_374' title='bbox 1620 2206 1718 2256; x_wconf 80' lang='lat' dir='ltr'>apud</span> <span class='ocrx_word' id='word_1_375' title='bbox 1737 2204 1908 2243; x_wconf 78' lang='lat' dir='ltr'>Photium</span> <span class='ocrx_word' id='word_1_376' title='bbox 1924 2233 1936 2253; x_wconf 89' lang='lat'>,</span> 
     </span>
     <span class='ocr_line' id='line_1_57' title="bbox 1123 2269 1936 2318; baseline 0 -10"><span class='ocrx_word' id='word_1_377' title='bbox 1123 2273 1164 2308; x_wconf 89' lang='lat' dir='ltr'>in</span> <span class='ocrx_word' id='word_1_378' title='bbox 1186 2269 1452 2318; x_wconf 78' lang='lat' dir='ltr'>Bibliotheca,</span> <span class='ocrx_word' id='word_1_379' title='bbox 1478 2271 1561 2308; x_wconf 86' lang='lat' dir='ltr'>cod.</span> <span class='ocrx_word' id='word_1_380' title='bbox 1591 2283 1726 2308; x_wconf 74' lang='lat' dir='ltr'>cctxxx</span> <span class='ocrx_word' id='word_1_381' title='bbox 1742 2300 1752 2318; x_wconf 86' lang='lat'>,</span> <span class='ocrx_word' id='word_1_382' title='bbox 1786 2270 1854 2308; x_wconf 91' lang='lat' dir='ltr'>lib.</span> <span class='ocrx_word' id='word_1_383' title='bbox 1883 2282 1936 2317; x_wconf 83' lang='lat'>11,</span> 
     </span>
     <span class='ocr_line' id='line_1_58' title="bbox 1123 2332 1937 2388; baseline -0.001 -15"><span class='ocrx_word' id='word_1_384' title='bbox 1123 2342 1256 2373; x_wconf 83' lang='lat' dir='ltr'>contra</span> <span class='ocrx_word' id='word_1_385' title='bbox 1288 2334 1500 2374; x_wconf 81' lang='lat' dir='ltr'>Novatian.</span> <span class='ocrx_word' id='word_1_386' title='bbox 1534 2332 1656 2384; x_wconf 81' lang='lat' dir='ltr'>Ideo,</span> <span class='ocrx_word' id='word_1_387' title='bbox 1695 2337 1845 2388; x_wconf 84' lang='lat' dir='ltr'>inquit,</span> <span class='ocrx_word' id='word_1_388' title='bbox 1869 2347 1937 2372; x_wconf 84' lang='lat' dir='ltr'>nec</span> 
     </span>
     <span class='ocr_line' id='line_1_59' title="bbox 1124 2398 1935 2452; baseline -0.004 -13"><span class='ocrx_word' id='word_1_389' title='bbox 1124 2400 1275 2439; x_wconf 80' lang='lat' dir='ltr'>Joanni</span> <span class='ocrx_word' id='word_1_390' title='bbox 1301 2413 1369 2438; x_wconf 85' lang='lat' dir='ltr'>nec</span> <span class='ocrx_word' id='word_1_391' title='bbox 1400 2400 1512 2439; x_wconf 82' lang='lat' dir='ltr'>alteri</span> <span class='ocrx_word' id='word_1_392' title='bbox 1538 2402 1721 2452; x_wconf 79' lang='lat' dir='ltr'>cuiquam</span> <span class='ocrx_word' id='word_1_393' title='bbox 1746 2398 1935 2452; x_wconf 79' lang='lat' dir='ltr'>discipulo</span> 
     </span>
     <span class='ocr_line' id='line_1_60' title="bbox 1123 2464 1939 2517; baseline 0 -14"><span class='ocrx_word' id='word_1_394' title='bbox 1123 2466 1225 2504; x_wconf 82' lang='lat' dir='ltr'>dixit</span> <span class='ocrx_word' id='word_1_395' title='bbox 1240 2464 1441 2506; x_wconf 80' lang='lat' dir='ltr'>Salvator.-</span> <span class='ocrx_word' id='word_1_396' title='bbox 1463 2464 1555 2506; x_wconf 80' lang='lat' dir='ltr'>Tibi</span> <span class='ocrx_word' id='word_1_397' title='bbox 1570 2466 1667 2505; x_wconf 84' lang='lat' dir='ltr'>dabo</span> <span class='ocrx_word' id='word_1_398' title='bbox 1687 2466 1811 2505; x_wconf 74' lang='lat' dir='ltr'>claves</span> <span class='ocrx_word' id='word_1_399' title='bbox 1828 2466 1939 2517; x_wconf 64' lang='lat' dir='ltr'>regni</span> 
     </span>
     <span class='ocr_line' id='line_1_61' title="bbox 1124 2531 1935 2585; baseline -0.004 -14"><span class='ocrx_word' id='word_1_400' title='bbox 1124 2532 1306 2572; x_wconf 73' lang='lat' dir='ltr'>coelorum</span> <span class='ocrx_word' id='word_1_401' title='bbox 1320 2563 1331 2581; x_wconf 88' lang='lat'>‚</span> <span class='ocrx_word' id='word_1_402' title='bbox 1357 2533 1422 2571; x_wconf 74' lang='lat' dir='ltr'>sed</span> <span class='ocrx_word' id='word_1_403' title='bbox 1442 2532 1514 2572; x_wconf 75' lang='lat' dir='ltr'>soli</span> <span class='ocrx_word' id='word_1_404' title='bbox 1523 2531 1636 2571; x_wconf 84' lang='lat' dir='ltr'>Petro</span> <span class='ocrx_word' id='word_1_405' title='bbox 1655 2563 1665 2581; x_wconf 87' lang='lat'>,</span> <span class='ocrx_word' id='word_1_406' title='bbox 1688 2535 1755 2585; x_wconf 83' lang='lat' dir='ltr'>qui</span> <span class='ocrx_word' id='word_1_407' title='bbox 1768 2545 1854 2571; x_wconf 82' lang='lat' dir='ltr'>eum</span> <span class='ocrx_word' id='word_1_408' title='bbox 1867 2544 1935 2569; x_wconf 83' lang='lat' dir='ltr'>ne-</span> 
     </span>
     <span class='ocr_line' id='line_1_62' title="bbox 1122 2597 1938 2651; baseline -0.001 -15"><span class='ocrx_word' id='word_1_409' title='bbox 1122 2605 1283 2650; x_wconf 76' lang='lat' dir='ltr'>qaturus</span> <span class='ocrx_word' id='word_1_410' title='bbox 1302 2606 1412 2647; x_wconf 83' lang='lat' dir='ltr'>erat,</span> <span class='ocrx_word' id='word_1_411' title='bbox 1432 2605 1467 2636; x_wconf 82' lang='lat' dir='ltr'>et</span> <span class='ocrx_word' id='word_1_412' title='bbox 1484 2606 1682 2651; x_wconf 79' lang='lat' dir='ltr'>peccatum</span> <span class='ocrx_word' id='word_1_413' title='bbox 1703 2597 1882 2648; x_wconf 71' lang='lat' dir='ltr'>lacrymis</span> <span class='ocrx_word' id='word_1_414' title='bbox 1900 2604 1938 2635; x_wconf 76' lang='lat' dir='ltr'>et</span> 
     </span>
     <span class='ocr_line' id='line_1_63' title="bbox 1118 2663 1935 2717; baseline -0.004 -16"><span class='ocrx_word' id='word_1_415' title='bbox 1118 2666 1348 2717; x_wconf 80' lang='lat' dir='ltr'>poenitentia</span> <span class='ocrx_word' id='word_1_416' title='bbox 1370 2665 1617 2716; x_wconf 71' lang='lat' dir='ltr'>expiaturus,</span> <span class='ocrx_word' id='word_1_417' title='bbox 1649 2670 1687 2701; x_wconf 84' lang='lat' dir='ltr'>ut</span> <span class='ocrx_word' id='word_1_418' title='bbox 1718 2675 1785 2699; x_wconf 73' lang='lat' dir='ltr'>suo</span> <span class='ocrx_word' id='word_1_419' title='bbox 1810 2663 1935 2712; x_wconf 80' lang='lat' dir='ltr'>ipsius</span> 
     </span>
     <span class='ocr_line' id='line_1_64' title="bbox 1124 2727 1987 2781; baseline -0.007 -13"><span class='ocrx_word' id='word_1_420' title='bbox 1124 2729 1291 2781; x_wconf 72' lang='lat' dir='ltr'>exempto</span> <span class='ocrx_word' id='word_1_421' title='bbox 1317 2743 1405 2780; x_wconf 77' lang='lat' dir='ltr'>erqa</span> <span class='ocrx_word' id='word_1_422' title='bbox 1424 2736 1638 2781; x_wconf 74' lang='lat' dir='ltr'>pecartores</span> <span class='ocrx_word' id='word_1_423' title='bbox 1659 2727 1933 2763; x_wconf 71' lang='lat' dir='ltr'>humaniores·</span> <span class='ocrx_word' id='word_1_424' title='bbox 1979 2735 1987 2745; x_wconf 76' lang='grc'>’-</span> 
     </span>
     <span class='ocr_line' id='line_1_65' title="bbox 1124 2791 1934 2842; baseline -0.005 -9"><span class='ocrx_word' id='word_1_425' title='bbox 1124 2801 1193 2833; x_wconf 74' lang='lat' dir='ltr'>set.</span> <span class='ocrx_word' id='word_1_426' title='bbox 1222 2794 1313 2833; x_wconf 88' lang='lat' dir='ltr'>Alii</span> <span class='ocrx_word' id='word_1_427' title='bbox 1338 2796 1443 2832; x_wconf 84' lang='lat' dir='ltr'>enim</span> <span class='ocrx_word' id='word_1_428' title='bbox 1472 2807 1549 2832; x_wconf 88' lang='lat' dir='ltr'>non</span> <span class='ocrx_word' id='word_1_429' title='bbox 1570 2792 1703 2830; x_wconf 80' lang='lat' dir='ltr'>tentati</span> <span class='ocrx_word' id='word_1_430' title='bbox 1713 2791 1849 2842; x_wconf 80' lang='lat' dir='ltr'>forsan</span> <span class='ocrx_word' id='word_1_431' title='bbox 1878 2804 1934 2829; x_wconf 77' lang='lat' dir='ltr'>se-</span> 
     </span>
     <span class='ocr_line' id='line_1_66' title="bbox 1121 2856 1936 2912; baseline -0.006 -14"><span class='ocrx_word' id='word_1_432' title='bbox 1121 2863 1248 2899; x_wconf 80' lang='lat' dir='ltr'>verius</span> <span class='ocrx_word' id='word_1_433' title='bbox 1263 2873 1350 2897; x_wconf 88' lang='lat' dir='ltr'>cum</span> <span class='ocrx_word' id='word_1_434' title='bbox 1361 2858 1621 2912; x_wconf 74' lang='lat' dir='ltr'>peccatoribus</span> <span class='ocrx_word' id='word_1_435' title='bbox 1633 2857 1810 2907; x_wconf 74' lang='lat' dir='ltr'>eqissent.</span> <span class='ocrx_word' id='word_1_436' title='bbox 1837 2856 1936 2894; x_wconf 82' lang='lat' dir='ltr'>Edit.</span> 
     </span>
    </p>
   </div>
   <div class='ocr_carea' id='block_1_4' title="bbox 1124 2919 1932 2974">
    <p class='ocr_par' dir='ltr' id='par_1_6' title="bbox 1124 2919 1932 2974">
     <span class='ocr_line' id='line_1_67' title="bbox 1124 2919 1932 2974; baseline -0.004 -10"><span class='ocrx_word' id='word_1_437' title='bbox 1124 2926 1221 2964; x_wconf 82' lang='lat' dir='ltr'>And.</span> <span class='ocrx_word' id='word_1_438' title='bbox 1237 2923 1582 2965; x_wconf 77' lang='lat' dir='ltr'>ScottiS.J.Colon.</span> <span class='ocrx_word' id='word_1_439' title='bbox 1603 2922 1720 2971; x_wconf 83' lang='lat'>1611,</span> <span class='ocrx_word' id='word_1_440' title='bbox 1733 2919 1932 2974; x_wconf 84' lang='lat' dir='ltr'>col.1599.</span> 
     </span>
    </p>
   </div>
  </div>
 </body>
</html>
