2028 3354
272 220 394 250 PAR'r.
432 218 464 247 l.
502 218 600 248 GAP.
639 217 672 244 1.
712 216 765 244 DE
800 214 979 245 CHRISTI
1015 215 1136 245 ECCL.
1176 214 1397 245 ms'rl'rv‘r.
1437 216 1490 243 BT
1526 214 1649 245 0R1G2

1747 198 1804 245 19

124 343 232 384 rent
273 333 361 398 (l).
396 331 647 394 Nunquam
685 337 843 375 autem
886 345 962 375 eos
1004 328 1053 373 in
1099 329 1255 374 animo
1277 327 1489 376 habuisse
1527 328 1714 393 plenam
1762 337 1815 376 et-

125 413 351 474 integram
401 422 482 453 seu
530 403 789 452 absolutam
827 403 876 450 in
919 404 1011 450 suis
1059 404 1242 468 scriptis
1286 402 1545 451 christianae
1583 403 1808 453 doctrinae

125 501 337 534 normam
365 481 600 548 praebere7
627 488 757 546 patet
788 497 844 526 ex
875 478 947 526 his
979 479 1091 544 ipsis
1130 479 1504 537 commentariis,
1536 495 1635 544 quae
1665 497 1809 545 pecu·

126 552 258 609 liares
276 559 565 606 narrationes
581 565 660 603 aut
680 556 911 602 doctrinas
931 555 1175 601 continent
1192 568 1206 612 3
1229 553 1380 617 quoad
1397 563 1546 602 cetera
1561 554 1813 622 discipulos

125 653 235 683 suos·
253 633 554 684 remittebant
579 632 637 680 ad
666 630 874 678 Ecclesiae
900 629 1217 691 magisterium
1237 628 1327 691 (2).

191 711 266 759 34.
303 712 413 770 Quae
435 709 509 756 hic
537 707 762 772 complexi
782 721 963 763 summ,
996 720 1126 768 aeque
1151 703 1428 751 referuntur
1459 706 1520 753 ad
1554 707 1813 772 Scripturas

127 797 265 852 atque
295 786 353 833 ad
390 784 649 831 doctrinam
679 780 960 828 universam.
993 780 1125 826 Prius
1155 779 1282 826 enim
1332 790 1403 828 est
1434 781 1631 830 existere
1672 800 1815 848 quam

129 862 302 927 aliquid
327 877 458 923 agere
476 868 554 905 aut
575 855 771 904 scribere
793 864 843 902 et
860 854 1040 902 docere.
1064 856 1182 902 Cum
1204 873 1316 904 vero
1338 866 1441 904 tum
1460 874 1516 905 ex
1535 858 1637 923 ipsa
1660 860 1727 906 rei
1749 859 1808 907 de

131 956 220 1004 qua
248 938 396 1000 agitur
425 943 613 991 natura,
650 940 750 977 tum
779 948 834 978 ex
862 931 1241 978 luculentissimis
1267 932 1557 981 documentis
1584 933 1634 981 id
1655 943 1815 982 osten-

133 1014 335 1060 derimus
351 1046 363 1069 ⁷
395 1015 590 1066 constat,
606 1006 731 1071 quod
754 1008 1102 1072 proposuimuS‚
1122 1008 1297 1056 scilicet
1315 1009 1562 1058 Ecclesiam
1583 1026 1609 1056 a
1630 1009 1815 1058 Christo

132 1089 388 1135 institutam
412 1084 693 1131 anteriorem
720 1101 819 1131 esse
847 1084 1007 1148 quavis
1035 1084 1288 1149 Scriptura.

780 1204 1163 1238 DIFFICULTATES.

198 1308 276 1355 35.
314 1307 419 1370 Ohj.
451 1308 692 1372 101Utique
716 1307 833 1354 ratio
859 1317 906 1355 et
929 1307 1206 1355 documenta
1227 1319 1511 1357 concurrunt
1530 1312 1589 1357 ad
1608 1313 1820 1358 anterio-

134 1388 323 1431 rz'tatem
354 1383 562 1432 Ecclesiae
594 1382 928 1430 adstruendam
966 1401 1063 1448 prae
1102 1385 1363 1450 Scriptura;
1401 1402 1567 1434 verum
1605 1386 1693 1434 hoc
1719 1387 1820 1451 ipso

137 1468 275 1508 nutat
320 1460 490 1509 veritas
529 1459 743 1506 historica
777 1461 916 1524 ipsius
959 1459 1193 1519 Ecclesiae7
1235 1462 1329 1508 imo
1366 1471 1413 1509 et
1451 1462 1622 1509 Christi
1658 1463 1820 1527 ipsius.

136 1537 190 1582 20
220 1536 403 1583 Etenim
425 1536 475 1581 in
493 1536 579 1582 hae
603 1535 848 1600 hypothesi
871 1534 989 1581 nihil
1018 1545 1144 1585 vetat
1159 1573 1171 1595 7
1201 1538 1449 1601 quominus
1473 1554 1577 1584 cum
1598 1538 1825 1585 Straussio

143 1610 332 1675 aliisque
361 1610 574 1674 mythicis
600 1627 651 1657 ac
678 1609 974 1657 rationalistis
1015 1628 1111 1658 non
1145 1612 1301 1674 paucis
1335 1612 1666 1674 admittamus,
1690 1612 1828 1660 Chri-

139 1694 263 1733 stum
278 1687 449 1750 ipsum,
473 1695 610 1749 prout
623 1687 668 1731 in
688 1686 824 1732 sacris
833 1685 1014 1733 Litteris
1025 1685 1289 1745 exhibetur,
1312 1704 1410 1734 non
1429 1687 1556 1736 aliud
1569 1705 1667 1735 esse
1686 1705 1827 1753 quam

139 1766 417 1828 conceptum
454 1761 654 1809 idealem
689 1771 767 1808 aut
804 1761 1107 1824 symbolicum
1148 1762 1451 1810 humanitatis
1493 1763 1554 1810 ad
1586 1782 1824 1811 summum

140 1838 433 1904 perfectionis
459 1837 653 1902 gradum
670 1846 858 1885 evectae.
883 1837 935 1884 3⁰
953 1839 1099 1900 Hujus
1127 1834 1315 1902 quidem
1341 1840 1440 1903 typi
1460 1841 1702 1905 conceptio
1725 1848 1824 1887 orta

144 1930 199 1961 ex
231 1913 463 1961 connubio
489 1915 736 1972 doctrinae,
777 1930 858 1960 seu
880 1914 1033 1978 potius
1061 1913 1273 1960 idearum
1294 1913 1585 1975 judaicarum
1624 1924 1672 1962 et
1699 1914 1829 1961 idea—

142 1989 248 2037 rum
272 1990 586 2049 orientalium,
612 2006 829 2054 expressa
854 1999 921 2036 est
941 1991 989 2036 in
1006 1990 1417 2052 persomfieatione
1440 1990 1614 2037 Christi
1633 1992 1751 2038 Jesu
1770 1989 1828 2038 ab

143 2065 410 2113 hominibus
432 2066 617 2131 utrique
640 2065 862 2113 doctrinae
883 2057 1090 2112 initiatis.
1117 2065 1169 2111 40
1190 2067 1307 2112 Cum
1334 2083 1442 2115 vero
1472 2066 1703 2127 ejusmodi
1715 2083 1832 2130 per-

143 2142 401 2206 sonifieatio
433 2142 492 2190 de
515 2160 593 2190 ore
617 2146 666 2188 in
689 2159 739 2188 os
766 2142 1033 2188 transmissa
1066 2142 1204 2189 fuerit
1234 2150 1373 2206 atque
1390 2178 1401 2200 7
1429 2149 1482 2187 ut
1507 2143 1591 2201 fit,
1627 2141 1832 2206 amplifi-

203 2299 256 2349 (l)
282 2298 382 2337 Dum
406 2310 495 2337 vero
515 2298 709 2334 asserimus
724 2326 734 2342 ,
761 2298 951 2347 scriptores
1019 2297 1308 2347 opportunitate,
1331 2303 1371 2332 ut
1391 2294 1570 2332 obtineret
1582 2295 1712 2344 finem,
1725 2306 1837 2346 quem

150 2360 410 2415 hagiographos
456 2361 580 2400 oblata
629 2361 703 2398 sibi
759 2361 952 2399 occasione
1020 2362 1181 2401 intendit
1200 2364 1240 2399 in
1258 2361 1331 2399 illis
1346 2362 1488 2412 scriptis
1503 2388 1514 2409 ‚
1541 2367 1583 2398 ut
1604 2359 1831 2399 enucleatius

152 2428 360 2477 scripsisse„
376 2441 451 2465 non
470 2428 553 2465 ideo
573 2427 780 2465 inficiamur
794 2456 804 2474 ‚
830 2427 953 2464 divina
1021 2441 1262 2479 exponemuS.

152 2490 383 2530 Providentia
417 2495 465 2530 ita
497 2492 713 2543 disponente
744 2492 781 2529 id
816 2491 955 2530 factum

153 2570 230 2597 esse
250 2587 260 2604 ‚
294 2571 335 2595 ac
359 2566 547 2608 propterea
568 2558 690 2596 Deum
713 2571 774 2596 eos
802 2558 848 2596 ad
875 2559 956 2595 scri-

88 2670 93 2675 *
153 2623 318 2661 bendum
350 2624 525 2660 excitasse
543 2636 556 2669 ,⁴
593 2630 752 2660 mentem
788 2636 957 2660 manum-

156 2701 228 2740 que
250 2687 400 2725 duxisse
418 2688 515 2724 iniis
537 2683 732 2738 seligendis
748 2716 757 2733 ‚
773 2700 858 2738 quae
884 2689 959 2739 ipse

158 2753 324 2801 voluerit,
337 2752 376 2790 id
386 2752 485 2804 quod
497 2750 540 2790 G.
559 2751 703 2790 Palmer
722 2752 819 2791 Prof.
838 2752 956 2793 Oxou.

159 2818 205 2857 de
216 2832 289 2870 quo
299 2826 422 2869 postea
439 2829 587 2869 agemus
609 2846 618 2864 ‚
641 2816 838 2855 catholicos
848 2820 960 2869 scrip-

162 2891 255 2921 tores
293 2897 443 2935 carpens
462 2913 471 2930 ‚
505 2882 592 2922 inde
621 2868 795 2934 consequi
829 2890 958 2933 putat3

161 2948 226 2987 sed
247 2948 416 2997 dicimus,
433 2949 552 2987 Deum
566 2978 576 2997 ‚
601 2951 665 3002 qui
689 2950 812 2987 omnia
825 2948 963 2988 sortiter

163 3016 393 3068 suaviterque
432 3016 623 3068 disponit,
655 3014 725 3054 hac
753 3028 861 3055 usum
892 3029 986 3067 esse-

1077 2493 1131 2543 (2)
1152 2492 1240 2546 ‘Cfxn
1263 2493 1412 2543 epist.11
1427 2490 1550 2535 Petri,
1574 2492 1680 2542 epist.
1699 2490 1805 2531 Judae
1820 2522 1831 2540 ,

1022 2557 1109 2596 item
1127 2559 1235 2609 epist.
1261 2557 1365 2596 Pauli
1386 2557 1431 2596 ad
1452 2556 1577 2606 Rom„
1599 2556 1645 2596 ad
1666 2556 1835 2596 Corinth.

1024 2626 1063 2662 in
1073 2625 1209 2678 quibus
1220 2625 1291 2663 hoc
1300 2627 1463 2676 ipsorum
1476 2625 1703 2675 propositum
1715 2630 1839 2677 aperte

1025 2689 1159 2728 elucet.
1178 2689 1256 2729 Cfr.
1269 2697 1446 2741 praeterea
1463 2703 1478 2727 1
1503 2688 1550 2727 ad
1569 2687 1653 2727 Cor.
1679 2702 1719 2727 xx
1736 2719 1749 2738 ‚
1767 2687 1843 2736 16;

1034 2767 1048 2792 1
1075 2754 1122 2793 ad
1137 2753 1235 2794 Tim.
1252 2768 1297 2793 111
1314 2784 1324 2801 ‚
1354 2753 1428 2802 153
1453 2753 1570 2792 Hebr.
1594 2767 1681 2804 xiii,
1713 2767 1759 2808 17
1772 2783 1783 2802 ‚
1798 2761 1843 2792 ut

1027 2828 1164 2872 pateat,
1179 2821 1301 2859 solitos
1317 2818 1514 2872 Apostolos
1531 2819 1640 2858 fuisse
1652 2819 1777 2859 fideles
1785 2832 1841 2857 re-

1031 2887 1172 2924 mittere
1190 2885 1236 2925 ad
1254 2884 1428 2925 Ecclesiae
1446 2885 1697 2936 magisterium
1712 2914 1722 2931 ‚
1745 2885 1840 2922 iniis

1033 2963 1111 3003 quae
1136 2951 1205 3003 ipsi
1227 2964 1303 2991 non
1328 2952 1558 3003 scripserunt.

1576 3067 1626 3113 2.
