2028 3354
437 186 563 216 mm.
597 187 626 215 1.
666 186 763 218 cu.
804 187 867 217 ιν.
909 188 962 217 nn
998 188 1215 220 nccrsssm
1248 189 1448 221 nonnus.
1699 176 1797 223 227

116 308 228 346 sunt
248 335 260 359 ,
304 299 402 348 sive
434 307 573 364 prout
601 299 759 360 testis,
793 300 890 365 sive
922 309 1062 365 prout
1082 301 1258 364 judex,
1306 304 1404 351 sive
1440 302 1630 351 demum
1659 316 1800 371 prout

114 377 331 440 magistra
353 383 436 423 est.
460 376 577 423 Cum
597 393 707 424 vero
730 377 853 424 inter
872 380 1211 427 controversias
1228 416 1240 439 ,
1264 396 1365 444 quae
1394 380 1452 427 ad
1471 380 1612 429 fidem
1635 383 1798 430 referri

113 453 350 500 innuimus
367 488 381 512 7
407 453 649 517 potissima
678 471 730 501 ea
757 454 816 500 sit
832 490 846 513 a
881 471 983 519 quae
1012 455 1153 503 afficit
1180 455 1408 502 librorum
1437 474 1626 504 sensum
1642 494 1655 519 ‚
1691 476 1770 506 seu
1787 495 1801 520 ‚

114 538 167 575 ut
200 536 394 588 vocant,
423 531 559 592 facta
598 531 893 594 doymatz‘ca,
935 530 1144 591 ejusdem
1175 530 1385 578 Ecclesiae
1420 531 1800 581 infallibilitatem

112 605 251 652 etiam
281 606 330 652 in
364 605 435 653 his
466 606 737 654 dirimendis
766 605 1163 673 propugnabimus
1196 607 1244 652 in
1277 606 1422 653 altera
1462 610 1794 674 propositione.

63 687 65 689 ’
109 681 178 728 Sit
205 681 345 745 igitur
373 698 560 729 exorsus
582 700 607 729 a
636 683 800 748 prima.

751 851 1077 896 PROPOSITIO
1110 855 1145 898 Ι.

110 969 332 1017 Ecclesia
360 969 543 1018 Christi
564 977 630 1015 est
651 968 929 1031 infallibilis
953 971 1011 1015 in
1031 971 1094 1016 iis
1114 970 1335 1017 omnibus
1352 1006 1365 1030 ‚
1394 988 1502 1034 quoe
1520 972 1591 1019 ad
1599 974 1745 1035 sidem
1764 983 1809 1020 et

732 1061 885 1091 mores
903 1050 1167 1108 pertinent-

171 1215 284 1264 350.
325 1215 534 1263 Christus
564 1233 621 1263 ex
656 1216 790 1264 dictis
836 1217 1047 1265 Ecclesiae
1076 1227 1234 1266 auctor
1281 1219 1386 1267 ideo
1413 1237 1516 1268 eam
1550 1222 1796 1285 fnndavit„

105 1301 158 1338 ut
179 1292 407 1358 perhanc
431 1292 644 1342 homines
668 1293 856 1341 doceret
883 1303 1036 1342 tutam
1072 1295 1233 1343 salutis
1267 1296 1407 1345 viam.
1441 1298 1559 1362 Ergo
1591 1317 1696 1349 eam
1722 1302 1799 1349 in·-

105 1367 383 1416 fallibilitate
415 1369 668 1427 instruxit,
704 1371 802 1418 sive
833 1380 887 1417 ut
911 1372 1043 1418 testis
1068 1381 1139 1419 est
1166 1371 1292 1435 apud
1333 1372 1546 1421 homines
1586 1380 1683 1438 ejus
1714 1376 1802 1424 do-

105 1446 290 1505 ctrinae‚
322 1462 463 1509 quam
494 1444 553 1492 ab
585 1463 637 1493 eo
669 1446 872 1511 accepit,
902 1448 999 1494 sive
1031 1456 1083 1493 ut
1112 1447 1256 1510 judex
1288 1457 1357 1494 est
1387 1449 1437 1495 in
1472 1454 1800 1502 controversiis

106 1519 402 1577 dirimendis.
422 1538 526 1585 quae
553 1523 768 1568 oriuntur
784 1531 865 1569 aut
895 1523 1005 1569 oriri
1029 1532 1224 1588 possunt
1244 1523 1363 1570 circa
1395 1542 1559 1572 verum
1587 1528 1795 1589 ejusdem

105 1595 326 1653 doctrinae
357 1613 571 1658 sensum,
601 1598 702 1646 sive¹
727 1597 919 1646 demum
946 1608 1085 1663 prout
1119 1600 1336 1662 magistra
1368 1609 1439 1647 est
1466 1600 1516 1647 in
1539 1603 1798 1651 ministerio

107 1690 190 1720 suo
213 1672 478 1720 exhibendo
505 1673 566 1719 ad
594 1673 806 1721 homines
829 1674 916 1721 rite
938 1674 1274 1721 informandos.

172 1748 284 1795 351.
324 1748 615 1796 Antecedens
634 1766 720 1797 nec
740 1749 799 1797 ab
818 1748 1093 1798 adversariis
1108 1750 1218 1814 ipsis
1236 1751 1287 1796 in
1309 1749 1504 1799 dubium
1520 1763 1793 1814 revocaturg

102 1824 166 1872 ita
194 1842 332 1891 porro
364 1825 620 1873 evincimus
651 1842 957 1890 consequens.
986 1826 1195 1874 Christus
1230 1826 1507 1893 sibimetipsi
1535 1847 1617 1878 seu
1648 1832 1697 1878 in
1728 1834 1798 1879 sui

102 1900 257 1948 locum
290 1900 538 1949 Ecclesiam
573 1902 753 1950 suffecit
780 1901 839 1949 ad
869 1919 1030 1950 omnes
1063 1903 1277 1951 homines
1311 1903 1359 1949 in
1385 1904 1477 1952 fide
1510 1923 1562 1952 ac
1585 1906 1793 1954 moribus

102 1977 366 2037 docendos,
410 1977 655 2043 eidemque
700 1979 966 2026 missionem
1009 1979 1130 2027 hanc
1166 1979 1489 2027 difficillimam
1527 1981 1793 2029 obeundam

103 2055 336 2102 commisit
356 2053 415 2100 ad
435 2072 596 2102 omnes
619 2054 832 2102 homines
859 2049 906 2102 et
924 2056 975 2101 in
1000 2073 1162 2103 omnes
1189 2063 1347 2103 aetates
1377 2073 1525 2121 usque
1547 2056 1607 2103 ad
1625 2058 1791 2105 mundi

102 2130 245 2177 finem
263 2151 275 2190 ς
297 2129 496 2194 sigillum
513 2140 737 2195 praeterea
757 2130 926 2179 divinae
949 2130 1084 2193 hujus
1101 2131 1333 2179 missionis
1356 2149 1458 2178 eam
1478 2150 1578 2196 prae
1599 2151 1649 2181 se
1675 2135 1795 2182 ferre

106 2205 253 2253 voluit
273 2207 321 2253 in
345 2207 484 2270 signis
510 2216 558 2254 et
577 2207 805 2271 portentis
823 2243 835 2265 ‚
863 2207 1117 2272 ceterisque
1139 2206 1518 2255 extraordinariis
1546 2208 1680 2255 donis
1696 2246 1708 2269 a
1740 2219 1793 2256 ut

106 2297 191 2346 per
213 2282 309 2346 ipsa
332 2282 475 2330 fidem
503 2283 628 2348 apud
654 2281 849 2348 populos
879 2282 966 2329 sibi
992 2283 1257 2331 conciliaret
1276 2284 1328 2328 in
1351 2283 1438 2331 hoc
1466 2301 1661 2332 munere
1689 2302 1795 2332 exe-

108 2357 323 2422 quend03
351 2358 544 2407 interius
564 2360 757 2424 insuper
774 2359 928 2423 gratiae
952 2375 1043 2406 suae
1068 2358 1274 2407 subsidio
1293 2359 1393 2424 ipse
1416 2360 1629 2407 omnium
1653 2360 1795 2408 corda

106 2432 309 2480 illustrat
338 2450 389 2481 ac
421 2445 665 2500 permovet
683 2472 696 2495 .‚
729 2445 783 2483 ut
808 2435 1027 2482 doctrinae
1053 2434 1141 2483 sibi
1174 2437 1258 2484 Dei
1283 2436 1474 2483 nomine
1505 2435 1565 2483 ab
1593 2437 1792 2485 Ecclesia

106 2510 357 2575 propositae
380 2527 548 2574 pronas
572 2512 853 2559 admoveant
886 2527 1017 2557 aures
1050 2512 1182 2578 eique
1212 2511 1560 2577 obsequentum
1596 2522 1791 2561 aeternas

106 2584 309 2651 denique
330 2602 493 2651 poenas
514 2595 561 2634 et
579 2587 799 2653 supplicia
819 2586 1128 2635 comminatur
1154 2581 1468 2636 obedientiam
1491 2588 1794 2637 detrectanti-

105 2659 192 2708 bus
214 2670 354 2727 atque
376 2661 584 2710 Ecclesiae
603 2663 977 2728 praedicationem
997 2663 1323 2729 respuentibus
1341 2664 1427 2728 (1).

167 2834 218 2886 (1)
249 2835 419 2876 Praeclare
452 2836 593 2876 Mfihler
607 2865 619 2885 ,
644 2840 684 2875 in
708 2839 772 2876 cit.
793 2833 911 2888 Sym·
975 2836 1067 2888 fam
1086 2836 1131 2876 dc
1153 2837 1257 2877 Dieu
1280 2837 1360 2876 doit
1376 2838 1494 2878 durcr
1505 2838 1699 2891 jusqu'au
1711 2841 1785 2875 trc-

114 2898 256 2950 boHca,
276 2916 357 2956 cap.
382 2901 407 2942 5
422 2930 436 2951 ,
464 2900 485 2955 §
516 2900 567 2941 36
585 2932 595 2950 ,
626 2901 752 2941 scribit
783 2916 794 2942 z
828 2901 915 2941 Une
979 2916 1065 2956 pas.
1089 2903 1140 2943 Le
1160 2905 1345 2958 Bapteme
1369 2911 1424 2942 est
1444 2904 1482 2942 la
1496 2912 1606 2958 porte
1630 2905 1676 2943 de
1702 2902 1787 2941 l'E·

112 2963 190 3016 fois
212 2971 437 3006 consommea
452 2998 463 3020 ‚
478 2967 669 3007 Pallianco
686 2982 775 3008 aveo
786 2968 837 3008 les
850 2983 917 3008 e-n-
982 2967 1076 3020 qlise
1090 2999 1101 3019 ,
1126 2968 1363 3009 l’admission
1384 2970 1483 3009 dans
1502 2970 1541 3007 la
1569 2971 1701 3008 societ&
1720 2968 1784 3009 dee

1489 3033 1565 3080 15.
