2028 3354
1785 214 1846 261 27

325 226 450 254 PART.
490 226 521 253 1.
563 226 661 254 ΠΛΡ.
707 227 736 254 1.
774 226 826 254 DE
860 225 1033 256 CHRISTI
1068 227 1189 257 ECGL.
1231 227 1445 258 msrl‘rU'r.
1484 229 1536 259 ΕΤ
1571 229 1685 260 ORIG.

178 341 331 386 minus
364 339 620 387 seculorum
637 341 754 387 serie
769 377 782 399 .,
814 340 1073 389 luculenter
1103 342 1307 390 ostendit
1322 379 1335 403 .,
1355 353 1512 392 utrum
1537 346 1685 411 reipsa
1703 363 1850 394 necne

178 414 369 462 Ecclesia
395 415 444 460 in
471 418 570 478 jura
602 433 839 482 synagogae
866 418 1134 465 successerit
1151 455 1164 477 ,
1196 436 1257 465 an
1293 436 1402 466 vero
1433 423 1628 485 spectari
1652 421 1819 470 debeat
1836 460 1849 482 ⁷

177 499 228 535 ut
249 489 534 537 :adversarius
555 491 817 549 contendit,
842 502 1064 557 tanquam
1084 493 1357 541 collateralis
1374 512 1612 559 synagogae
1628 507 1747 546 secta
1760 498 1847 564 (l).

177 564 296 611 Illud
327 576 484 613 autem
515 585 677 614 verum
713 577 809 625 est,
834 568 967 633 plura
1002 569 1154 633 quoad
1185 569 1392 631 regimen
1413 605 1425 628 7
1462 573 1746 639 principium
1769 592 1851 622 au-

175 641 394 688 ctoritatis
417 678 429 699 .‚
471 642 647 707 aliaque
682 661 778 689 non
811 660 954 707 pauca
973 678 985 701 ,
1013 652 1065 689 ut
1096 652 1256 707 postea
1280 644 1545 694 evolvemus
1563 684 1575 706 ,
1615 666 1640 695 a
1669 649 1852 698 Christo

174 716 392 781 adoptata
416 736 471 765 ex
491 719 639 766 veteri
660 735 883 782 synagoga
907 725 954 764 et
975 718 1020 763 in
1044 719 1290 766 Ecclesiam
1313 737 1444 767 suam
1464 723 1716 785 translata3
1742 744 1853 773 nam

174 801 220 839 et
248 793 323 839 illa
360 794 447 840 fuit
479 794 698 843 divinitus
728 792 938 839 instituta
970 802 1016 840 et
1051 793 1263 842 ordinata
1306 795 1366 843 ad
1400 797 1635 845 Christum
1666 804 1854 867 ejusque

173 869 435 916 Ecclesiam.

238 945 314 991 42.
356 944 424 990 Ad
448 945 511 990 7¹¹¹
527 979 540 998 ,
572 944 696 990 Βίει.
722 942 775 990 Id
798 954 893 1004 est,
917 963 943 991 a
968 945 1150 993 Christo
1175 948 1276 1012 ipso
1303 949 1506 998 Ecclesiae
1531 951 1680 999 forma
1698 951 1853 1000 deter—

173 1020 344 1066 minata
374 1028 471 1077 est,
511 1035 564 1065 ex
606 1036 693 1084 qua
726 1020 902 1086 reliqua
934 1030 1157 1087 tanquam
1191 1042 1248 1071 ex
1285 1026 1461 1073 semine
1491 1028 1677 1075 evoluta
1705 1038 1816 1077 sunt
1836 1066 1851 1089 ⁷

171 1111 269 1158 quae
291 1094 355 1140 adl
365 1098 459 1157 ejus
477 1095 810 1159 perfectionem
831 1098 1096 1162 pertinent,
1115 1118 1243 1149 conc.
1254 1118 1270 1156 ;
1294 1119 1349 1149 ex
1383 1102 1521 1150 ideali
1538 1112 1585 1151 et
1600 1104 1852 1169 symbolice

168 1179 392 1234 conceptu
413 1207 425 1229 ‚
459 1188 560 1233 neq.
593 1173 799 1219 Dimissis
825 1191 965 1239 porro
996 1174 1369 1224 adversariorum
1403 1179 1646 1227 calumniis
1677 1181 1734 1229 de
1766 1180 1851 1230 do—

171 1245 436 1293 minationis
465 1247 645 1294 ambitu
665 1285 677 1307 a
709 1248 858 1314 deque
884 1250 1094 1300 Ecclesiae
1121 1270 1200 1301 seu
1227 1258 1323 1316 ejus
1355 1258 1639 1304 auctoritatis
1668 1260 1719 1305 in
1745 1268 1849 1307 ter-

166 1339 326 1369 renam
355 1333 401 1369 et
425 1318 731 1389 temporalem
761 1328 1061 1375 conversione
1083 1346 1139 1375 ex
1162 1332 1351 1394 mystica
1380 1341 1426 1379 et
1458 1334 1715 1397 spirituali7
1743 1335 1852 1384 dici-

166 1416 267 1445 mus
292 1399 527 1447 Christum
548 1401 759 1449 Ecclesiae
793 1420 885 1450 suae
913 1404 1112 1452 formam
1143 1405 1349 1467 dedisse,
1381 1425 1485 1472 quae
1509 1419 1670 1475 postea
1703 1413 1847 1475 magis

166 1492 216 1521 ac
245 1476 388 1538 magis
420 1476 604 1525 evoluta
640 1488 745 1537 est
790 1479 903 1526 dum
940 1498 1025 1545 per
1055 1491 1322 1546 temporum
1354 1494 1402 1531 et
1436 1503 1595 1533 lerum
1626 1488 1848 1550 adjuncta

167 1558 313 1597 totam
335 1555 622 1614 majestatem
644 1571 775 1600 suam
801 1572 852 1601 ac
873 1554 1067 1618 gloriam
1088 1557 1286 1623 explica]
1290 1577 1314 1606 e
1333 1565 1502 1624 potuit.
1524 1563 1625 1609 Huc
1643 1563 1849 1612 referun-

166 1636 243 1673 tur
266 1630 360 1688 ejus
389 1627 649 1692 parabolae,
676 1629 761 1676 sub
788 1630 954 1695 quibus
983 1633 1134 1680 futura
1159 1634 1258 1681 haec
1275 1629 1535 1701 amplitudo
1552 1656 1605 1685 ac
1632 1643 1846 1702 majestas

164 1710 233 1749 est
253 1702 527 1750 adumbrata
547 1703 634 1767 (2).
659 1707 780 1752 Dum
809 1724 919 1755 vero
944 1712 1349 1773 protestantismus
1370 1712 1456 1760 sub
1481 1724 1709 1777 praetextu
1732 1734 1848 1763 non-

213 1835 272 1884 (l)
298 1835 376 1874 Cfr.
414 1851 494 1889 quae
542 1839 752 1891 scripsimus
795 1839 967 1879 adversus

161 1898 333 1939 Salvador
342 1915 383 1940 ac
393 1903 622 1955 judaizantes
634 1903 797 1957 reliquos
805 1907 843 1944 in
858 1914 965 1945 tract.

161 1964 218 2004 De
239 1967 432 2006 incarnat.
459 1977 551 2020 part.
571 1982 598 2022 v1
617 2000 628 2019 ,
641 1985 681 2008 n.
705 1969 779 2009 180
806 1981 841 2010 et
861 1985 966 2024 seqq.

214 2031 264 2080 (2)
295 2031 400 2071 Tales
434 2042 526 2072 sunt
552 2036 736 2086 parabolae
775 2037 820 2075 de
856 2051 966 2089 grano

160 2099 318 2150 sinapis,
347 2099 479 2140 Matth.
507 2113 574 2139 xm
593 2129 605 2151 ‚
640 2102 685 2140 31
720 2109 756 2141 et
778 2118 901 2157 seqq.;
921 2106 968 2144 de

161 2162 340 2203 fermento
356 2193 370 2213 ,
398 2165 492 2205 ibid.
525 2167 575 2205 33
597 2180 608 2216 ;
638 2168 684 2205 de
706 2171 848 2208 semine
867 2178 968 2208 terrae

163 2227 244 2268 dato
256 2258 269 2279 ‚
294 2231 395 2282 quod
409 2233 536 2270 crescit
549 2240 584 2270 et
600 2233 800 2272 fructificat
813 2264 823 2281 ‚
849 2235 964 2275 Mare.

166 2305 218 2338 lv,
245 2292 296 2331 26
329 2303 363 2334 et
396 2311 500 2349 seqq.
538 2297 606 2335 Hic
626 2300 761 2350 juverit
784 2314 966 2352 opponere

166 2355 339 2398 Salvador
367 2364 567 2414 ceterisque
600 2364 862 2404 detractoribus
900 2382 964 2405 ex-

166 2429 278 2461 ternae
297 2424 492 2477 majestatis
510 2442 620 2480 quam
635 2429 796 2469 Ecclesia
819 2433 964 2470 seculo-

165 2503 247 2527 rum
266 2490 369 2541 lapsu
388 2494 515 2546 adepta
534 2503 588 2534 est
601 2524 612 2542 ‚
627 2510 729 2535 veras
748 2511 792 2536 ac
811 2499 964 2549 profun-

164 2552 229 2592 das
255 2555 521 2598 observationes
541 2561 701 2600 hominis
733 2567 965 2614 protestantis

165 2619 227 2658 sed
246 2622 397 2671 ingenui
415 2651 426 2670 ,
446 2624 581 2663 scilicet
596 2626 658 2666 Cl.
679 2627 831 2679 Hurter,
849 2632 963 2682 quiin

166 2682 259 2723 Vita
277 2685 503 2726 Innocentii
526 2703 591 2738 111,
619 2691 688 2731 lib.
713 2707 795 2742 xiv,
822 2709 864 2733 ex
887 2711 965 2747 ger-

164 2753 308 2790 manico
329 2753 504 2793 idiomate
535 2758 574 2793 in
608 2756 734 2809 gallic.
765 2772 962 2809 conversa,

162 2815 240 2855 haec
260 2819 428 2869 praeclare
446 2820 570 2859 scribit
596 2835 607 2859 :
641 2821 744 2860 C'eet
765 2825 871 2863 aimi
895 2840 966 2878 que

164 2879 337 2922 l'eesence
366 2885 572 2924 interieure
607 2887 660 2925 du
684 2887 966 2930 christianisme

164 2946 321 2997 enfama
332 2977 347 2998 ,
380 2950 480 2989 dans
509 2950 542 2989 le
573 2966 684 2992 caure
714 2954 779 2994 dee
812 2957 964 3007 aeoles,

164 3023 207 3048 sa
231 3013 352 3063 forme
383 3018 616 3068 exterieuw,
649 3019 810 3072 I'E'qlise
835 3053 846 3072 ‚
877 3022 966 3063 dom

1035 1841 1071 1880 la
1094 1842 1307 1882 hierarclaz'e
1337 1846 1429 1883 &tait
1448 1845 1486 1883 la
1504 1847 1591 1886 base
1608 1854 1643 1885 et
1661 1848 1694 1887 le
1708 1849 1843 1901 pilier.

1043 1907 1130 1947 Une
1152 1910 1212 1946 vie
1228 1909 1360 1961 pleine
1394 1910 1587 1951 d'activa'te
1602 1915 1780 1966 juvenile
1810 1925 1846 1956 et

1034 1973 1222 2026 d'eneryie
1250 1977 1412 2023 morale,
1438 1977 1594 2016 l’action
1619 1986 1656 2017 et
1682 1980 1720 2018 Ia
1742 1985 1844 2021 reac-

1033 2042 1115 2078 tion
1129 2042 1327 2093 produites
1345 2057 1424 2095 par
1442 2043 1754 2086 l'enchainement
1779 2048 1844 2088 des

1034 2108 1253 2145 &venemens
1267 2138 1276 2155 ‚
1303 2109 1500 2147 rendirent
1518 2118 1609 2150 cette
1628 2112 1844 2154 hierarchia

1032 2173 1178 2223 qramle
1193 2181 1229 2212 et
1245 2174 1345 2226 forte
1361 2206 1371 2223 ‚
1397 2182 1432 2214 et
1449 2190 1497 2214 en
1515 2178 1635 2228 firent
1648 2193 1725 2217 une
1742 2182 1843 2219 aris-

1033 2241 1187 2277 tocracie
1206 2240 1430 2292 spirituelle,
1450 2245 1521 2293 qui
1542 2245 1649 2281 avait
1670 2258 1728 2282 ses
1741 2247 1842 2284 raci-

1033 2316 1100 2342 nes
1120 2305 1218 2343 dans
1256 2305 1307 2343 les
1325 2307 1416 2358 plus
1448 2308 1574 2346 nobles
1586 2312 1843 2361 pret-oqativen

1032 2369 1085 2408 du
1102 2384 1218 2421 yeme
1235 2370 1416 2419 hamam,
1445 2377 1514 2424 qui
1529 2374 1697 2413 touchait
1716 2376 1750 2415 le
1770 2378 1843 2416 ciel

1031 2447 1120 2473 avec
1136 2449 1178 2472 sa
1203 2449 1408 2484 couronne,
1426 2445 1462 2476 et
1476 2438 1679 2491 repandait
1697 2453 1755 2480 ses
1773 2454 1838 2480 ra-

1031 2512 1169 2538 meaum
1183 2508 1417 2552 protecteurs
1433 2516 1503 2541 sur
1520 2511 1603 2543 tous
1621 2504 1673 2543 les
1681 2506 1841 2559 peuplee

1026 2566 1247 2616 professam
1272 2567 1310 2605 Ia
1329 2568 1388 2619 sbi
1408 2569 1640 2610 chrecienne.
1676 2572 1781 2610 Tout
1798 2587 1839 2612 ee

1031 2633 1101 2681 qui
1125 2634 1219 2671 &tait
1248 2635 1417 2673 eminent
1433 2648 1513 2687 par
1541 2636 1580 2673 la
1611 2639 1835 2688 naissum-e,

1024 2710 1105 2749 par
1121 2698 1174 2737 les
1185 2699 1279 2737 done
1299 2700 1344 2738 de
1366 2700 1510 2754 l'eeprit
1523 2732 1534 2750 ‚
1553 2717 1634 2754 par
1653 2704 1839 2744 l’hahilete

1032 2768 1068 2799 et
1099 2763 1346 2817 Z’emperienee
1377 2766 1442 2805 des
1470 2770 1627 2822 affaire-⁹
1644 2799 1656 2817 ,
1671 2783 1752 2822 par
1779 2783 1838 2810 ees

1030 2835 1156 2868 venus
1179 2830 1272 2869 dont
1293 2830 1331 2869 Ia
1345 2836 1579 2886 recompenso
1593 2839 1685 2874 &tait
1700 2835 1736 2875 la
1750 2849 1838 2875 cou-

1032 2906 1157 2933 romte
1184 2897 1447 2949 imperis-'able
1474 2913 1545 2951 que
1581 2900 1613 2938 le
1652 2901 1832 2939 christia-

1032 2960 1155 3014 nieme
1159 2966 1333 3014 presente
1345 2964 1371 3002 ὰ
1385 2964 1578 3017 seafideles
1589 2966 1833 3017 confesseurs,

1032 3038 1071 3063 se
1098 3031 1266 3067 trouvait
1302 3043 1354 3068 au
1379 3033 1463 3070 sein
1485 3032 1529 3070 de
1559 3030 1728 3084 I’quise.
1755 3032 1838 3072 Par
