<?xml version="1.0" encoding="UTF-8"?>
<!DOCTYPE html PUBLIC "-//W3C//DTD XHTML 1.0 Transitional//EN"
    "http://www.w3.org/TR/xhtml1/DTD/xhtml1-transitional.dtd">
<html xmlns="http://www.w3.org/1999/xhtml" xml:lang="en" lang="en">
 <head>
  <title>
</title>
<meta http-equiv="Content-Type" content="text/html;charset=utf-8" />
  <meta name='ocr-system' content='tesseract 3.04.00' />
  <meta name='ocr-capabilities' content='ocr_page ocr_carea ocr_par ocr_line ocrx_word'/>
</head>
<body>
  <div class='ocr_page' id='page_1' title='image "./praelectionestheo08perruoft/praelectionestheo08perruoft_0356.png"; bbox 0 0 2028 3354; ppageno 0'>
   <div class='ocr_carea' id='block_1_1' title="bbox 211 189 1417 238">
    <p class='ocr_par' dir='ltr' id='par_1_1' title="bbox 211 189 1417 238">
     <span class='ocr_line' id='line_1_1' title="bbox 211 189 1417 238; baseline 0 -2"><span class='ocrx_word' id='word_1_1' title='bbox 211 189 306 237; x_wconf 80' lang='grc'>344</span> <span class='ocrx_word' id='word_1_2' title='bbox 677 204 833 235; x_wconf 73' lang='lat' dir='ltr'>rnAc&#39;r.</span> <span class='ocrx_word' id='word_1_3' title='bbox 871 206 924 233; x_wconf 73' lang='lat' dir='ltr'>nn</span> <span class='ocrx_word' id='word_1_4' title='bbox 961 206 1077 236; x_wconf 67' lang='lat' dir='ltr'>noeis</span> <span class='ocrx_word' id='word_1_5' title='bbox 1114 207 1417 238; x_wconf 72' lang='lat' dir='ltr'>Tunozoemis.</span> 
     </span>
    </p>
   </div>
   <div class='ocr_carea' id='block_1_2' title="bbox 205 316 1960 2895">
    <p class='ocr_par' dir='ltr' id='par_1_2' title="bbox 205 316 1960 2512">
     <span class='ocr_line' id='line_1_2' title="bbox 205 316 1908 382; baseline -0.001 -16"><span class='ocrx_word' id='word_1_6' title='bbox 205 323 306 382; x_wconf 83' lang='lat' dir='ltr'>jam</span> <span class='ocrx_word' id='word_1_7' title='bbox 337 328 580 365; x_wconf 87' lang='lat' dir='ltr'>ostensum</span> <span class='ocrx_word' id='word_1_8' title='bbox 610 316 778 375; x_wconf 67' lang='lat' dir='ltr'>fuerit,</span> <span class='ocrx_word' id='word_1_9' title='bbox 812 317 1029 363; x_wconf 86' lang='lat' dir='ltr'>constitui</span> <span class='ocrx_word' id='word_1_10' title='bbox 1056 321 1375 380; x_wconf 66' lang='lat' dir='ltr'>aequalitatem</span> <span class='ocrx_word' id='word_1_11' title='bbox 1399 329 1446 366; x_wconf 87' lang='lat' dir='ltr'>et</span> <span class='ocrx_word' id='word_1_12' title='bbox 1467 336 1748 382; x_wconf 77' lang='lat' dir='ltr'><em>supremam</em></span> <span class='ocrx_word' id='word_1_13' title='bbox 1775 321 1908 382; x_wconf 61' lang='lat' dir='ltr'>Apo»</span> 
     </span>
     <span class='ocr_line' id='line_1_3' title="bbox 214 392 1909 461; baseline -0.001 -19"><span class='ocrx_word' id='word_1_14' title='bbox 214 398 443 443; x_wconf 70' lang='lat' dir='ltr'>stolorum</span> <span class='ocrx_word' id='word_1_15' title='bbox 455 392 668 439; x_wconf 89' lang='lat' dir='ltr'>omnium</span> <span class='ocrx_word' id='word_1_16' title='bbox 686 392 1166 458; x_wconf 58' lang='lat' dir='ltr'>potestaten17liquet„</span> <span class='ocrx_word' id='word_1_17' title='bbox 1181 411 1340 442; x_wconf 89' lang='lat' dir='ltr'>omnes</span> <span class='ocrx_word' id='word_1_18' title='bbox 1354 395 1554 457; x_wconf 75' lang='lat' dir='ltr'>obJectos</span> <span class='ocrx_word' id='word_1_19' title='bbox 1566 404 1720 442; x_wconf 71' lang='lat' dir='ltr'>textus</span> <span class='ocrx_word' id='word_1_20' title='bbox 1738 395 1909 461; x_wconf 83' lang='lat' dir='ltr'>exponi</span> 
     </span>
     <span class='ocr_line' id='line_1_4' title="bbox 215 467 1909 536; baseline 0.001 -20"><span class='ocrx_word' id='word_1_21' title='bbox 215 469 387 516; x_wconf 87' lang='lat' dir='ltr'>debere</span> <span class='ocrx_word' id='word_1_22' title='bbox 413 468 699 515; x_wconf 68' lang='lat' dir='ltr'>cohaerenter</span> <span class='ocrx_word' id='word_1_23' title='bbox 731 468 790 515; x_wconf 77' lang='lat' dir='ltr'>ad</span> <span class='ocrx_word' id='word_1_24' title='bbox 820 467 953 515; x_wconf 82' lang='lat' dir='ltr'>illum</span> <span class='ocrx_word' id='word_1_25' title='bbox 978 486 1182 522; x_wconf 82' lang='lat' dir='ltr'>sensum.</span> <span class='ocrx_word' id='word_1_26' title='bbox 1205 470 1257 515; x_wconf 72' lang='lat'>40</span> <span class='ocrx_word' id='word_1_27' title='bbox 1280 473 1371 517; x_wconf 88' lang='lat' dir='ltr'>Nec</span> <span class='ocrx_word' id='word_1_28' title='bbox 1391 472 1532 519; x_wconf 78' lang='lat' dir='ltr'><strong>refert</strong></span> <span class='ocrx_word' id='word_1_29' title='bbox 1550 508 1561 529; x_wconf 72' lang='grc'><em>,</em></span> <span class='ocrx_word' id='word_1_30' title='bbox 1594 472 1717 536; x_wconf 87' lang='lat' dir='ltr'>quod</span> <span class='ocrx_word' id='word_1_31' title='bbox 1743 471 1909 534; x_wconf 87' lang='lat' dir='ltr'>objici-</span> 
     </span>
     <span class='ocr_line' id='line_1_5' title="bbox 211 545 1913 609; baseline 0.002 -18"><span class='ocrx_word' id='word_1_32' title='bbox 211 555 289 591; x_wconf 89' lang='lat' dir='ltr'>tur</span> <span class='ocrx_word' id='word_1_33' title='bbox 317 561 372 590; x_wconf 75' lang='lat' dir='ltr'>ex</span> <span class='ocrx_word' id='word_1_34' title='bbox 402 545 448 590; x_wconf 90' lang='lat' dir='ltr'>S.</span> <span class='ocrx_word' id='word_1_35' title='bbox 475 545 627 591; x_wconf 80' lang='lat' dir='ltr'>Leone</span> <span class='ocrx_word' id='word_1_36' title='bbox 656 545 788 590; x_wconf 85' lang='lat' dir='ltr'>Rom.</span> <span class='ocrx_word' id='word_1_37' title='bbox 834 545 1022 608; x_wconf 72' lang='lat' dir='ltr'>(serm.</span> <span class='ocrx_word' id='word_1_38' title='bbox 1064 545 1128 591; x_wconf 83' lang='grc' dir='ltr'>ΙΙΙ</span> <span class='ocrx_word' id='word_1_39' title='bbox 1147 579 1159 602; x_wconf 90' lang='grc'><em>,</em></span> <span class='ocrx_word' id='word_1_40' title='bbox 1195 546 1250 590; x_wconf 79' lang='lat' dir='ltr'>de</span> <span class='ocrx_word' id='word_1_41' title='bbox 1293 556 1518 609; x_wconf 70' lang='lat' dir='ltr'>assumpt.</span> <span class='ocrx_word' id='word_1_42' title='bbox 1555 565 1644 594; x_wconf 80' lang='lat' dir='ltr'>sua</span> <span class='ocrx_word' id='word_1_43' title='bbox 1669 549 1716 608; x_wconf 80' lang='lat'>);</span> <span class='ocrx_word' id='word_1_44' title='bbox 1749 556 1913 594; x_wconf 84' lang='lat' dir='ltr'>notum</span> 
     </span>
     <span class='ocr_line' id='line_1_6' title="bbox 214 621 1960 687; baseline 0.002 -19"><span class='ocrx_word' id='word_1_45' title='bbox 214 621 446 687; x_wconf 84' lang='lat' dir='ltr'>siquidem</span> <span class='ocrx_word' id='word_1_46' title='bbox 463 630 551 679; x_wconf 66' lang='lat' dir='ltr'>est,</span> <span class='ocrx_word' id='word_1_47' title='bbox 572 622 772 668; x_wconf 81' lang='lat' dir='ltr'>Leonem</span> <span class='ocrx_word' id='word_1_48' title='bbox 790 621 993 685; x_wconf 84' lang='lat' dir='ltr'>aliosque</span> <span class='ocrx_word' id='word_1_49' title='bbox 1018 639 1137 669; x_wconf 86' lang='lat' dir='ltr'>rom.</span> <span class='ocrx_word' id='word_1_50' title='bbox 1163 622 1403 669; x_wconf 84' lang='lat' dir='ltr'>Pontifices</span> <span class='ocrx_word' id='word_1_51' title='bbox 1424 624 1661 671; x_wconf 87' lang='lat' dir='ltr'>interdum</span> <span class='ocrx_word' id='word_1_52' title='bbox 1684 623 1913 672; x_wconf 86' lang='lat' dir='ltr'>induciad</span> <span class='ocrx_word' id='word_1_53' title='bbox 1958 626 1960 628; x_wconf 61' lang='grc'><strong><em>’</em></strong></span> 
     </span>
     <span class='ocr_line' id='line_1_7' title="bbox 215 697 1914 762; baseline 0.001 -17"><span class='ocrx_word' id='word_1_54' title='bbox 215 699 261 745; x_wconf 90' lang='lat' dir='ltr'>S.</span> <span class='ocrx_word' id='word_1_55' title='bbox 284 697 408 745; x_wconf 84' lang='lat' dir='ltr'>Petri</span> <span class='ocrx_word' id='word_1_56' title='bbox 432 697 674 762; x_wconf 83' lang='lat' dir='ltr'>privilegia</span> <span class='ocrx_word' id='word_1_57' title='bbox 692 697 797 762; x_wconf 89' lang='lat' dir='ltr'>plus</span> <span class='ocrx_word' id='word_1_58' title='bbox 817 715 955 762; x_wconf 87' lang='lat' dir='ltr'>quam</span> <span class='ocrx_word' id='word_1_59' title='bbox 981 716 1066 762; x_wconf 87' lang='lat' dir='ltr'>par</span> <span class='ocrx_word' id='word_1_60' title='bbox 1079 707 1200 744; x_wconf 87' lang='lat' dir='ltr'>esset</span> <span class='ocrx_word' id='word_1_61' title='bbox 1219 698 1555 761; x_wconf 76' lang='lat' dir='ltr'>magnificanda</span> <span class='ocrx_word' id='word_1_62' title='bbox 1573 735 1588 758; x_wconf 78' lang='lat'><strong>⁷</strong></span> <span class='ocrx_word' id='word_1_63' title='bbox 1610 716 1666 747; x_wconf 78' lang='lat' dir='ltr'>ex</span> <span class='ocrx_word' id='word_1_64' title='bbox 1685 699 1914 748; x_wconf 85' lang='lat' dir='ltr'>desiderio</span> 
     </span>
     <span class='ocr_line' id='line_1_8' title="bbox 215 772 1913 838; baseline 0.001 -16"><span class='ocrx_word' id='word_1_65' title='bbox 215 772 475 822; x_wconf 84' lang='lat' dir='ltr'>extollendi</span> <span class='ocrx_word' id='word_1_66' title='bbox 500 790 593 820; x_wconf 85' lang='lat' dir='ltr'>suae</span> <span class='ocrx_word' id='word_1_67' title='bbox 627 772 914 838; x_wconf 85' lang='lat' dir='ltr'>particularis</span> <span class='ocrx_word' id='word_1_68' title='bbox 938 772 1147 820; x_wconf 79' lang='lat' dir='ltr'>Ecclesiae</span> <span class='ocrx_word' id='word_1_69' title='bbox 1174 773 1488 821; x_wconf 83' lang='lat' dir='ltr'>fundatorem.</span> <span class='ocrx_word' id='word_1_70' title='bbox 1517 775 1598 821; x_wconf 87' lang='lat' dir='ltr'>Hae</span> <span class='ocrx_word' id='word_1_71' title='bbox 1629 785 1784 823; x_wconf 84' lang='lat' dir='ltr'>autem</span> <span class='ocrx_word' id='word_1_72' title='bbox 1810 793 1913 822; x_wconf 80' lang='lat' dir='ltr'>am-</span> 
     </span>
     <span class='ocr_line' id='line_1_9' title="bbox 212 850 1916 918; baseline 0 -20"><span class='ocrx_word' id='word_1_73' title='bbox 212 851 515 918; x_wconf 88' lang='lat' dir='ltr'>plificationes</span> <span class='ocrx_word' id='word_1_74' title='bbox 551 851 748 916; x_wconf 86' lang='lat' dir='ltr'>spectari</span> <span class='ocrx_word' id='word_1_75' title='bbox 786 852 952 897; x_wconf 87' lang='lat' dir='ltr'>merito</span> <span class='ocrx_word' id='word_1_76' title='bbox 982 859 1176 915; x_wconf 77' lang='lat' dir='ltr'>possunt</span> <span class='ocrx_word' id='word_1_77' title='bbox 1215 850 1358 897; x_wconf 87' lang='lat' dir='ltr'>veluti</span> <span class='ocrx_word' id='word_1_78' title='bbox 1384 851 1577 916; x_wconf 75' lang='lat' dir='ltr'>privatae</span> <span class='ocrx_word' id='word_1_79' title='bbox 1605 851 1791 898; x_wconf 89' lang='lat' dir='ltr'>illorum</span> <span class='ocrx_word' id='word_1_80' title='bbox 1813 853 1916 917; x_wconf 76' lang='lat' dir='ltr'>Epi-</span> 
     </span>
     <span class='ocr_line' id='line_1_10' title="bbox 217 926 1918 993; baseline -0.001 -18"><span class='ocrx_word' id='word_1_81' title='bbox 217 945 465 993; x_wconf 85' lang='lat' dir='ltr'>seoporum</span> <span class='ocrx_word' id='word_1_82' title='bbox 509 928 780 992; x_wconf 63' lang='lat' dir='ltr'>opinionesq</span> <span class='ocrx_word' id='word_1_83' title='bbox 828 927 1020 973; x_wconf 83' lang='lat' dir='ltr'>minime</span> <span class='ocrx_word' id='word_1_84' title='bbox 1050 943 1160 974; x_wconf 84' lang='lat' dir='ltr'>vero</span> <span class='ocrx_word' id='word_1_85' title='bbox 1200 927 1267 972; x_wconf 90' lang='lat' dir='ltr'>uti</span> <span class='ocrx_word' id='word_1_86' title='bbox 1301 926 1574 973; x_wconf 79' lang='lat' dir='ltr'>catholicam</span> <span class='ocrx_word' id='word_1_87' title='bbox 1619 927 1918 974; x_wconf 82' lang='lat' dir='ltr'>traditionem</span> 
     </span>
     <span class='ocr_line' id='line_1_11' title="bbox 214 1001 1915 1069; baseline -0.001 -20"><span class='ocrx_word' id='word_1_88' title='bbox 214 1020 311 1069; x_wconf 86' lang='lat' dir='ltr'>prae</span> <span class='ocrx_word' id='word_1_89' title='bbox 324 1021 371 1050; x_wconf 91' lang='lat' dir='ltr'>se</span> <span class='ocrx_word' id='word_1_90' title='bbox 385 1003 604 1050; x_wconf 74' lang='lat' dir='ltr'>ferentes,</span> <span class='ocrx_word' id='word_1_91' title='bbox 624 1004 676 1049; x_wconf 87' lang='lat'>50</span> <span class='ocrx_word' id='word_1_92' title='bbox 690 1004 806 1060; x_wconf 84' lang='lat' dir='ltr'>Quae</span> <span class='ocrx_word' id='word_1_93' title='bbox 822 1003 997 1048; x_wconf 86' lang='lat' dir='ltr'>cumita</span> <span class='ocrx_word' id='word_1_94' title='bbox 1014 1020 1060 1048; x_wconf 87' lang='lat' dir='ltr'>se</span> <span class='ocrx_word' id='word_1_95' title='bbox 1074 1001 1302 1062; x_wconf 80' lang='lat' dir='ltr'>habeant,</span> <span class='ocrx_word' id='word_1_96' title='bbox 1324 1011 1704 1066; x_wconf 81' lang='lat' dir='ltr'>possumusrecte</span> <span class='ocrx_word' id='word_1_97' title='bbox 1726 1003 1915 1061; x_wconf 70' lang='lat' dir='ltr'>inferre7</span> 
     </span>
     <span class='ocr_line' id='line_1_12' title="bbox 213 1077 1917 1143; baseline -0.001 -17"><span class='ocrx_word' id='word_1_98' title='bbox 213 1081 453 1142; x_wconf 75' lang='lat' dir='ltr'>officialem</span> <span class='ocrx_word' id='word_1_99' title='bbox 476 1081 519 1126; x_wconf 91' lang='lat' dir='ltr'>S.</span> <span class='ocrx_word' id='word_1_100' title='bbox 536 1079 656 1125; x_wconf 85' lang='lat' dir='ltr'>Petri</span> <span class='ocrx_word' id='word_1_101' title='bbox 673 1079 927 1143; x_wconf 81' lang='lat' dir='ltr'>primatum</span> <span class='ocrx_word' id='word_1_102' title='bbox 943 1078 1071 1124; x_wconf 83' lang='lat' dir='ltr'>nulla</span> <span class='ocrx_word' id='word_1_103' title='bbox 1084 1095 1213 1142; x_wconf 84' lang='lat' dir='ltr'>posse</span> <span class='ocrx_word' id='word_1_104' title='bbox 1228 1079 1405 1125; x_wconf 82' lang='lat' dir='ltr'>ratione</span> <span class='ocrx_word' id='word_1_105' title='bbox 1417 1077 1577 1125; x_wconf 89' lang='lat' dir='ltr'>haberi</span> <span class='ocrx_word' id='word_1_106' title='bbox 1592 1078 1657 1123; x_wconf 88' lang='lat' dir='ltr'>uti</span> <span class='ocrx_word' id='word_1_107' title='bbox 1671 1077 1917 1125; x_wconf 78' lang='lat' dir='ltr'>articulum</span> 
     </span>
     <span class='ocr_line' id='line_1_13' title="bbox 212 1154 1918 1219; baseline -0.001 -16"><span class='ocrx_word' id='word_1_108' title='bbox 212 1157 349 1216; x_wconf 75' lang='lat' dir='ltr'>fidei7</span> <span class='ocrx_word' id='word_1_109' title='bbox 376 1173 427 1203; x_wconf 85' lang='lat' dir='ltr'>ac</span> <span class='ocrx_word' id='word_1_110' title='bbox 451 1156 573 1203; x_wconf 85' lang='lat' dir='ltr'>male</span> <span class='ocrx_word' id='word_1_111' title='bbox 600 1158 793 1202; x_wconf 88' lang='lat' dir='ltr'>omnino</span> <span class='ocrx_word' id='word_1_112' title='bbox 813 1155 1061 1202; x_wconf 73' lang='lat' dir='ltr'>fundatum</span> <span class='ocrx_word' id='word_1_113' title='bbox 1092 1172 1206 1202; x_wconf 90' lang='lat' dir='ltr'>esse.</span> <span class='ocrx_word' id='word_1_114' title='bbox 1232 1156 1282 1201; x_wconf 85' lang='lat'>60</span> <span class='ocrx_word' id='word_1_115' title='bbox 1307 1155 1442 1213; x_wconf 83' lang='lat' dir='ltr'>Quod</span> <span class='ocrx_word' id='word_1_116' title='bbox 1455 1155 1527 1204; x_wconf 88' lang='lat' dir='ltr'>vel</span> <span class='ocrx_word' id='word_1_117' title='bbox 1547 1154 1918 1219; x_wconf 69' lang='lat' dir='ltr'>ipsaRomanen‘-</span> 
     </span>
     <span class='ocr_line' id='line_1_14' title="bbox 213 1230 1922 1297; baseline -0.001 -18"><span class='ocrx_word' id='word_1_118' title='bbox 213 1233 334 1279; x_wconf 89' lang='lat' dir='ltr'>sium</span> <span class='ocrx_word' id='word_1_119' title='bbox 360 1233 661 1297; x_wconf 80' lang='lat' dir='ltr'>responsione</span> <span class='ocrx_word' id='word_1_120' title='bbox 689 1232 947 1278; x_wconf 85' lang='lat' dir='ltr'>conficitur.</span> <span class='ocrx_word' id='word_1_121' title='bbox 971 1231 1257 1295; x_wconf 82' lang='lat' dir='ltr'>Tournelyus</span> <span class='ocrx_word' id='word_1_122' title='bbox 1290 1232 1414 1277; x_wconf 84' lang='lat' dir='ltr'>enim</span> <span class='ocrx_word' id='word_1_123' title='bbox 1444 1232 1612 1296; x_wconf 85' lang='lat' dir='ltr'>aliique</span> <span class='ocrx_word' id='word_1_124' title='bbox 1637 1231 1833 1277; x_wconf 85' lang='lat' dir='ltr'>Romani</span> <span class='ocrx_word' id='word_1_125' title='bbox 1862 1230 1922 1278; x_wconf 79' lang='lat' dir='ltr'>ad</span> 
     </span>
     <span class='ocr_line' id='line_1_15' title="bbox 213 1307 1922 1373; baseline -0.001 -19"><span class='ocrx_word' id='word_1_126' title='bbox 213 1316 369 1355; x_wconf 86' lang='lat' dir='ltr'>textus</span> <span class='ocrx_word' id='word_1_127' title='bbox 396 1308 613 1373; x_wconf 83' lang='lat' dir='ltr'>Cypriani</span> <span class='ocrx_word' id='word_1_128' title='bbox 645 1317 1003 1371; x_wconf 83' lang='lat' dir='ltr'>ceterorumque</span> <span class='ocrx_word' id='word_1_129' title='bbox 1017 1310 1236 1367; x_wconf 69' lang='lat' dir='ltr'>patrum,</span> <span class='ocrx_word' id='word_1_130' title='bbox 1265 1307 1431 1372; x_wconf 87' lang='lat' dir='ltr'>quibus</span> <span class='ocrx_word' id='word_1_131' title='bbox 1446 1307 1681 1371; x_wconf 85' lang='lat' dir='ltr'>aequalitas</span> <span class='ocrx_word' id='word_1_132' title='bbox 1703 1308 1922 1354; x_wconf 85' lang='lat' dir='ltr'>asseritur</span> 
     </span>
     <span class='ocr_line' id='line_1_16' title="bbox 216 1382 1920 1448; baseline -0.002 -17"><span class='ocrx_word' id='word_1_133' title='bbox 216 1384 505 1448; x_wconf 83' lang='lat' dir='ltr'>reliquorum</span> <span class='ocrx_word' id='word_1_134' title='bbox 528 1384 855 1448; x_wconf 84' lang='lat' dir='ltr'>Apostolorum</span> <span class='ocrx_word' id='word_1_135' title='bbox 877 1401 981 1429; x_wconf 84' lang='lat' dir='ltr'>cum</span> <span class='ocrx_word' id='word_1_136' title='bbox 1004 1384 1139 1429; x_wconf 81' lang='lat' dir='ltr'>Petro</span> <span class='ocrx_word' id='word_1_137' title='bbox 1158 1420 1169 1440; x_wconf 84' lang='lat'>.,</span> <span class='ocrx_word' id='word_1_138' title='bbox 1194 1392 1451 1447; x_wconf 78' lang='lat' dir='ltr'>reponunt,</span> <span class='ocrx_word' id='word_1_139' title='bbox 1484 1392 1657 1429; x_wconf 87' lang='lat' dir='ltr'>ceteros</span> <span class='ocrx_word' id='word_1_140' title='bbox 1680 1382 1920 1447; x_wconf 80' lang='lat' dir='ltr'>Apostolos</span> 
     </span>
     <span class='ocr_line' id='line_1_17' title="bbox 215 1459 1921 1526; baseline -0.002 -19"><span class='ocrx_word' id='word_1_141' title='bbox 215 1460 416 1526; x_wconf 83' lang='lat' dir='ltr'>aequales</span> <span class='ocrx_word' id='word_1_142' title='bbox 452 1460 641 1525; x_wconf 87' lang='lat' dir='ltr'>quidem</span> <span class='ocrx_word' id='word_1_143' title='bbox 671 1462 808 1506; x_wconf 85' lang='lat' dir='ltr'>Petro</span> <span class='ocrx_word' id='word_1_144' title='bbox 836 1460 972 1505; x_wconf 80' lang='lat' dir='ltr'>fuisse</span> <span class='ocrx_word' id='word_1_145' title='bbox 1003 1459 1157 1523; x_wconf 85' lang='lat' dir='ltr'>quoad</span> <span class='ocrx_word' id='word_1_146' title='bbox 1183 1468 1463 1523; x_wconf 86' lang='lat' dir='ltr'>potestatem</span> <span class='ocrx_word' id='word_1_147' title='bbox 1488 1476 1569 1505; x_wconf 88' lang='lat' dir='ltr'>seu</span> <span class='ocrx_word' id='word_1_148' title='bbox 1592 1459 1921 1505; x_wconf 85' lang='lat' dir='ltr'>auctoritatem</span> 
     </span>
     <span class='ocr_line' id='line_1_18' title="bbox 211 1533 1922 1599; baseline -0.002 -15"><span class='ocrx_word' id='word_1_149' title='bbox 211 1539 529 1584; x_wconf 77' lang='lat' dir='ltr'>intrinsecam</span> <span class='ocrx_word' id='word_1_150' title='bbox 544 1545 592 1583; x_wconf 89' lang='lat' dir='ltr'>et</span> <span class='ocrx_word' id='word_1_151' title='bbox 618 1537 906 1582; x_wconf 70' lang='lat' dir='ltr'>essentialem</span> <span class='ocrx_word' id='word_1_152' title='bbox 944 1538 1267 1598; x_wconf 72' lang='lat' dir='ltr'>Apostolatus,</span> <span class='ocrx_word' id='word_1_153' title='bbox 1299 1534 1451 1599; x_wconf 83' lang='lat' dir='ltr'>quoad</span> <span class='ocrx_word' id='word_1_154' title='bbox 1481 1542 1761 1599; x_wconf 78' lang='lat' dir='ltr'>potestatem</span> <span class='ocrx_word' id='word_1_155' title='bbox 1796 1533 1922 1582; x_wconf 85' lang='lat' dir='ltr'>vide-</span> 
     </span>
     <span class='ocr_line' id='line_1_19' title="bbox 211 1610 1925 1676; baseline -0.002 -17"><span class='ocrx_word' id='word_1_156' title='bbox 211 1613 327 1659; x_wconf 88' lang='lat' dir='ltr'>licet</span> <span class='ocrx_word' id='word_1_157' title='bbox 355 1612 549 1659; x_wconf 83' lang='lat' dir='ltr'>docendi</span> <span class='ocrx_word' id='word_1_158' title='bbox 592 1611 765 1676; x_wconf 87' lang='lat' dir='ltr'>ubique</span> <span class='ocrx_word' id='word_1_159' title='bbox 783 1648 794 1665; x_wconf 67' lang='lat'><strong>„</strong></span> <span class='ocrx_word' id='word_1_160' title='bbox 820 1611 1179 1658; x_wconf 83' lang='lat' dir='ltr'>administrandi</span> <span class='ocrx_word' id='word_1_161' title='bbox 1202 1612 1500 1658; x_wconf 85' lang='lat' dir='ltr'>Sacramenta</span> <span class='ocrx_word' id='word_1_162' title='bbox 1519 1647 1530 1669; x_wconf 63' lang='lat' dir='ltr'>a</span> <span class='ocrx_word' id='word_1_163' title='bbox 1557 1610 1925 1676; x_wconf 51' lang='lat' dir='ltr'>pastores’inau-</span> 
     </span>
     <span class='ocr_line' id='line_1_20' title="bbox 213 1686 1925 1754; baseline -0.002 -19"><span class='ocrx_word' id='word_1_164' title='bbox 213 1687 406 1754; x_wconf 79' lang='lat' dir='ltr'>gurandi</span> <span class='ocrx_word' id='word_1_165' title='bbox 425 1724 438 1747; x_wconf 62' lang='lat'><em>7</em></span> <span class='ocrx_word' id='word_1_166' title='bbox 474 1697 561 1735; x_wconf 87' lang='lat' dir='ltr'>etc.</span> <span class='ocrx_word' id='word_1_167' title='bbox 584 1708 597 1745; x_wconf 73' lang='grc' dir='ltr'>ε,</span> <span class='ocrx_word' id='word_1_168' title='bbox 627 1687 822 1734; x_wconf 85' lang='lat' dir='ltr'>minime</span> <span class='ocrx_word' id='word_1_169' title='bbox 850 1705 960 1734; x_wconf 85' lang='lat' dir='ltr'>vero</span> <span class='ocrx_word' id='word_1_170' title='bbox 988 1687 1128 1734; x_wconf 80' lang='lat' dir='ltr'>fuisse</span> <span class='ocrx_word' id='word_1_171' title='bbox 1151 1704 1283 1752; x_wconf 87' lang='lat' dir='ltr'>pares</span> <span class='ocrx_word' id='word_1_172' title='bbox 1313 1687 1466 1751; x_wconf 83' lang='lat' dir='ltr'>quoad</span> <span class='ocrx_word' id='word_1_173' title='bbox 1498 1686 1819 1733; x_wconf 82' lang='lat' dir='ltr'>auctoritatem</span> <span class='ocrx_word' id='word_1_174' title='bbox 1842 1703 1925 1731; x_wconf 71' lang='lat' dir='ltr'>ex-</span> 
     </span>
     <span class='ocr_line' id='line_1_21' title="bbox 212 1761 1923 1828; baseline -0.003 -16"><span class='ocrx_word' id='word_1_175' title='bbox 212 1768 475 1812; x_wconf 73' lang='lat' dir='ltr'>trinsecam</span> <span class='ocrx_word' id='word_1_176' title='bbox 500 1774 547 1811; x_wconf 90' lang='lat' dir='ltr'>et</span> <span class='ocrx_word' id='word_1_177' title='bbox 565 1765 898 1811; x_wconf 70' lang='lat' dir='ltr'>accidentalem</span> <span class='ocrx_word' id='word_1_178' title='bbox 917 1800 928 1822; x_wconf 45' lang='grc' dir='ltr'><strong>Ἰ</strong></span> <span class='ocrx_word' id='word_1_179' title='bbox 950 1772 996 1810; x_wconf 84' lang='lat' dir='ltr'>et</span> <span class='ocrx_word' id='word_1_180' title='bbox 1013 1763 1164 1828; x_wconf 84' lang='lat' dir='ltr'>quoad</span> <span class='ocrx_word' id='word_1_181' title='bbox 1177 1763 1371 1810; x_wconf 88' lang='lat' dir='ltr'>modum</span> <span class='ocrx_word' id='word_1_182' title='bbox 1393 1761 1619 1824; x_wconf 81' lang='lat' dir='ltr'>ejusmodi</span> <span class='ocrx_word' id='word_1_183' title='bbox 1643 1769 1923 1827; x_wconf 86' lang='lat' dir='ltr'>potestatem</span> 
     </span>
     <span class='ocr_line' id='line_1_22' title="bbox 213 1837 1923 1904; baseline -0.002 -17"><span class='ocrx_word' id='word_1_184' title='bbox 213 1840 478 1888; x_wconf 84' lang='lat' dir='ltr'>exercendi.</span> <span class='ocrx_word' id='word_1_185' title='bbox 516 1842 622 1886; x_wconf 85' lang='lat' dir='ltr'>Jam</span> <span class='ocrx_word' id='word_1_186' title='bbox 660 1857 771 1887; x_wconf 83' lang='lat' dir='ltr'>vero</span> <span class='ocrx_word' id='word_1_187' title='bbox 807 1856 862 1886; x_wconf 86' lang='lat' dir='ltr'>ex</span> <span class='ocrx_word' id='word_1_188' title='bbox 892 1839 978 1886; x_wconf 78' lang='lat' dir='ltr'>hac</span> <span class='ocrx_word' id='word_1_189' title='bbox 1004 1841 1306 1904; x_wconf 85' lang='lat' dir='ltr'>responsione</span> <span class='ocrx_word' id='word_1_190' title='bbox 1331 1839 1504 1886; x_wconf 80' lang='lat' dir='ltr'>directe</span> <span class='ocrx_word' id='word_1_191' title='bbox 1528 1838 1799 1899; x_wconf 80' lang='lat' dir='ltr'>inferimus,</span> <span class='ocrx_word' id='word_1_192' title='bbox 1821 1837 1923 1884; x_wconf 90' lang='lat' dir='ltr'>nul-</span> 
     </span>
     <span class='ocr_line' id='line_1_23' title="bbox 211 1914 1922 1981; baseline -0.002 -17"><span class='ocrx_word' id='word_1_193' title='bbox 211 1916 313 1964; x_wconf 88' lang='lat' dir='ltr'>lum</span> <span class='ocrx_word' id='word_1_194' title='bbox 340 1918 480 1981; x_wconf 80' lang='lat' dir='ltr'>igitur</span> <span class='ocrx_word' id='word_1_195' title='bbox 501 1919 756 1981; x_wconf 81' lang='lat' dir='ltr'>primatum</span> <span class='ocrx_word' id='word_1_196' title='bbox 794 1916 929 1963; x_wconf 86' lang='lat' dir='ltr'>officii</span> <span class='ocrx_word' id='word_1_197' title='bbox 962 1918 1153 1964; x_wconf 78' lang='lat' dir='ltr'>Petrum</span> <span class='ocrx_word' id='word_1_198' title='bbox 1184 1934 1323 1981; x_wconf 85' lang='lat' dir='ltr'>super</span> <span class='ocrx_word' id='word_1_199' title='bbox 1351 1925 1525 1963; x_wconf 84' lang='lat' dir='ltr'>ceteros</span> <span class='ocrx_word' id='word_1_200' title='bbox 1563 1915 1807 1980; x_wconf 83' lang='lat' dir='ltr'>Apostolos</span> <span class='ocrx_word' id='word_1_201' title='bbox 1836 1914 1922 1962; x_wconf 88' lang='lat' dir='ltr'>ha—</span> 
     </span>
     <span class='ocr_line' id='line_1_24' title="bbox 214 1992 1925 2058; baseline -0.001 -19"><span class='ocrx_word' id='word_1_202' title='bbox 214 1992 396 2054; x_wconf 75' lang='lat' dir='ltr'>buisse3</span> <span class='ocrx_word' id='word_1_203' title='bbox 422 1994 659 2058; x_wconf 54' lang='lat' dir='ltr'>quoniama</span> <span class='ocrx_word' id='word_1_204' title='bbox 675 1994 712 2039; x_wconf 90' lang='lat' dir='ltr'>si</span> <span class='ocrx_word' id='word_1_205' title='bbox 732 1992 950 2056; x_wconf 83' lang='lat' dir='ltr'>praeditus</span> <span class='ocrx_word' id='word_1_206' title='bbox 966 1994 1127 2040; x_wconf 87' lang='lat' dir='ltr'>Petrus</span> <span class='ocrx_word' id='word_1_207' title='bbox 1146 2010 1170 2039; x_wconf 84' lang='lat' dir='ltr'>a</span> <span class='ocrx_word' id='word_1_208' title='bbox 1192 1992 1373 2039; x_wconf 88' lang='lat' dir='ltr'>Christo</span> <span class='ocrx_word' id='word_1_209' title='bbox 1391 1992 1549 2039; x_wconf 88' lang='lat' dir='ltr'>fuisset</span> <span class='ocrx_word' id='word_1_210' title='bbox 1570 1993 1925 2055; x_wconf 58' lang='lat' dir='ltr'>officialijuris*</span> 
     </span>
     <span class='ocr_line' id='line_1_25' title="bbox 216 2068 1920 2134; baseline -0.001 -20"><span class='ocrx_word' id='word_1_211' title='bbox 216 2069 418 2116; x_wconf 77' lang='lat' dir='ltr'>dictione</span> <span class='ocrx_word' id='word_1_212' title='bbox 456 2087 597 2134; x_wconf 85' lang='lat' dir='ltr'>snper</span> <span class='ocrx_word' id='word_1_213' title='bbox 633 2069 874 2134; x_wconf 86' lang='lat' dir='ltr'>Apostolos</span> <span class='ocrx_word' id='word_1_214' title='bbox 913 2070 1010 2117; x_wconf 88' lang='lat' dir='ltr'>sive</span> <span class='ocrx_word' id='word_1_215' title='bbox 1043 2086 1249 2116; x_wconf 86' lang='lat' dir='ltr'>seorsum</span> <span class='ocrx_word' id='word_1_216' title='bbox 1279 2071 1374 2115; x_wconf 90' lang='lat' dir='ltr'>sive</span> <span class='ocrx_word' id='word_1_217' title='bbox 1407 2068 1650 2134; x_wconf 85' lang='lat' dir='ltr'>collective</span> <span class='ocrx_word' id='word_1_218' title='bbox 1673 2076 1920 2130; x_wconf 85' lang='lat' dir='ltr'>sumptos,</span> 
     </span>
     <span class='ocr_line' id='line_1_26' title="bbox 217 2143 1923 2211; baseline -0.002 -19"><span class='ocrx_word' id='word_1_219' title='bbox 217 2145 330 2193; x_wconf 82' lang='lat' dir='ltr'>dum</span> <span class='ocrx_word' id='word_1_220' title='bbox 357 2146 442 2211; x_wconf 88' lang='lat' dir='ltr'>ipsi</span> <span class='ocrx_word' id='word_1_221' title='bbox 477 2145 603 2192; x_wconf 82' lang='lat' dir='ltr'>nulla</span> <span class='ocrx_word' id='word_1_222' title='bbox 645 2145 941 2210; x_wconf 85' lang='lat' dir='ltr'>potiebantur</span> <span class='ocrx_word' id='word_1_223' title='bbox 971 2145 1293 2207; x_wconf 84' lang='lat' dir='ltr'>jurisdictione</span> <span class='ocrx_word' id='word_1_224' title='bbox 1315 2162 1454 2210; x_wconf 88' lang='lat' dir='ltr'>super</span> <span class='ocrx_word' id='word_1_225' title='bbox 1476 2144 1606 2191; x_wconf 90' lang='lat' dir='ltr'>illum</span> <span class='ocrx_word' id='word_1_226' title='bbox 1648 2144 1744 2191; x_wconf 89' lang='lat' dir='ltr'>sive</span> <span class='ocrx_word' id='word_1_227' title='bbox 1772 2144 1822 2189; x_wconf 90' lang='lat' dir='ltr'>in</span> <span class='ocrx_word' id='word_1_228' title='bbox 1852 2143 1923 2189; x_wconf 88' lang='lat' dir='ltr'>al-</span> 
     </span>
     <span class='ocr_line' id='line_1_27' title="bbox 214 2218 1919 2286; baseline -0.002 -17"><span class='ocrx_word' id='word_1_229' title='bbox 214 2231 446 2269; x_wconf 85' lang='lat' dir='ltr'>terutrum</span> <span class='ocrx_word' id='word_1_230' title='bbox 463 2259 476 2281; x_wconf 82' lang='grc'>,</span> <span class='ocrx_word' id='word_1_231' title='bbox 500 2224 554 2268; x_wconf 85' lang='lat' dir='ltr'>de</span> <span class='ocrx_word' id='word_1_232' title='bbox 570 2225 699 2283; x_wconf 78' lang='lat' dir='ltr'>facto</span> <span class='ocrx_word' id='word_1_233' title='bbox 736 2221 887 2286; x_wconf 84' lang='lat' dir='ltr'>aliqua</span> <span class='ocrx_word' id='word_1_234' title='bbox 920 2222 1149 2269; x_wconf 82' lang='lat' dir='ltr'>extitisset</span> <span class='ocrx_word' id='word_1_235' title='bbox 1173 2224 1432 2269; x_wconf 76' lang='lat' dir='ltr'>essentialis</span> <span class='ocrx_word' id='word_1_236' title='bbox 1453 2229 1498 2268; x_wconf 84' lang='lat' dir='ltr'>et</span> <span class='ocrx_word' id='word_1_237' title='bbox 1521 2223 1787 2266; x_wconf 73' lang='lat' dir='ltr'>intrinseca</span> <span class='ocrx_word' id='word_1_238' title='bbox 1822 2218 1919 2266; x_wconf 87' lang='lat' dir='ltr'>dif—</span> 
     </span>
     <span class='ocr_line' id='line_1_28' title="bbox 213 2295 1916 2363; baseline -0.002 -18"><span class='ocrx_word' id='word_1_239' title='bbox 213 2298 410 2346; x_wconf 84' lang='lat' dir='ltr'>ferentia</span> <span class='ocrx_word' id='word_1_240' title='bbox 438 2300 562 2345; x_wconf 88' lang='lat' dir='ltr'>inter</span> <span class='ocrx_word' id='word_1_241' title='bbox 602 2299 925 2345; x_wconf 83' lang='lat' dir='ltr'>auctoritatem</span> <span class='ocrx_word' id='word_1_242' title='bbox 958 2298 1081 2346; x_wconf 87' lang='lat' dir='ltr'>Petri</span> <span class='ocrx_word' id='word_1_243' title='bbox 1128 2307 1174 2345; x_wconf 89' lang='lat' dir='ltr'>et</span> <span class='ocrx_word' id='word_1_244' title='bbox 1213 2299 1535 2345; x_wconf 84' lang='lat' dir='ltr'>auctoritatem</span> <span class='ocrx_word' id='word_1_245' title='bbox 1571 2295 1916 2363; x_wconf 57' lang='lat' dir='ltr'>Apostolorum7</span> 
     </span>
     <span class='ocr_line' id='line_1_29' title="bbox 214 2373 1920 2439; baseline -0.002 -18"><span class='ocrx_word' id='word_1_246' title='bbox 214 2376 298 2421; x_wconf 89' lang='lat' dir='ltr'>Ast</span> <span class='ocrx_word' id='word_1_247' title='bbox 317 2374 405 2422; x_wconf 88' lang='lat' dir='ltr'>hoc</span> <span class='ocrx_word' id='word_1_248' title='bbox 433 2392 459 2421; x_wconf 84' lang='lat' dir='ltr'>a</span> <span class='ocrx_word' id='word_1_249' title='bbox 490 2375 711 2421; x_wconf 81' lang='lat' dir='ltr'>Romanis</span> <span class='ocrx_word' id='word_1_250' title='bbox 745 2383 955 2438; x_wconf 77' lang='lat' dir='ltr'>negatui.</span> <span class='ocrx_word' id='word_1_251' title='bbox 991 2376 1107 2438; x_wconf 81' lang='lat' dir='ltr'>Ergo</span> <span class='ocrx_word' id='word_1_252' title='bbox 1133 2391 1268 2439; x_wconf 73' lang='lat' dir='ltr'>pales</span> <span class='ocrx_word' id='word_1_253' title='bbox 1305 2375 1353 2420; x_wconf 85' lang='lat' dir='ltr'>in</span> <span class='ocrx_word' id='word_1_254' title='bbox 1379 2380 1613 2438; x_wconf 84' lang='lat' dir='ltr'>potestate</span> <span class='ocrx_word' id='word_1_255' title='bbox 1646 2373 1740 2421; x_wconf 87' lang='lat' dir='ltr'>sive</span> <span class='ocrx_word' id='word_1_256' title='bbox 1763 2381 1920 2419; x_wconf 82' lang='lat' dir='ltr'>aucto-</span> 
     </span>
     <span class='ocr_line' id='line_1_30' title="bbox 215 2449 1414 2512; baseline 0 -16"><span class='ocrx_word' id='word_1_257' title='bbox 215 2449 354 2496; x_wconf 80' lang='lat' dir='ltr'>ritate</span> <span class='ocrx_word' id='word_1_258' title='bbox 383 2451 592 2512; x_wconf 86' lang='lat' dir='ltr'>Apostoli</span> <span class='ocrx_word' id='word_1_259' title='bbox 622 2467 787 2496; x_wconf 87' lang='lat' dir='ltr'>omnes</span> <span class='ocrx_word' id='word_1_260' title='bbox 813 2466 921 2496; x_wconf 85' lang='lat' dir='ltr'>cum</span> <span class='ocrx_word' id='word_1_261' title='bbox 951 2453 1086 2497; x_wconf 86' lang='lat' dir='ltr'>Petro</span> <span class='ocrx_word' id='word_1_262' title='bbox 1120 2451 1308 2496; x_wconf 84' lang='lat' dir='ltr'>fuerunt</span> <span class='ocrx_word' id='word_1_263' title='bbox 1327 2449 1414 2511; x_wconf 81' lang='lat' dir='ltr'>(l).</span> 
     </span>
    </p>

    <p class='ocr_par' dir='ltr' id='par_1_3' title="bbox 216 2488 1916 2895">
     <span class='ocr_line' id='line_1_31' title="bbox 283 2488 1915 2590; baseline -0.001 -21"><span class='ocrx_word' id='word_1_264' title='bbox 283 2525 392 2570; x_wconf 85' lang='lat'>510</span> <span class='ocrx_word' id='word_1_265' title='bbox 435 2527 575 2590; x_wconf 87' lang='lat' dir='ltr'>Resp</span> <span class='ocrx_word' id='word_1_266' title='bbox 626 2525 696 2572; x_wconf 90' lang='lat' dir='ltr'>Ad</span> <span class='ocrx_word' id='word_1_267' title='bbox 734 2527 822 2585; x_wconf 83' lang='lat'>1¹¹¹,</span> <span class='ocrx_word' id='word_1_268' title='bbox 857 2526 943 2572; x_wconf 85' lang='lat' dir='ltr'>Ne</span> <span class='ocrx_word' id='word_1_269' title='bbox 929 2545 974 2589; x_wconf 79' lang='lat' dir='ltr'><em>J</em></span> <span class='ocrx_word' id='word_1_270' title='bbox 1012 2528 1132 2573; x_wconf 86' lang='lat' dir='ltr'>Nam</span> <span class='ocrx_word' id='word_1_271' title='bbox 1157 2543 1253 2572; x_wconf 83' lang='lat' dir='ltr'>non</span> <span class='ocrx_word' id='word_1_272' title='bbox 1292 2525 1377 2573; x_wconf 85' lang='lat' dir='ltr'>alia</span> <span class='ocrx_word' id='word_1_273' title='bbox 1414 2525 1471 2573; x_wconf 87' lang='lat' dir='ltr'>de</span> <span class='ocrx_word' id='word_1_274' title='bbox 1498 2543 1631 2573; x_wconf 86' lang='lat' dir='ltr'>causa</span> <span class='ocrx_word' id='word_1_275' title='bbox 1662 2525 1751 2572; x_wconf 91' lang='lat' dir='ltr'>illis</span> <span class='ocrx_word' id='word_1_276' title='bbox 1772 2488 1915 2571; x_wconf 80' lang='lat' dir='ltr'>titulis</span> 
     </span>
     <span class='ocr_line' id='line_1_32' title="bbox 216 2598 1915 2667; baseline -0.001 -21"><span class='ocrx_word' id='word_1_277' title='bbox 216 2601 375 2646; x_wconf 85' lang='lat' dir='ltr'>Patres</span> <span class='ocrx_word' id='word_1_278' title='bbox 408 2602 619 2647; x_wconf 87' lang='lat' dir='ltr'>certatim</span> <span class='ocrx_word' id='word_1_279' title='bbox 654 2600 845 2647; x_wconf 85' lang='lat' dir='ltr'>Petrum</span> <span class='ocrx_word' id='word_1_280' title='bbox 888 2602 1201 2667; x_wconf 84' lang='lat' dir='ltr'>compellant</span> <span class='ocrx_word' id='word_1_281' title='bbox 1237 2620 1379 2666; x_wconf 80' lang='lat' dir='ltr'>quam</span> <span class='ocrx_word' id='word_1_282' title='bbox 1415 2601 1543 2666; x_wconf 87' lang='lat' dir='ltr'>quod</span> <span class='ocrx_word' id='word_1_283' title='bbox 1576 2602 1722 2666; x_wconf 87' lang='lat' dir='ltr'>reipsa</span> <span class='ocrx_word' id='word_1_284' title='bbox 1755 2598 1915 2646; x_wconf 86' lang='lat' dir='ltr'>ceteris</span> 
     </span>
     <span class='ocr_line' id='line_1_33' title="bbox 218 2676 1916 2742; baseline 0 -21"><span class='ocrx_word' id='word_1_285' title='bbox 218 2676 359 2723; x_wconf 84' lang='lat' dir='ltr'>fuerit</span> <span class='ocrx_word' id='word_1_286' title='bbox 387 2677 416 2723; x_wconf 92' lang='lat' dir='ltr'>A</span> <span class='ocrx_word' id='word_1_287' title='bbox 425 2676 613 2741; x_wconf 86' lang='lat' dir='ltr'>postolis</span> <span class='ocrx_word' id='word_1_288' title='bbox 639 2694 663 2723; x_wconf 89' lang='lat' dir='ltr'>a</span> <span class='ocrx_word' id='word_1_289' title='bbox 695 2676 878 2723; x_wconf 81' lang='lat' dir='ltr'>Christo</span> <span class='ocrx_word' id='word_1_290' title='bbox 918 2679 1160 2742; x_wconf 80' lang='lat' dir='ltr'>prael&#39;ectus</span> <span class='ocrx_word' id='word_1_291' title='bbox 1196 2696 1298 2725; x_wconf 78' lang='lat' dir='ltr'>cuin</span> <span class='ocrx_word' id='word_1_292' title='bbox 1324 2696 1433 2727; x_wconf 86' lang='lat' dir='ltr'>vera</span> <span class='ocrx_word' id='word_1_293' title='bbox 1465 2677 1746 2726; x_wconf 86' lang='lat' dir='ltr'>auctoritatis</span> <span class='ocrx_word' id='word_1_294' title='bbox 1766 2691 1916 2740; x_wconf 86' lang='lat' dir='ltr'>praee-</span> 
     </span>
     <span class='ocr_line' id='line_1_34' title="bbox 217 2750 1909 2818; baseline 0 -22"><span class='ocrx_word' id='word_1_295' title='bbox 217 2752 444 2798; x_wconf 77' lang='lat' dir='ltr'>minentIa</span> <span class='ocrx_word' id='word_1_296' title='bbox 471 2761 517 2799; x_wconf 88' lang='lat' dir='ltr'>et</span> <span class='ocrx_word' id='word_1_297' title='bbox 551 2752 915 2815; x_wconf 65' lang='lat' dir='ltr'>jurisdictionis„</span> <span class='ocrx_word' id='word_1_298' title='bbox 951 2763 1001 2800; x_wconf 86' lang='lat' dir='ltr'>ut</span> <span class='ocrx_word' id='word_1_299' title='bbox 1041 2763 1221 2801; x_wconf 87' lang='lat' dir='ltr'>constat</span> <span class='ocrx_word' id='word_1_300' title='bbox 1261 2773 1315 2801; x_wconf 82' lang='lat' dir='ltr'>ex</span> <span class='ocrx_word' id='word_1_301' title='bbox 1353 2754 1500 2801; x_wconf 88' lang='lat' dir='ltr'>allatis</span> <span class='ocrx_word' id='word_1_302' title='bbox 1539 2750 1909 2818; x_wconf 82' lang='lat' dir='ltr'>probationibus.</span> 
     </span>
     <span class='ocr_line' id='line_1_35' title="bbox 218 2827 1913 2895; baseline -0.002 -19"><span class='ocrx_word' id='word_1_303' title='bbox 218 2827 441 2876; x_wconf 87' lang='lat' dir='ltr'>Asserunt</span> <span class='ocrx_word' id='word_1_304' title='bbox 480 2828 636 2887; x_wconf 68' lang='lat' dir='ltr'>enim,</span> <span class='ocrx_word' id='word_1_305' title='bbox 674 2828 907 2875; x_wconf 83' lang='lat' dir='ltr'>Christum</span> <span class='ocrx_word' id='word_1_306' title='bbox 938 2831 1073 2877; x_wconf 89' lang='lat' dir='ltr'>Petro</span> <span class='ocrx_word' id='word_1_307' title='bbox 1111 2832 1249 2877; x_wconf 87' lang='lat' dir='ltr'>etiam</span> <span class='ocrx_word' id='word_1_308' title='bbox 1295 2830 1533 2895; x_wconf 89' lang='lat' dir='ltr'>Apostolos</span> <span class='ocrx_word' id='word_1_309' title='bbox 1552 2827 1796 2890; x_wconf 84' lang='lat' dir='ltr'>subjecisse</span> <span class='ocrx_word' id='word_1_310' title='bbox 1825 2827 1913 2874; x_wconf 86' lang='lat' dir='ltr'>illis</span> 
     </span>
    </p>
   </div>
   <div class='ocr_carea' id='block_1_3' title="bbox 273 2977 1076 3055">
    <p class='ocr_par' dir='ltr' id='par_1_4' title="bbox 273 2977 1076 3055">
     <span class='ocr_line' id='line_1_36' title="bbox 273 2977 1076 3055; baseline 0.009 -19"><span class='ocrx_word' id='word_1_311' title='bbox 273 3001 322 3050; x_wconf 82' lang='lat' dir='ltr'>(l)</span> <span class='ocrx_word' id='word_1_312' title='bbox 347 3000 402 3040; x_wconf 78' lang='lat' dir='ltr'>Ita</span> <span class='ocrx_word' id='word_1_313' title='bbox 425 3014 576 3040; x_wconf 84' lang='lat' dir='ltr'>rursum</span> <span class='ocrx_word' id='word_1_314' title='bbox 598 3002 759 3050; x_wconf 78' lang='lat' dir='ltr'>palmer,</span> <span class='ocrx_word' id='word_1_315' title='bbox 784 2977 844 3055; x_wconf 81' lang='lat' dir='ltr'>op.</span> <span class='ocrx_word' id='word_1_316' title='bbox 867 3013 899 3042; x_wconf 75' lang='lat' dir='ltr'>et</span> <span class='ocrx_word' id='word_1_317' title='bbox 918 3004 987 3044; x_wconf 88' lang='lat' dir='ltr'>loc.</span> <span class='ocrx_word' id='word_1_318' title='bbox 1013 3004 1076 3043; x_wconf 85' lang='lat' dir='ltr'>cit.</span> 
     </span>
    </p>
   </div>
  </div>
 </body>
</html>
