2028 3354
236 186 325 232 116
700 197 852 226 TRACT.
889 197 943 225 ns
978 196 1095 227 meis
1129 197 1429 228 THEOLOGIGIS.

234 314 448 380 quidem,
474 308 713 356 Ecclesiam
737 323 884 353 unum
912 306 1032 355 ovile
1051 324 1148 355 esse
1163 343 1176 367 ,
1203 324 1441 372 unumque
1467 316 1698 373 pastorem
1717 342 1729 364 ,
1752 323 1896 355 unum

231 404 426 452 regnum
454 384 633 447 aliaque
655 381 908 445 ejusmodi3
950 398 1112 428 verum
1136 382 1224 429 hoc
1246 383 1527 447 completum
1555 392 1623 430 est
1650 383 1699 428 in
1729 382 1900 431 unione

233 464 470 524 utriusque
488 457 648 523 populi
659 457 832 520 judaici
852 465 899 503 et
918 455 1098 519 gentilis
1120 455 1204 501 sub
1227 474 1318 502 uno
1337 458 1541 516 Christ03
1565 467 1767 504 ceterum
1783 473 1898 503 nus·

231 539 356 601 piam
377 536 428 581 in
448 533 690 598 Scripturis
715 549 927 597 expresse
947 531 1254 595 promittitur.
1271 540 1506 579 externam
1523 533 1899 580 communionem

232 609 479 675 aliquando
502 609 779 672 interrumpi
801 625 897 653 non
921 623 1067 670 posse.
1094 606 1145 651 50
1168 607 1351 664 PatreS‚
1374 607 1411 651 si
1437 623 1580 655 unum
1604 608 1679 656 vel
1704 609 1900 654 alterum

235 688 431 752 excipias
449 722 461 744 a
486 685 766 749 Cyprianum
787 701 859 731 ex.
882 700 948 746 gr.
970 692 1049 729 aut
1066 683 1389 745 Augustinum‚
1414 700 1498 730 nec
1515 685 1599 749 ipsi
1620 685 1901 732 contrarium

230 763 414 810 docent.
439 762 490 807 60
512 760 710 807 Historia
740 776 848 807 vero
876 758 1175 806 ecclesiastica
1199 759 1453 805 innumeris
1477 777 1621 824 prope
1641 761 1812 807 referta
1833 768 1903 806 est

229 838 357 892 factis
387 834 684 900 apertissimis
708 872 720 894 ,
750 836 800 881 in
828 833 993 899 quibus
1032 833 1159 881 salva
1187 834 1365 880 unitate
1403 836 1599 882 exterior
1635 835 1894 882 communio

230 913 487 977 interrupta
500 920 583 957 est.
603 911 674 957 Sic
687 928 757 958 ex.
779 928 844 973 gr.
864 909 969 956 licet
989 909 1197 955 S.Victor
1209 910 1673 958 excommunicaverit
1685 910 1899 957 Ecclesias

230 990 454 1046 asiaticas,
476 1005 527 1034 ac
542 988 587 1034 S.
602 986 864 1052 Stephanus
879 1002 926 1032 se
945 985 1225 1049 separaverit
1244 1002 1270 1032 a
1289 985 1331 1030 S.
1355 985 1582 1048 Cypriano
1602 995 1648 1033 et
1669 984 1898 1050 Episcopis

230 1064 439 1110 africanis
454 1098 467 1123 ,
494 1064 539 1109 S.
559 1064 646 1109 Leo
673 1064 735 1109 M.
765 1060 1231 1108 excommunicaverit
1251 1061 1297 1106 S.
1315 1060 1540 1107 Hilarium
1562 1061 1896 1119 Arelatensem;

232 1149 440 1186 attamen
466 1156 559 1184 una
583 1154 765 1201 semper
789 1146 836 1184 et
865 1136 1064 1182 identica
1095 1135 1286 1182 Ecclesia
1307 1134 1527 1182 catholica
1562 1136 1898 1200 perseveravit,

232 1215 444 1279 quamvis
466 1213 658 1261 diversae
684 1212 806 1258 illius
828 1220 981 1275 partes
1001 1220 1220 1275 separatae
1238 1210 1296 1257 ab
1316 1210 1518 1259 invicem
1537 1219 1691 1258 essent
1710 1211 1758 1256 in
1782 1227 1899 1256 com·

230 1291 454 1337 munione
483 1296 691 1337 externa.
719 1287 848 1334 Idem
870 1286 1060 1348 contigit
1086 1295 1218 1333 aetate
1241 1287 1284 1333 S.
1300 1286 1491 1333 Joannis
1512 1285 1823 1349 Chrysostomi
1851 1302 1903 1332 ac

226 1365 306 1412 diu
327 1373 431 1430 post
449 1368 545 1425 ejus
562 1363 741 1409 obitum
756 1383 768 1420 ς
791 1362 996 1408 Ecclesiae
1018 1362 1245 1427 siquidem
1258 1361 1501 1408 orientales
1516 1370 1561 1408 et
1579 1360 1901 1419 occidentales,

228 1440 335 1487 licet
363 1456 505 1485 unam
529 1437 833 1500 eamdemque
862 1436 1107 1483 Ecclesiam
1135 1436 1406 1483 catholicam
1427 1436 1687 1495 efficerent,
1712 1436 1905 1483 minime

230 1515 431 1564 exterius
453 1515 574 1560 inter
595 1529 642 1559 se
660 1511 1080 1558 communicabant.
1102 1511 1230 1558 Idem
1250 1511 1438 1573 contigit
1456 1527 1511 1556 ex
1525 1511 1756 1557 occasione
1769 1509 1907 1556 schis-

231 1591 367 1638 matis
403 1588 643 1646 Acaciani.,
679 1587 804 1651 quod
831 1604 977 1633 annos
1002 1586 1163 1633 XXXV
1195 1586 1487 1650 perduravit,
1522 1595 1569 1633 et
1602 1603 1705 1633 una
1733 1584 1907 1632 nihilo-

229 1667 385 1713 minus
406 1663 597 1710 Ecclesia
613 1662 886 1726 permansit.
910 1662 1043 1719 Quod
1066 1679 1091 1708 a
1113 1662 1288 1708 fortiori
1304 1662 1393 1708 dici
1417 1661 1558 1708 debet
1573 1698 1585 1721 .‚
1613 1661 1774 1708 ceteris
1793 1678 1907 1725 prae-

232 1739 545 1798 termissis‚-de
562 1755 727 1800 magno
745 1737 823 1783 illo
847 1737 1091 1783 schismate
1109 1736 1379 1783 occidentali
1396 1772 1408 1795 7
1431 1754 1521 1800 quo
1534 1736 1592 1783 ad
1606 1736 1906 1801 quadraginta

231 1819 336 1883 plus
365 1818 520 1864 minus
550 1831 696 1861 annos
720 1815 854 1860 scissa
881 1812 1076 1860 Ecclesia
1098 1822 1167 1860 est
1188 1813 1394 1877 primum
1421 1813 1542 1860 inter
1571 1812 1683 1859 duas
1701 1848 1714 1871 7
1739 1811 1907 1859 deinde

232 1895 359 1941 inter
392 1901 509 1950 tres,
547 1907 659 1954 quas
685 1898 872 1950 vocant,
906 1888 1189 1935 obedientias
1211 1925 1223 1948 ,
1256 1888 1382 1937 salva
1410 1896 1567 1936 tamen
1593 1887 1797 1935 Ecclesiae
1831 1904 1906 1934 ca-

233 1968 413 2015 tholicae
441 1965 637 2012 unitate.
664 1965 717 2012 70
738 1967 869 2011 Patet
891 1965 1045 2026 igitur,
1074 1964 1301 2010 unitatem
1322 1981 1419 2009 non
1449 1963 1682 2027 postulare
1706 1980 1908 2010 commu-

231 2044 383 2091 nionis
405 2041 642 2090 exterior-is
668 2057 910 2104 nunquam
936 2040 1245 2104 interruptam
1275 2039 1696 2097 continuationem3
1729 2055 1780 2085 ac
1798 2038 1906 2084 satis

232 2117 429 2184 proinde
451 2132 575 2177 esse,
592 2132 686 2179 quo
704 2115 868 2178 aliquis
886 2115 934 2160 in
955 2114 1160 2161 Ecclesiae
1184 2113 1508 2160 communione
1537 2114 1709 2160 censeri
1731 2113 1874 2177 possit
1890 2149 1903 2172 7

233 2203 286 2241 ut
301 2194 466 2259 spiritu
483 2208 589 2239 cum
604 2190 787 2237 Christo
806 2193 900 2251 ejus
914 2191 1061 2254 capite
1078 2193 1411 2252 conjungatur3
1435 2189 1486 2235 80
1499 2197 1645 2252 patet,
1667 2190 1902 2235 actualem

234 2270 461 2317 unitatem
479 2284 576 2313 non
593 2282 690 2313 esse
704 2265 908 2313 Ecclesiae
928 2264 1215 2312 essentialem
1235 2301 1247 2324 ‚
1269 2273 1407 2329 prout
1433 2263 1636 2311 fatentur
1657 2281 1752 2310 non
1770 2264 1905 2328 pauci

234 2345 444 2391 catholici
470 2342 696 2405 theologi,
724 2351 863 2406 atque
886 2341 1009 2388 inter
1026 2342 1147 2406 ipsos
1168 2341 1367 2387 Nicolius
1382 2376 1394 2399 ,
1428 2341 1505 2404 qui
1524 2340 1728 2387 admittit
1744 2327 1906 2391 accud-

234 2423 324 2464 lem
348 2423 583 2465 unitatem
607 2434 703 2464 non
723 2420 970 2464 consistere
987 2419 1042 2462 in
1070 2419 1245 2463 unione
1273 2417 1477 2478 effectiva
1501 2418 1641 2462 totius
1659 2417 1903 2470 Ecclesioe,

236 2511 347 2541 cum
373 2496 470 2541 haec
502 2496 618 2541 unio
654 2495 853 2540 turbari
868 2496 1021 2555 possit
1048 2495 1364 2540 divisionibus
1388 2501 1430 2538 ct
1453 2475 1900 2551 concertationibus,

236 2586 356 2632 quas
373 2570 501 2616 Deus·
513 2571 775 2632 permittit,
794 2567 959 2632 quibus
984 2569 1036 2614 in
1061 2567 1239 2616 casibus
1260 2568 1372 2614 dum
1393 2568 1528 2615 modo
1551 2576 1704 2633 partes
1727 2567 1901 2613 sincere

238 2645 437 2692 tendant
452 2644 512 2690 ad
526 2644 755 2690 unitatem
770 2678 783 2702 ,
802 2652 849 2690 et
866 2652 1112 2706 agnoscant
1127 2643 1329 2705 judicem
1350 2659 1643 2690 communem
1655 2676 1668 2700 7
1691 2640 1750 2686 ad
1759 2657 1899 2703 quem

236 2719 440 2767 referant
454 2735 557 2764 suas
568 2718 914 2776 controversias,
928 2718 1184 2781 cuiusmodi
1197 2728 1266 2765 est
1278 2718 1531 2766 Concilium
1543 2715 1896 2774 oecumenicum,

234 2810 418 2859 semper
431 2792 490 2839 ad
501 2793 727 2840 unitatem
739 2792 943 2842 Ecclesiae
953 2793 1163 2858 pertineb
1170 2803 1269 2840 unt.
1286 2794 1335 2840 90
1350 2793 1434 2851 Qui
1443 2792 1578 2853 igitur
1588 2789 1895 2850 contendunt,

235 2886 284 2917 se
301 2867 472 2916 habere
490 2867 747 2931 regularem
772 2869 1101 2916 successionem
1121 2868 1178 2915 ab
1200 2866 1431 2933 Apostolis
1449 2901 1461 2925 ‚
1476 2866 1684 2912 damnari
1704 2883 1800 2912 non
1812 2864 1896 2912 de·—

233 2943 349 2993 bent
365 2942 424 2992 ab
447 2943 545 2992 aliis
567 2943 777 2992 Ecclesiis
797 2944 953 2993 formae
974 2954 1022 2993 et
1039 2944 1330 2993 successionis
1348 2942 1621 3008 apostolicae,
1634 2942 1748 3007 quin
1769 2941 1894 3006 prius
