2028 3354
234 197 328 245 190

720 211 877 242 TnAc'r.
916 214 971 243 ΒΕ
1005 215 1123 246 touls
1159 218 1455 250 THEOLOGIGIS.

232 328 331 377 vim
354 324 556 373 habeant
572 321 765 386 cogendi
783 322 843 370 ad
864 324 1105 374 internum
1120 329 1228 377 fidei
1248 348 1493 380 assensum
1507 368 1520 392 ,
1540 350 1644 399 neq.
1670 335 1807 384 Plura
1830 341 1919 385 uti-

231 420 322 470 que
358 418 442 466 per
479 415 713 447 summam
750 399 1130 450 incohaerentiam
1171 406 1298 470 apud
1327 410 1639 457 protestantes
1680 409 1912 460 celebrata

226 477 458 542 ejusmodi
485 476 668 524 comitia
686 485 820 535 sunt,
842 484 981 542 atque
998 477 1113 525 adeo
1141 479 1381 530 interdum
1404 483 1726 546 celebrantur3
1748 504 1913 537 verum

227 554 469 603 enimvero
492 569 598 600 cnm
610 553 700 618 ipsi
714 553 964 613 fateantur,
978 553 1245 616 hujusmodi
1266 559 1446 606 comitia
1471 577 1625 609 errare
1647 580 1807 627 posse,
1833 580 1918 611 nec

227 630 561 679 infallibilitate·
580 630 781 696 pollere,
803 631 993 680 evidens
1012 640 1100 691 est,
1120 632 1318 682 minime
1341 635 1451 700 ipsis
1474 638 1617 685 tribui
1637 657 1772 704 posse
1784 639 1915 702 judi-

224 708 413 757 ciariam
445 716 756 774 potestatem,
793 706 877 755 sed
906 707 1062 756 solum
1094 707 1472 772 declamatoriam,
1504 722 1642 778 prout
1668 716 1914 782 presbyte-

222 785 344 832 riani
374 794 534 849 aperte
570 783 764 831 confessi
794 792 904 830 sunt
928 784 1018 848 (l).
1047 784 1150 831 Dixi
1189 802 1300 834 vero
1321 804 1413 850 per
1437 804 1680 837 summam
1709 793 1917 839 incohae-

220 863 432 908 rentiam
459 860 537 908 illa
568 859 752 908 comitia
783 858 841 907 ad
863 859 971 908 fidei
997 863 1334 911 controversias
1359 863 1642 912 dirimendas
1669 866 1914 929 celebrari,

222 939 327 1003 quia
364 946 632 1002 repugnant
666 935 900 984 essentiali
938 938 1306 1002 protestantismi
1340 941 1568 1005 principio
1607 940 1664 990 de
1700 941 1915 991 libertate

220 1014 447 1062 examinis
491 1031 543 1061 ac
589 1011 858 1061 omnimoda
899 1013 1270 1079 independentia
1303 1032 1328 1061 a
1370 1016 1579 1080 qualibet
1621 1019 1912 1067 auctoritate.

220 1090 351 1139 Idem
391 1090 700 1138 intrinsecum
739 1088 908 1137 vitium
941 1087 1193 1137 arbitrariis
1231 1090 1321 1137 illis
1356 1090 1553 1139 inhaeret
1594 1093 1702 1140 fidei
1734 1094 1916 1142 confes-

218 1166 425 1215 sionibus
492 1184 574 1214 seu
609 1165 750 1230 {libris
800 1164 1062 1231 symbolicis
1084 1201 1098 1225 ,
1145 1183 1260 1231 quos
1305 1167 1559 1215 adversarii
1606 1170 1797 1234 quidem
1842 1173 1916 1232 ja-

218 1253 376 1303 ctant,
410 1242 491 1291 sed
535 1243 687 1309 reipsa
723 1250 1039 1290 contemnunt
1074 1241 1161 1307 (2).
1197 1245 1279 1291 Ast
1316 1242 1377 1292 de
1419 1243 1492 1291 his
1532 1244 1757 1292 hactenus
1792 1245 1914 1293 dicta

218 1321 471 1369 sufficiunt.

284 1397 397 1445 302.-
435 1399 551 1444 Inst,
593 1393 830 1460 Quidquid
859 1393 1050 1442 demum
1088 1395 1151 1442 sit
1178 1395 1237 1443 de
1283 1396 1557 1444 Lutheranis
1580 1433 1593 1458 ‚
1637 1397 1915 1446 Reformatis

216 1471 639 1536 dissidentibusque
680 1470 867 1536 reliquis
897 1470 970 1534 (3)
989 1505 1002 1530 7
1036 1487 1177 1519 nemo
1218 1476 1323 1533 jure
1353 1473 1546 1520 inficiari
1581 1473 1779 1538 poterit⁷
1811 1483 1915 1521 tum

266 1623 327 1675 (l)
355 1622 404 1661 In
423 1621 506 1661 The
518 1621 620 1673 form
646 1619 979 1673 ofGovernement
999 1621 1047 1672 of
1103 1634 1193 1659 nem
1211 1611 1502 1674 profudissent,
1538 1626 1711 1677 sepositas
1734 1626 1814 1677 fere
1835 1628 1915 1664 sim

216 1690 277 1730 the
297 1689 574 1740 Presbyterian
591 1686 744 1725 Ckurch
761 1687 806 1723 in
822 1687 1007 1725 America
1023 1717 1033 1735 ,
1101 1686 1220 1726 veluti
1253 1689 1466 1739 antiquata?
1484 1718 1494 1736 ‚
1529 1698 1599 1727 aut
1621 1690 1915 1730 subscribantur

216 1769 261 1794 as
277 1754 465 1793 amended
490 1756 535 1791 in
566 1750 659 1792 1821
681 1780 695 1802 ‚
727 1751 837 1803 chap.
870 1765 910 1800 1,
941 1750 963 1804 ἓ
992 1764 1031 1804 7.

271 1821 328 1872 (2)
358 1819 482 1872 Hujus
499 1820 551 1857 rei
563 1818 693 1857 vadem
706 1817 948 1855 libentissime
962 1816 1028 1854 da-

216 1901 302 1925 mus
325 1893 511 1925 auctorem
529 1883 630 1922 haud
643 1890 866 1934 suspectum.
881 1880 1028 1919 Etenim

216 1953 389 1998 palmer,
429 1964 488 2002 op.
521 1953 588 1989 cit.
623 1957 720 2001 part.
756 1961 797 1996 ι,
832 1960 914 1998 cap.
946 1960 1025 1995 12,

216 2031 302 2070 pag.
324 2014 402 2055 388
427 2022 463 2053 et
489 2013 593 2068 389,
624 2022 745 2065 aperte
766 2012 938 2056 declarat,
966 2012 1025 2049 lu-

217 2083 485 2122 theranismum
518 2087 554 2118 et
576 2080 833 2117 calvinismum
863 2079 920 2115 vix
951 2090 1027 2114 non

214 2149 406 2187 evanuisse
419 2176 431 2194 ‚
462 2147 512 2184 ita
533 2153 573 2183 ut
596 2146 669 2183 sint
687 2146 810 2195 potius
832 2155 1029 2193 argumen-

216 2223 295 2252 tum
321 2213 493 2252 historiae.
525 2209 724 2263 Quoniam
739 2236 751 2255 ‚
775 2215 818 2246 ut
849 2209 897 2245 ait
922 2209 1027 2260 ipse,

215 2277 354 2316 debiles
385 2276 560 2327 reliquioe
585 2276 672 2313 sine
699 2274 804 2322 vita,
832 2286 928 2324 quas
950 2273 1030 2325 ipsi

208 2350 297 2396 post
311 2358 348 2381 se
366 2342 605 2394 reliquerunt
619 2370 630 2389 ‚
655 2352 814 2392 quosque
836 2337 966 2376 adhuc
982 2337 1031 2375 il-

214 2408 337 2446 lorum
360 2410 516 2446 nomine
540 2406 795 2457 desiynantuv·
809 2433 819 2452 ‚
842 2416 922 2441 ntm
940 2410 1030 2441 sunt

215 2474 297 2510 nisi
320 2472 493 2511 luctuosa
513 2477 757 2509 monumenta
782 2475 1027 2521 systematum

214 2551 377 2591 quorum
421 2536 725 2589 imperfectiones
761 2541 797 2572 et
835 2534 999 2585 defectus
1014 2565 1024 2581 ‚

214 2605 442 2657 quicumque
479 2603 631 2641 demum
657 2600 724 2639 illi
740 2601 890 2652 fuerint
910 2632 920 2649 ‚
954 2614 1024 2639 no-

213 2669 365 2707 bilitata
381 2668 552 2719 fuerunt
568 2675 698 2704 sancto
720 2666 855 2704 ardore
875 2679 920 2704 ac
946 2665 1026 2705 zelo

211 2747 302 2786 erqa
327 2733 458 2771 Deum
481 2734 636 2785 ejusque
664 2730 930 2771 revelationem
956 2734 1026 2782 (nt

213 2802 290 2852 ipse
313 2799 380 2852 pie
407 2805 576 2837 autumat
600 2797 632 2850 ).
671 2797 745 2836 Sed
774 2799 865 2836 mira
891 2805 945 2836 est
966 2798 1024 2848 ip-

214 2867 287 2904 sius
310 2865 465 2902 auctoris
498 2862 685 2902 conclusio
723 2876 735 2901 :
763 2863 894 2915 Quum
918 2874 1023 2900 nunc

212 2929 464 2982 confessiones
482 2928 575 2978 fidei
587 2957 599 2977 ,
629 2927 673 2967 ob
688 2941 783 2979 quas
809 2927 1019 2976 Lauerna,

215 2994 435 3047 Zwinqlius
452 2999 489 3034 et
513 2994 700 3032 Calvinus
721 3007 833 3032 suum
857 2995 1019 3045 sanqui-

1101 1752 1171 1791 sub
1192 1754 1246 1791 iis
1279 1752 1465 1791 clausulis
1494 1760 1531 1791 et
1564 1754 1912 1803 declarationibus,

1098 1831 1184 1868 quce
1209 1824 1337 1856 actum
1365 1818 1660 1871 subscriptionis
1696 1819 1749 1857 ad
1765 1833 1911 1872 puram

1098 1895 1251 1922 scenam
1286 1882 1478 1921 ludicram
1517 1891 1717 1934 revocant,
1743 1898 1913 1937 quanam

1098 1952 1250 1986 ratione
1265 1962 1471 2000 possumus
1493 1962 1563 1988 nos
1591 1950 1833 1990 existentiam
1857 1950 1912 1988 il-

1095 2012 1218 2050 lorum
1248 2013 1345 2064 fidei
1377 2015 1618 2064 aqnoscereP
1654 2014 1842 2068 Oppressi
1861 2016 1910 2054 ab

1094 2077 1239 2116 audaci
1268 2078 1462 2130 impietate
1495 2078 1718 2131 neoloqismi
1742 2109 1754 2128 ‚
1800 2086 1911 2130 atque

1095 2143 1187 2182 adeo
1217 2143 1266 2182 ab
1297 2142 1586 2189 incredulitate,
1608 2157 1693 2195 quae
1729 2157 1768 2183 se
1788 2143 1910 2197 pallio

1095 2208 1303 2246 christiani
1334 2209 1504 2246 nominis
1537 2208 1673 2261 obteqit
1689 2239 1700 2258 ,
1724 2222 1797 2261 quo
1816 2222 1909 2263 pos—

1094 2275 1172 2312 sint
1200 2274 1297 2325 fidei
1332 2273 1519 2313 deteriora
1546 2274 1705 2313 vulnera
1739 2275 1906 2326 inferri,

1093 2346 1163 2377 aut
1184 2341 1228 2378 in
1247 2352 1422 2393 proeceps
1435 2339 1571 2393 dejecti
1583 2340 1754 2380 mortalis
1771 2340 1910 2380 lethar-

1091 2406 1168 2456 9ioe
1188 2434 1200 2455 ‚
1234 2407 1442 2457 apostasia?
1473 2406 1662 2444 nimirum
1691 2411 1844 2446 ariance
1869 2414 1906 2446 et

1093 2473 1301 2511 socinianoe
1319 2501 1330 2519 ‚
1354 2471 1652 2510 lutheranismus
1667 2480 1702 2511 et
1723 2473 1903 2512 calvinis-

1091 2551 1196 2585 mns,
1231 2539 1294 2576 uti
1320 2544 1525 2590 systemata
1544 2539 1722 2590 reliqiosa
1736 2567 1746 2585 ‚
1778 2538 1822 2575 in
1842 2550 1904 2575 re-

1091 2602 1291 2653 qionibuS,
1309 2603 1354 2640 in
1378 2602 1516 2654 quibus
1528 2610 1652 2641 ortum
1668 2601 1898 2650 hahuerunt,

1084 2667 1204 2720 plane
1226 2668 1413 2707 videntur
1429 2669 1624 2721 periisse!

1145 2733 1198 2785 (3)
1227 2733 1498 2774 Dissidentium
1521 2735 1670 2773 nomine
1690 2733 1905 2783 significant,

1091 2800 1285 2851 Anglicani'
1328 2800 1411 2838 illos
1444 2812 1599 2845 omnes,
1632 2811 1725 2850 quos
1764 2807 1897 2837 vocant

1091 2868 1205 2903 etiam
1231 2866 1474 2917 separatistas
1494 2872 1558 2902 aut
1577 2876 1655 2901 non
1672 2865 1895 2915 conformis·

1088 2936 1146 2967 tas
1164 2959 1174 2976 ‚
1200 2933 1264 2982 qui
1292 2930 1429 2968 scilicet
1465 2929 1641 2968 dissident
1663 2930 1710 2968 ab
1737 2930 1894 2969 Ecclesia

1089 2995 1195 3045 legali
1225 3008 1266 3033 ac
1295 2995 1509 3033 dominante
1527 3025 1536 3043 ,
1566 2996 1774 3048 cujusmodi
1808 3000 1895 3034 sunt
