2028 3354
165 199 227 245 36
622 213 773 245 macr.
811 213 864 240 nn
901 213 1018 243 noeis
1054 211 1354 243 rnaoroclms.

165 330 271 378 solis
298 328 651 396 praedestinatis.
680 326 730 371 5⁰
761 325 831 372 Ad
860 324 955 372 haec
983 327 1156 374 accedit
1174 361 1186 385 ,
1222 323 1347 391 quod
1378 320 1619 373 invisibilis
1652 320 1846 368 Ecclesia

164 408 333 453 idealz's
379 405 531 470 potius
573 403 633 447 sit
679 410 726 448 et
764 399 1086 464 philosophica
1129 418 1269 465 quam
1297 401 1451 450 ,real-is
1501 408 1546 445 et
1581 400 1848 460 empirica,-

167 483 219 529 60
238 492 376 546 atque
395 479 535 526 etiam
560 494 658 523 non
683 477 791 523 satis
808 484 910 523 tuta
927 512 939 534 7
969 475 1198 538 siquidem
1217 475 1276 521 ad
1293 475 1497 523 Ecclesiae
1519 476 1724 521 animam
1745 489 1850 519 cum

166 575 263 604 non
298 562 511 620 spectent
550 552 639 598 nisi
666 553 812 598 sancti
835 588 846 611 7
882 559 1006 598 recte
1024 549 1187 597 inferri
1215 559 1383 614 posset,
1406 550 1612 613 ejusdem
1647 566 1813 614 corpus
1837 583 1850 606 7

166 631 293 698 quod
327 648 352 677 a
380 629 461 677 tali
483 629 638 676 anima
668 629 972 685 informatur,
996 643 1092 672 non
1112 642 1209 673 esse
1227 624 1355 671 aliud
1381 642 1519 689 quam
1544 629 1853 673 collectionem

164 710 452 755 Sanctorum-
467 743 481 761 ,
498 714 545 752 et
568 705 631 752 sic
653 703 965 751 dilaberemur
989 702 1037 747 in
1062 701 1309 749 Ecclesiam
1330 698 1535 748 absolute
1557 700 1852 759 invisibilem,

163 783 290 849 quod
314 792 437 830 certe
456 780 680 827 Catholici
702 798 798 826 non
818 779 1090 825 admittunt.
1124 779 1255 840 Ergo.

231 859 309 906 56.
346 860 485 923 Resp.
510 859 624 921 Neq.
649 865 751 903 ant.
776 855 847 903 Ad
868 856 931 901 1m
948 871 1081 919 prop.
1103 855 1229 901 Dz'st.
1256 854 1321 899 Ex
1351 852 1558 899 adductis
1583 852 1857 901 testimoniis

164 935 357 984 Joannis
389 942 436 981 et
456 932 588 980 Pauli
620 932 817 980 Ecclesia
846 929 1089 979 invisibilis
1112 938 1294 977 constat
1322 947 1377 976 ex
1426 928 1643 975 omnibus
1670 937 1717 975 et
1752 929 1858 975 solis

164 1010 537 1078 praedestinatis,
565 1009 615 1055 in
642 1008 805 1056 ordine
831 1006 891 1053 ad
911 1006 1285 1054 consecutionem
1302 1005 1405 1051 finis
1420 1040 1432 1064 a
1456 1021 1603 1059 conc.;
1624 1005 1673 1051 in
1696 1003 1860 1051 ordine

165 1090 226 1138 ad
258 1096 537 1154 praesentem
554 1086 811 1148 justitiam⁷
839 1101 940 1148 oley.
966 1084 1010 1130 Si
1032 1084 1148 1131 ratio
1168 1082 1394 1130 habeatur
1414 1083 1520 1128 finis
1538 1099 1619 1129 seu
1637 1081 1859 1139 termini,

164 1166 373 1232 profecto
402 1163 600 1210 Ecclesia
617 1162 719 1209 haec
734 1159 980 1209 invisibilis
996 1176 1053 1206 ex
1069 1158 1286 1207 omnibus
1304 1167 1352 1206 et
1373 1158 1481 1205 solis
1514 1157 1861 1223 praedestinatis

167 1241 349 1304 exurgit
365 1276 377 1300 7
403 1247 566 1304 utpote
584 1238 663 1302 qui
687 1253 850 1284 omnes
869 1252 922 1283 ac
940 1234 1025 1282 soli
1044 1235 1322 1300 pervenient
1339 1234 1400 1281 ad
1420 1233 1672 1297 gloriosam
1692 1231 1864 1280 Christi

167 1317 445 1375 Ecclesiam7
483 1330 584 1380 quae
607 1313 657 1360 in
677 1312 805 1361 coelis
826 1310 1112 1377 triumphat3
1136 1320 1204 1358 ast
1223 1311 1261 1357 si
1288 1311 1404 1357 ratio
1425 1308 1652 1357 habeatur
1675 1306 1865 1355 actualis

168 1395 379 1460 ipsorum
413 1400 562 1439 status
589 1400 635 1437 et
658 1389 1006 1447 conditionum,
1034 1404 1148 1452 quas
1174 1387 1490 1435 recensuimus
1508 1422 1521 1440 ,
1551 1394 1768 1451 apertum
1798 1391 1867 1430 est

170 1486 414 1534 nequeex¹
446 1468 499 1514 iis
531 1465 749 1513 omnibus
797 1481 949 1529 neque
979 1480 1036 1510 ex
1072 1464 1126 1510 iis
1158 1462 1263 1509 solis
1300 1462 1549 1509 Ecclesiam
1588 1459 1868 1511 invisibilem

171 1544 454 1601 coalescere,
485 1559 593 1589 cum
617 1559 715 1588 non
741 1557 904 1587 omnes
933 1555 1019 1586 nec
1048 1538 1132 1586 soli
1156 1538 1216 1586 ad
1243 1537 1687 1585 Ecclesiaeanimam
1719 1535 1867 1601 perti-

170 1630 333 1668 neant.
373 1618 646 1685 Complures
675 1618 803 1665 enim
838 1615 1157 1681 praedestinati
1193 1625 1299 1662 actu
1328 1632 1426 1661 non
1455 1614 1647 1672 vivunt,
1680 1629 1761 1660 seu
1794 1611 1868 1658 in-

172 1696 331 1744 structi
360 1713 457 1741 non
506 1702 621 1740 sunt
657 1693 906 1751 charitate,
945 1691 1227 1755 quandoque
1260 1691 1402 1737 etiamv
1434 1706 1520 1736 nec
1551 1689 1667 1747 fide3
1710 1696 1871 1734 contra

172 1790 284 1822 vero
309 1771 467 1836 plures
498 1770 722 1817 charitate
746 1777 851 1815 actu
878 1776 988 1813 sunt
1017 1767 1230 1831 praediti,
1269 1767 1319 1812 in
1351 1782 1442 1830 qua
1475 1782 1571 1811 non
1600 1779 1872 1830 persevera-

172 1850 308 1897 bunt.
328 1850 436 1896 Jam
465 1865 575 1896 vero
600 1847 846 1911 Scripturae
869 1853 1039 1903 textus,
1062 1845 1141 1909 qui
1177 1843 1491 1903 adducuntur,
1513 1843 1563 1889 in
1583 1842 1727 1907 priori
1737 1840 1875 1904 signi-

174 1926 388 1972 ficatione
412 1922 706 1986 intelligendi
730 1930 859 1981 sunt⁷
907 1929 960 1966 ut
981 1937 1089 1968 cum
1111 1919 1301 1984 reliquis
1329 1919 1547 1983 componi
1581 1917 1760 1984 possint
1779 1917 1871 1981 (1).

242 2001 320 2048 57.
359 1998 432 2048 Ad
450 2001 541 2058 2¹¹¹,
575 1998 747 2045 Eadem
769 2005 865 2044 esto
883 1996 1144 2054 distincti03
1173 1997 1236 2042 sic
1255 1995 1381 2042 enim
1405 1996 1451 2041 S.
1471 1997 1641 2042 Doctor
1660 2002 1872 2042 mentem

174 2094 304 2125 suam
336 2075 571 2135 declarat,
603 2083 853 2139 postquam
871 2072 1056 2132 docuit,
1082 2075 1231 2134 justos
1251 2088 1347 2118 non
1380 2064 1737 2135 praedestinatos
1776 2086 1873 2115 non

175 2171 274 2202 esse
306 2169 439 2201 veros
469 2150 586 2197 filios
618 2168 629 2196 ε
664 2150 777 2197 Non
803 2153 922 2212 quia
935 2151 1192 2211 justitiam
1218 2150 1606 2202 simulaverunt,
1640 2145 1724 2192 sed
1751 2147 1871 2207 quia

174 2233 230 2277 in
257 2247 313 2277 ea
347 2244 444 2275 non
463 2232 844 2290 permanserunt
867 2225 958 2288 (2).

240 2307 318 2354 58.
358 2304 428 2352 Ad
450 2303 518 2351 31¹²
532 2339 546 2361 ,
576 2303 697 2366 Neq.
724 2300 965 2365 Multiplici
989 2309 1148 2349 autem
1169 2316 1308 2347 sensu
1328 2304 1486 2347 ovium
1506 2298 1697 2345 nomine
1716 2296 1863 2360 signi-

175 2384 392 2440 ficantur,
410 2380 490 2445 qui
503 2378 743 2444 pertinent
761 2376 821 2424 ad
832 2376 1002 2423 Christi
1021 2376 1265 2424 Ecclesiam
1282 2395 1295 2433 ς
1310 2392 1361 2430 ac
1384 2376 1535 2440 primo
1548 2390 1712 2421 omnes
1727 2373 1861 2435 justi,

233 2545 284 2598 (l)
319 2544 400 2583 cfr.
417 2544 595 2583 Bellarm.
620 2539 918 2580 DeEccles.1ib.
937 2553 996 2588 111,
1063 2542 1119 2578 nit
1157 2541 1195 2577 in
1226 2538 1404 2588 homine3
1439 2538 1502 2576 sed
1536 2546 1588 2577 est
1607 2543 1711 2576 actus
1731 2539 1771 2575 in
1792 2537 1871 2586 ipso

178 2626 258 2664 cap.
284 2624 305 2664 7
325 2640 335 2658 ,
368 2623 409 2648 n.
436 2621 481 2645 21
505 2638 515 2655 ‚
544 2607 609 2646 ubi
625 2607 791 2645 observat
807 2634 818 2653 ‚
847 2605 999 2643 hocin·
1066 2605 1143 2644 Deo
1168 2617 1348 2643 manens:
1376 2609 1413 2643 at
1436 2605 1501 2656 qui
1524 2612 1612 2643 sunt
1633 2603 1723 2641 tales
1739 2606 1869 2639 seeun-

178 2675 366 2717 tercedere
394 2673 592 2711 discrimen
612 2673 710 2710 inter
729 2670 914 2708 diversum
930 2670 1000 2707 ho-
1067 2670 1157 2708 dum
1181 2677 1399 2721 praesentem
1425 2671 1607 2721 justitiam
1627 2697 1638 2716 ‚
1678 2672 1763 2704 sunt
1782 2671 1871 2702 actu

181 2744 326 2780 minum
351 2745 490 2777 statum
507 2767 518 2785 ‚
546 2737 667 2788 quod,
691 2736 756 2788 qui
783 2743 868 2773 sunt
891 2749 975 2774 oves
990 2764 1001 2783 ‚
1069 2744 1105 2774 et
1124 2735 1336 2787 simpliciter
1361 2734 1479 2785 tales3
1504 2735 1589 2785 quia
1613 2734 1652 2770 in
1680 2745 1717 2770 se
1746 2744 1869 2769 revera

183 2814 245 2846 aut
269 2805 338 2843 filii
354 2834 365 2851 ,
396 2810 460 2840 aut
490 2800 658 2839 membra
699 2799 902 2839 secundum
935 2812 995 2838 so·
1059 2800 1250 2839 habentid
1269 2800 1392 2848 ‚unde
1404 2799 1490 2837 tales
1509 2795 1870 2850 appellantur.Quod

182 2874 258 2911 lam
279 2868 635 2923 praedestinationem
656 2895 667 2914 ‚
689 2879 767 2903 non
791 2872 878 2902 sunt
895 2872 994 2913 actu,
1062 2865 1256 2904 confirmat
1306 2865 1519 2904 auctoritate
1530 2883 1542 2914 ἐ
1563 2862 1604 2901 5.
1650 2861 1841 2914 Augustini
1858 2890 1869 2908 ,

184 2939 248 2978 sed
277 2935 396 2976 solum
421 2932 594 2986 potentia
627 2932 729 2971 tales.
753 2931 998 2970 Praedestina-
1072 2930 1205 2970 Tract.
1236 2943 1307 2968 xu-
1328 2929 1371 2966 in
1393 2928 1511 2967 Joan.
1567 2954 1574 2964 ‚

186 3007 236 3042 tio
258 3004 356 3040 enim
378 3031 388 3050 ,
415 3008 456 3037 ut
485 3001 563 3050 ipse
594 2997 783 3051 loquitur,
818 2996 911 3035 nihil
935 3010 997 3048 po·
1120 2995 1173 3044 (2)
1202 2994 1291 3034 Loc.
1317 2994 1379 3032 cit.
1402 3007 1443 3032 n.
1470 3003 1534 3030 20.
