2028 3354
217 231 311 280 516
714 246 870 280 ruer.
909 245 965 280 ΒΕ
999 245 1120 281 Locis
1155 247 1447 285 rnnotomcis·

280 363 393 411 760.
430 362 503 410 Ad
548 361 634 422 3¹1¹,
666 362 787 427 Neq.
830 364 929 411 Hoc
967 364 1095 411 enim
1134 373 1203 411 est
1240 363 1460 431 effugium
1498 366 1810 432 excogitatum
1852 367 1914 416 ad

216 439 499 489 eludendam
543 439 806 487 traditionis
853 441 966 487 vim.
1011 440 1204 506 Concipi
1243 451 1399 490 autem
1443 445 1635 510 nequit,
1679 444 1912 510 quomodo

215 515 395 580 possint
416 516 661 563 Pontifices
686 516 856 580 singuli
879 533 936 564 ex
962 516 1183 564 cathedra
1208 534 1413 566 errorem
1436 520 1486 567 in
1508 521 1600 568 fide
1624 520 1912 569 credendum

213 591 425 640 Ecclesiae
465 609 757 658 proponere,
799 601 845 640 et
883 602 1041 640 tamen
1078 593 1129 639 in
1165 593 1439 642 eorumdem
1477 597 1755 643 Pontificum
1794 597 1914 645 serie

213 669 325 716 fidei
363 669 744 718 indefectibilitas
781 679 1056 735 permaneat
1079 669 1170 733 (l).
1199 670 1404 732 Deinde,
1441 689 1538 718 non
1561 673 1711 720 solum
1748 673 1910 735 seriei,

212 745 296 793 sed
324 746 624 793 Pontificibus
652 746 841 809 singulis
868 764 1039 793 munus
1073 745 1306 793 incumbit
1336 748 1646 795 confirmandi
1673 749 1837 797 fratres
1861 751 1913 799 in

211 821 331 881 fide;
364 838 475 870 cum
504 839 615 870 vero
638 823 688 868 in
712 821 839 869 hunc
864 823 1007 869 finem
1034 821 1245 868 Christus
1270 822 1360 870 illis
1380 823 1721 871 infallibilitatis
1754 824 1912 874 dotem

213 897 492 959 contulerit,
523 906 683 962 patet,
705 906 787 943 aut
816 896 955 943 nullis
984 906 1063 943 aut
1081 896 1273 961 singulis
1301 899 1430 947 illam
1460 909 1725 966 competere
1753 901 1804 966 (2
1832 937 1842 948 .

275 974 387 1022 761.
425 974 502 1021 Ad
534 974 622 1033 4¹1¹,
661 972 783 1036 Ney.
829 971 900 1019 Ad
939 972 1134 1019 effatum
1165 989 1274 1019 vero
1310 974 1476 1022 Leonis
1512 978 1600 1037 M.,
1628 979 1750 1024 Disc.
1776 976 1916 1025 Aliud

209 1059 320 1097 sunt
356 1050 488 1098 sedes
524 1047 649 1096 aliud
676 1047 1012 1114 praesidentes,
1044 1055 1276 1112 quatenus
1311 1050 1490 1097 sedium
1520 1056 1628 1114 jura
1664 1070 1763 1100 non
1797 1071 1912 1119 pen-

209 1126 353 1175 deant
395 1144 454 1175 ex
495 1125 682 1176 meritisv
711 1133 793 1172 aut
835 1123 1075 1171 demeritis
1125 1123 1449 1189 personalibus
1497 1128 1778 1191 praesulum,
1823 1147 1910 1195 pro

207 1215 425 1271 tempore
454 1204 746 1262 sedentium,
778 1218 941 1257 eonc.,·
974 1210 1206 1266 quatenus
1231 1204 1334 1263 jura
1366 1200 1548 1249 sedium
1589 1222 1687 1251 non
1717 1223 1912 1272 compe-

207 1289 314 1329 tant
341 1279 702 1347 praesidentibus
721 1316 733 1339 ,
765 1296 866 1342 neq.
890 1278 1103 1326 Profecto
1135 1276 1276 1324 aliam
1302 1277 1351 1324 in
1372 1277 1461 1325 hoc
1487 1278 1625 1326 effato
1652 1297 1754 1327 nonv
1771 1282 1911 1331 fuisse

212 1366 422 1406 mentem
451 1359 496 1404 S.
522 1356 706 1415 Leonis,
730 1364 862 1421 patet
883 1372 942 1402 ex
964 1358 1062 1418 ejus
1076 1372 1241 1419 scopo,
1257 1354 1482 1402 nimirum
1506 1365 1653 1403 sartos
1674 1365 1910 1423 tectosque

209 1433 501 1481 custodiendi
524 1433 724 1479 nicaenos
755 1448 985 1490 canones,
1010 1432 1092 1496 qui
1119 1448 1200 1478 sua
1230 1430 1395 1497 cuique
1425 1431 1524 1479 sedi
1545 1436 1653 1495 jura
1680 1434 1906 1482 servanda

211 1509 531 1575 praefinierant
547 1545 559 1568 ,
592 1525 745 1573 neque
764 1506 1000 1567 sinebant,
1032 1517 1085 1554 ut
1102 1506 1162 1554 ob
1195 1508 1491 1573 personalem
1516 1510 1719 1557 Dioscori
1742 1509 1910 1575 impie-

207 1597 354 1635 tatem
382 1585 595 1635 secundae
624 1585 743 1633 sedis
766 1589 841 1647 j‘us
864 1584 1150 1632 adimeretur
1181 1583 1508 1632 Alexandrinae
1530 1594 1579 1634 et
1604 1586 1654 1632 in
1679 1587 1911 1634 Constan-

201 1662 569 1729 tinopolitanam
591 1662 924 1710 transferretur
944 1660 1036 1725 (3).
1065 1660 1287 1708 Ceterum
1309 1678 1406 1708 non
1429 1679 1516 1727 pro
1539 1662 1648 1710 sede
1673 1663 1906 1722 Romana,

250 1872 319 1923 ,(1)
350 1871 456 1911 Circa
478 1872 552 1910 hoc
580 1871 749 1910 Bossueti
769 1870 949 1922 effugium
972 1870 1028 1909 le—

207 1940 350 1991 gendus
380 1940 532 1977 omnino
562 1945 615 1976 est
635 1936 746 1976 Com.
775 1937 822 1975 de
846 1935 999 1975 Maistre
1015 1964 1027 1983 ,

200 2009 249 2044 'in
274 2020 339 2057 op.
365 2004 430 2045 Du
458 2002 590 2057 Papo,
619 2005 682 2044 liv.
709 2018 746 2052 1,
770 2003 832 2042 ch.
862 2016 902 2042 ιι
923 2033 934 2051 ,
961 2004 1028 2041 ubi

207 2073 304 2109 inter
329 2079 447 2109 cetera
478 2071 605 2108 scribit
631 2083 642 2107 ε
675 2068 778 2107 C'est
803 2069 828 2106 ὰ
843 2081 924 2120 peu
938 2068 1029 2120 pres

209 2150 353 2175 comme
386 2136 446 2175 dil
480 2135 691 2186 (ssssossuet)
724 2133 832 2173 avoit'
862 2134 922 2171 dit
955 2147 1028 2185 qne

208 2210 293 2241 tons
326 2201 377 2240 les
410 2215 626 2254 empereurs
665 2202 839 2239 romains
878 2199 1030 2238 doivent

209 2269 287 2306 ecre
323 2268 541 2306 consideres
578 2280 721 2305 comme
758 2265 797 2303 la
831 2278 1028 2317 personne

211 2333 429 2384 d’Auquste
452 2334 652 2371 continues
662 2346 676 2380 ‚·
698 2344 769 2382 que
783 2333 819 2368 si
832 2330 869 2368 la
882 2343 1028 2382 saqesse

210 2406 246 2436 et
259 2398 484 2437 l'humanite
501 2405 566 2435 ont
580 2395 934 2449 paruquelquefois
953 2399 1027 2433 tre-

210 2463 429 2501 buchersnr
445 2478 485 2501 ce
505 2464 613 2500 trbne
632 2463 731 2499 dans
748 2462 798 2499 les
819 2475 1027 2513 personnes

211 2528 258 2566 de
268 2527 564 2580 quelques-uns,
582 2527 649 2566 tels
669 2541 739 2579 qne
761 2527 924 2573 where,
949 2526 1028 2565 Ne-

210 2608 283 2633 ron
296 2623 307 2642 ‚
335 2593 516 2645 Caliqula
527 2624 537 2641 ,
560 2601 630 2631 etc.
647 2605 696 2630 on
709 2606 757 2630 ne
777 2593 924 2630 sauroic
940 2591 1027 2629 dire

211 2661 441 2698 neanmoins
461 2659 609 2711 qu’elles
630 2660 739 2696 aient
747 2658 900 2710 jennais
918 2671 1027 2695 man-

209 2729 282 2778 que
300 2727 565 2773 entffirement,
585 2722 832 2776 puisqu'elles
854 2723 1028 2761 devoient

210 2793 432 2830 ressusciter
447 2788 593 2828 biencdt
609 2789 706 2827 dans
727 2787 833 2826 celles
851 2788 916 2825 des
933 2789 973 2827 A
977 2802 1025 2825 n-

210 2858 325 2896 tonin
340 2886 350 2903 ,
378 2857 440 2894 des
462 2856 634 2906 Trajan,
651 2861 722 2892 etc.
745 2853 865 2905 Atque
883 2862 923 2891 ut
937 2853 1026 2891 alibi

211 2923 379 2961 observat
397 2952 407 2970 ,
434 2923 549 2959 series
570 2921 790 2958 Pontificum
808 2927 899 2957 esset
915 2919 1028 2956 infal-

213 2988 327 3026 libilis
347 3017 358 3034 ‚
393 2989 459 3026 etsi
487 2986 685 3024 Pontifices
708 2985 843 3035 singuli
881 2992 1029 3035 possent

211 3053 370 3095 haeretici
383 3068 477 3095 esse.
486 3054 565 3094 cfr,
573 3051 632 3093 De
642 3039 801 3104 l'quise
810 3050 1003 3103 qallicane
1010 3078 1025 3101 ,

1096 1870 1162 1910 liv.
1189 1882 1215 1909 ιι
1231 1899 1243 1919 ,
1272 1870 1334 1911 ch.
1366 1883 1413 1909 12
1431 1900 1442 1919 ,
1471 1871 1608 1910 scilicet
1633 1870 1849 1918 Pontifices,
1874 1871 1914 1908 in

1096 1935 1262 1974 Bossueti
1283 1936 1505 1990 hypothesi,
1531 1938 1574 1974 in
1589 1935 1776 1974 abstracto
1796 1943 1915 1974 essent

1098 1999 1329 2049 infallibiles,
1353 2001 1525 2040 fallibiles
1549 2015 1635 2040 vero
1658 2002 1701 2038 in
1726 2008 1912 2039 concreto.

1150 2066 1205 2115 (2)
1234 2065 1339 2105 Certe
1363 2064 1709 2119 S.Augustinus‚in
1721 2066 1792 2104 Pa.
1809 2070 1913 2104 cont.

1090 2139 1198 2185 part.
1226 2131 1404 2181 Donati,
1428 2147 1516 2171 cum
1543 2132 1746 2184 scripsisset
1783 2144 1794 2169 ε
1820 2129 1909 2168 Nu-

1096 2204 1238 2235 mer-ate
1260 2196 1480 2236 Sacerdotes
1517 2197 1578 2236 vel
1609 2196 1657 2233 ab
1689 2197 1777 2248 ipsa
1800 2192 1912 2234 Petri

1095 2263 1207 2311 sede,
1236 2269 1272 2301 et
1299 2264 1345 2301 in
1371 2263 1506 2302 ordine
1531 2262 1596 2300 illo
1622 2260 1791 2300 Patmm
1821 2262 1910 2312 quis

1095 2328 1162 2368 cui
1176 2330 1357 2367 successit
1378 2329 1500 2366 videte
1515 2358 1526 2376 ‚
1549 2326 1679 2365 subdit
1703 2340 1715 2365 :
1742 2325 1845 2365 Haec
1856 2332 1911 2364 est

1087 2399 1223 2445 petra,
1247 2407 1364 2444 qnam
1384 2407 1462 2431 non
1485 2394 1646 2431 vincunt
1660 2392 1834 2444 superbas
1848 2393 1911 2430 in·
1976 2392 1995 2405 ”
2014 2386 2028 2393 ⁴

1088 2459 1259 2509 ferorum
1280 2466 1401 2510 portae
1416 2488 1427 2504 ‚
1449 2460 1601 2510 perinde
1621 2472 1665 2496 ac
1686 2460 1715 2496 si
1737 2458 1872 2497 diceret
1894 2470 1906 2495 :

1093 2522 1150 2562 In
1169 2524 1238 2562 hoc
1262 2525 1513 2563 successionis
1531 2522 1667 2562 ordine
1678 2522 1809 2563 nullus
1825 2522 1909 2561 Do-

1093 2590 1237 2628 nat-ieta
1265 2591 1465 2642 episcopus
1493 2590 1719 2639 invenitur3
1751 2591 1780 2627 si
1807 2588 1908 2626 enim

1095 2657 1152 2695 vel
1171 2670 1266 2695 unus
1289 2656 1563 2695 Donatistarum
1576 2655 1761 2695 erroribus
1781 2653 1907 2704 inqui-

1093 2730 1201 2761 natus
1224 2724 1443 2773 reperiretur
1460 2751 1470 2768 ,
1503 2723 1590 2760 satis
1622 2720 1748 2758 fnisset
1772 2717 1818 2755 ad
1849 2730 1908 2755 se-

1092 2787 1186 2825 riem
1198 2787 1308 2826 'illam
1327 2787 1543 2825 vitiandam.
1556 2786 1635 2824 Cfr.
1651 2783 1825 2823 Ballerin.
1840 2794 1907 2834 op.

1092 2856 1156 2892 cit.
1197 2854 1255 2891 De
1286 2855 1328 2891 oi
1357 2860 1392 2890 ec
1418 2858 1497 2891 rat.
1524 2851 1668 2903 prim„
1705 2861 1789 2899 cap.
1830 2846 1903 2895 15,

1094 2918 1115 2971 §
1140 2918 1188 2967 5,
1217 2933 1256 2956 n.
1283 2931 1350 2957 20.

1149 2983 1199 3034 (3)
1238 2984 1351 3022 Prout
1388 2979 1636 3021 contendebat
1676 2978 1867 3018 Anatolius
1884 3007 1896 3027 ,

1094 3063 1208 3103 quem
1228 3049 1359 3089 acriter
1382 3048 1499 3101 arguit
1513 3046 1582 3087 hac
1595 3045 1750 3099 epistola
1761 3042 1801 3085 S.
1815 3043 1905 3084 Leo.
