<?xml version="1.0" encoding="UTF-8"?>
<!DOCTYPE html PUBLIC "-//W3C//DTD XHTML 1.0 Transitional//EN"
    "http://www.w3.org/TR/xhtml1/DTD/xhtml1-transitional.dtd">
<html xmlns="http://www.w3.org/1999/xhtml" xml:lang="en" lang="en">
 <head>
  <title>
</title>
<meta http-equiv="Content-Type" content="text/html;charset=utf-8" />
  <meta name='ocr-system' content='tesseract 3.04.00' />
  <meta name='ocr-capabilities' content='ocr_page ocr_carea ocr_par ocr_line ocrx_word'/>
</head>
<body>
  <div class='ocr_page' id='page_1' title='image "./praelectionestheo08perruoft/praelectionestheo08perruoft_0445.png"; bbox 0 0 2028 3354; ppageno 0'>
   <div class='ocr_carea' id='block_1_1' title="bbox 1668 210 1761 259">
    <p class='ocr_par' dir='ltr' id='par_1_1' title="bbox 1668 210 1761 259">
     <span class='ocr_line' id='line_1_1' title="bbox 1668 210 1761 259; baseline 0.022 -2"><span class='ocrx_word' id='word_1_1' title='bbox 1668 210 1761 259; x_wconf 78' lang='lat'>433</span> 
     </span>
    </p>
   </div>
   <div class='ocr_carea' id='block_1_2' title="bbox 278 223 1554 258">
    <p class='ocr_par' dir='ltr' id='par_1_2' title="bbox 278 223 1554 258">
     <span class='ocr_line' id='line_1_2' title="bbox 278 223 1554 258; baseline -0.002 0"><span class='ocrx_word' id='word_1_2' title='bbox 278 228 404 258; x_wconf 76' lang='lat' dir='ltr'><strong>PART.</strong></span> <span class='ocrx_word' id='word_1_3' title='bbox 441 229 471 256; x_wconf 86' lang='lat'>1.</span> <span class='ocrx_word' id='word_1_4' title='bbox 508 226 624 256; x_wconf 78' lang='lat' dir='ltr'><strong>SEGT.</strong></span> <span class='ocrx_word' id='word_1_5' title='bbox 661 224 709 255; x_wconf 86' lang='lat'>11.</span> <span class='ocrx_word' id='word_1_6' title='bbox 750 223 845 256; x_wconf 81' lang='lat' dir='ltr'><strong>CAP.</strong></span> <span class='ocrx_word' id='word_1_7' title='bbox 879 226 948 254; x_wconf 89' lang='lat'>111.</span> <span class='ocrx_word' id='word_1_8' title='bbox 989 227 1042 255; x_wconf 84' lang='lat' dir='ltr'>DE</span> <span class='ocrx_word' id='word_1_9' title='bbox 1070 227 1171 255; x_wconf 77' lang='lat' dir='ltr'><strong>NAT.</strong></span> <span class='ocrx_word' id='word_1_10' title='bbox 1211 227 1262 256; x_wconf 77' lang='lat' dir='ltr'>ET</span> <span class='ocrx_word' id='word_1_11' title='bbox 1297 228 1395 257; x_wconf 76' lang='lat' dir='ltr'><strong>JUR.</strong></span> <span class='ocrx_word' id='word_1_12' title='bbox 1435 227 1554 257; x_wconf 76' lang='lat' dir='ltr'><strong>PRIM.</strong></span> 
     </span>
    </p>
   </div>
   <div class='ocr_carea' id='block_1_3' title="bbox 81 338 1778 1691">
    <p class='ocr_par' dir='ltr' id='par_1_3' title="bbox 82 338 1769 765">
     <span class='ocr_line' id='line_1_3' title="bbox 85 338 1762 403; baseline 0.001 -17"><span class='ocrx_word' id='word_1_13' title='bbox 85 340 404 399; x_wconf 77' lang='lat' dir='ltr'>institutione,</span> <span class='ocrx_word' id='word_1_14' title='bbox 447 338 677 403; x_wconf 87' lang='lat' dir='ltr'>Episcopis</span> <span class='ocrx_word' id='word_1_15' title='bbox 717 355 797 385; x_wconf 90' lang='lat' dir='ltr'>seu</span> <span class='ocrx_word' id='word_1_16' title='bbox 839 338 1043 385; x_wconf 89' lang='lat' dir='ltr'>Ecclesiis</span> <span class='ocrx_word' id='word_1_17' title='bbox 1085 339 1390 387; x_wconf 69' lang='lat' dir='ltr'>distributive</span> <span class='ocrx_word' id='word_1_18' title='bbox 1420 339 1644 403; x_wconf 69' lang='lat' dir='ltr'>sumptis,</span> <span class='ocrx_word' id='word_1_19' title='bbox 1691 351 1762 388; x_wconf 88' lang='lat' dir='ltr'>ast</span> 
     </span>
     <span class='ocr_line' id='line_1_4' title="bbox 86 414 1765 481; baseline 0.002 -19"><span class='ocrx_word' id='word_1_20' title='bbox 86 416 329 481; x_wconf 87' lang='lat' dir='ltr'>Episcopos</span> <span class='ocrx_word' id='word_1_21' title='bbox 358 433 437 462; x_wconf 90' lang='lat' dir='ltr'>seu</span> <span class='ocrx_word' id='word_1_22' title='bbox 466 414 685 462; x_wconf 85' lang='lat' dir='ltr'>Ecclesias</span> <span class='ocrx_word' id='word_1_23' title='bbox 709 415 936 461; x_wconf 73' lang='lat' dir='ltr'><em>collective</em></span> <span class='ocrx_word' id='word_1_24' title='bbox 967 424 1173 480; x_wconf 84' lang='lat' dir='ltr'>acceptas</span> <span class='ocrx_word' id='word_1_25' title='bbox 1192 452 1203 474; x_wconf 65' lang='lat'><em>7</em></span> <span class='ocrx_word' id='word_1_26' title='bbox 1236 418 1334 464; x_wconf 85' lang='lat' dir='ltr'>sive</span> <span class='ocrx_word' id='word_1_27' title='bbox 1362 417 1410 462; x_wconf 90' lang='lat' dir='ltr'>in</span> <span class='ocrx_word' id='word_1_28' title='bbox 1446 415 1648 464; x_wconf 87' lang='lat' dir='ltr'>Concilio</span> <span class='ocrx_word' id='word_1_29' title='bbox 1670 416 1765 465; x_wconf 82' lang='lat' dir='ltr'>sive</span> 
     </span>
     <span class='ocr_line' id='line_1_5' title="bbox 84 491 1765 556; baseline 0.001 -19"><span class='ocrx_word' id='word_1_30' title='bbox 84 501 214 538; x_wconf 78' lang='lat' dir='ltr'>extra</span> <span class='ocrx_word' id='word_1_31' title='bbox 235 491 506 549; x_wconf 77' lang='lat' dir='ltr'>Concilium7</span> <span class='ocrx_word' id='word_1_32' title='bbox 528 491 785 556; x_wconf 75' lang='lat' dir='ltr'>superiores</span> <span class='ocrx_word' id='word_1_33' title='bbox 810 507 908 537; x_wconf 88' lang='lat' dir='ltr'>esse</span> <span class='ocrx_word' id='word_1_34' title='bbox 924 506 1042 537; x_wconf 84' lang='lat' dir='ltr'>rom.</span> <span class='ocrx_word' id='word_1_35' title='bbox 1067 492 1302 549; x_wconf 77' lang='lat' dir='ltr'>Pontifici3</span> <span class='ocrx_word' id='word_1_36' title='bbox 1326 491 1420 539; x_wconf 88' lang='lat' dir='ltr'>imo</span> <span class='ocrx_word' id='word_1_37' title='bbox 1438 500 1619 550; x_wconf 77' lang='lat' dir='ltr'>tenent,</span> <span class='ocrx_word' id='word_1_38' title='bbox 1641 492 1765 539; x_wconf 88' lang='lat' dir='ltr'>Con-</span> 
     </span>
     <span class='ocr_line' id='line_1_6' title="bbox 85 566 1769 631; baseline 0.001 -18"><span class='ocrx_word' id='word_1_39' title='bbox 85 567 238 613; x_wconf 81' lang='lat' dir='ltr'>cilium</span> <span class='ocrx_word' id='word_1_40' title='bbox 259 566 473 631; x_wconf 85' lang='lat' dir='ltr'>generale</span> <span class='ocrx_word' id='word_1_41' title='bbox 502 583 660 629; x_wconf 82' lang='lat' dir='ltr'>cogere</span> <span class='ocrx_word' id='word_1_42' title='bbox 687 583 804 612; x_wconf 89' lang='lat' dir='ltr'>rom.</span> <span class='ocrx_word' id='word_1_43' title='bbox 838 567 1104 613; x_wconf 87' lang='lat' dir='ltr'>Pontificem</span> <span class='ocrx_word' id='word_1_44' title='bbox 1124 583 1256 629; x_wconf 88' lang='lat' dir='ltr'>posse</span> <span class='ocrx_word' id='word_1_45' title='bbox 1288 566 1347 613; x_wconf 84' lang='lat' dir='ltr'>ad</span> <span class='ocrx_word' id='word_1_46' title='bbox 1379 567 1606 614; x_wconf 87' lang='lat' dir='ltr'>servanda</span> <span class='ocrx_word' id='word_1_47' title='bbox 1630 566 1769 615; x_wconf 72' lang='lat' dir='ltr'>disci-n</span> 
     </span>
     <span class='ocr_line' id='line_1_7' title="bbox 84 641 1766 708; baseline 0.002 -20"><span class='ocrx_word' id='word_1_48' title='bbox 84 642 225 707; x_wconf 87' lang='lat' dir='ltr'>plinae</span> <span class='ocrx_word' id='word_1_49' title='bbox 254 643 437 690; x_wconf 85' lang='lat' dir='ltr'>decreta</span> <span class='ocrx_word' id='word_1_50' title='bbox 454 678 467 702; x_wconf 61' lang='lat' dir='ltr'>a</span> <span class='ocrx_word' id='word_1_51' title='bbox 493 643 734 707; x_wconf 85' lang='lat' dir='ltr'>ipsumque</span> <span class='ocrx_word' id='word_1_52' title='bbox 755 651 971 707; x_wconf 81' lang='lat' dir='ltr'>praeterea</span> <span class='ocrx_word' id='word_1_53' title='bbox 1001 641 1269 687; x_wconf 81' lang='lat' dir='ltr'>Pontificem</span> <span class='ocrx_word' id='word_1_54' title='bbox 1291 641 1598 688; x_wconf 82' lang='lat' dir='ltr'>reluctantem</span> <span class='ocrx_word' id='word_1_55' title='bbox 1620 643 1766 708; x_wconf 88' lang='lat' dir='ltr'>depo-</span> 
     </span>
     <span class='ocr_line' id='line_1_8' title="bbox 82 735 210 765; baseline -0.016 -1"><span class='ocrx_word' id='word_1_56' title='bbox 82 735 210 765; x_wconf 87' lang='lat' dir='ltr'>nere.</span> 
     </span>
    </p>

    <p class='ocr_par' dir='ltr' id='par_1_4' title="bbox 81 792 1778 1691">
     <span class='ocr_line' id='line_1_9' title="bbox 150 792 1770 858; baseline 0.001 -17"><span class='ocrx_word' id='word_1_57' title='bbox 150 795 261 842; x_wconf 81' lang='lat'><strong>623.</strong></span> <span class='ocrx_word' id='word_1_58' title='bbox 300 795 398 842; x_wconf 90' lang='lat' dir='ltr'>Hoc</span> <span class='ocrx_word' id='word_1_59' title='bbox 428 812 565 842; x_wconf 87' lang='lat' dir='ltr'>sensu</span> <span class='ocrx_word' id='word_1_60' title='bbox 603 794 853 858; x_wconf 78' lang='lat' dir='ltr'>quaestione</span> <span class='ocrx_word' id='word_1_61' title='bbox 891 792 1143 855; x_wconf 69' lang='lat' dir='ltr'>praefinita,</span> <span class='ocrx_word' id='word_1_62' title='bbox 1186 792 1264 838; x_wconf 84' lang='lat' dir='ltr'>vix</span> <span class='ocrx_word' id='word_1_63' title='bbox 1292 808 1388 838; x_wconf 88' lang='lat' dir='ltr'>non</span> <span class='ocrx_word' id='word_1_64' title='bbox 1429 794 1770 857; x_wconf 84' lang='lat' dir='ltr'>supervacanea</span> 
     </span>
     <span class='ocr_line' id='line_1_10' title="bbox 86 868 1772 935; baseline 0 -17"><span class='ocrx_word' id='word_1_65' title='bbox 86 870 233 918; x_wconf 84' lang='lat' dir='ltr'>videri</span> <span class='ocrx_word' id='word_1_66' title='bbox 270 880 425 935; x_wconf 86' lang='lat' dir='ltr'>posset</span> <span class='ocrx_word' id='word_1_67' title='bbox 467 870 659 917; x_wconf 85' lang='lat' dir='ltr'>ulterior</span> <span class='ocrx_word' id='word_1_68' title='bbox 701 868 964 932; x_wconf 67' lang='lat' dir='ltr'>inquisitio,</span> <span class='ocrx_word' id='word_1_69' title='bbox 996 884 1105 914; x_wconf 87' lang='lat' dir='ltr'>cum</span> <span class='ocrx_word' id='word_1_70' title='bbox 1137 884 1383 932; x_wconf 84' lang='lat' dir='ltr'>nunquam</span> <span class='ocrx_word' id='word_1_71' title='bbox 1424 869 1522 915; x_wconf 91' lang='lat' dir='ltr'>fieri</span> <span class='ocrx_word' id='word_1_72' title='bbox 1549 880 1687 934; x_wconf 84' lang='lat' dir='ltr'>queat</span> <span class='ocrx_word' id='word_1_73' title='bbox 1715 888 1772 918; x_wconf 75' lang='lat' dir='ltr'>ex</span> 
     </span>
     <span class='ocr_line' id='line_1_11' title="bbox 85 943 1771 1010; baseline 0.001 -18"><span class='ocrx_word' id='word_1_74' title='bbox 85 945 257 992; x_wconf 80' lang='lat' dir='ltr'>Christi</span> <span class='ocrx_word' id='word_1_75' title='bbox 294 947 552 1010; x_wconf 81' lang='lat' dir='ltr'>promissis,</span> <span class='ocrx_word' id='word_1_76' title='bbox 582 954 635 990; x_wconf 91' lang='lat' dir='ltr'>ut</span> <span class='ocrx_word' id='word_1_77' title='bbox 666 943 736 992; x_wconf 89' lang='lat' dir='ltr'>vel</span> <span class='ocrx_word' id='word_1_78' title='bbox 770 953 908 1007; x_wconf 85' lang='lat' dir='ltr'>caput</span> <span class='ocrx_word' id='word_1_79' title='bbox 932 961 957 989; x_wconf 89' lang='lat' dir='ltr'>a</span> <span class='ocrx_word' id='word_1_80' title='bbox 987 959 1177 1008; x_wconf 88' lang='lat' dir='ltr'>corpore</span> <span class='ocrx_word' id='word_1_81' title='bbox 1211 944 1442 1002; x_wconf 71' lang='lat' dir='ltr'>Ecclesiae,</span> <span class='ocrx_word' id='word_1_82' title='bbox 1475 944 1548 992; x_wconf 88' lang='lat' dir='ltr'>vel</span> <span class='ocrx_word' id='word_1_83' title='bbox 1576 946 1771 993; x_wconf 86' lang='lat' dir='ltr'>Ecclesia</span> 
     </span>
     <span class='ocr_line' id='line_1_12' title="bbox 85 1018 1773 1087; baseline 0.001 -20"><span class='ocrx_word' id='word_1_84' title='bbox 85 1039 110 1067; x_wconf 88' lang='lat' dir='ltr'>a</span> <span class='ocrx_word' id='word_1_85' title='bbox 163 1023 313 1087; x_wconf 88' lang='lat' dir='ltr'>capite</span> <span class='ocrx_word' id='word_1_86' title='bbox 356 1039 436 1067; x_wconf 92' lang='lat' dir='ltr'>suo</span> <span class='ocrx_word' id='word_1_87' title='bbox 477 1019 644 1068; x_wconf 86' lang='lat' dir='ltr'>visibili</span> <span class='ocrx_word' id='word_1_88' title='bbox 685 1018 864 1066; x_wconf 83' lang='lat' dir='ltr'>divulsa</span> <span class='ocrx_word' id='word_1_89' title='bbox 904 1018 1153 1082; x_wconf 86' lang='lat' dir='ltr'>aliquando</span> <span class='ocrx_word' id='word_1_90' title='bbox 1186 1019 1312 1079; x_wconf 86' lang='lat' dir='ltr'>sint,</span> <span class='ocrx_word' id='word_1_91' title='bbox 1344 1029 1485 1084; x_wconf 84' lang='lat' dir='ltr'>atque</span> <span class='ocrx_word' id='word_1_92' title='bbox 1521 1020 1611 1068; x_wconf 86' lang='lat' dir='ltr'>sibi</span> <span class='ocrx_word' id='word_1_93' title='bbox 1644 1021 1773 1069; x_wconf 86' lang='lat' dir='ltr'>invi-</span> 
     </span>
     <span class='ocr_line' id='line_1_13' title="bbox 85 1094 1776 1163; baseline -0.001 -18"><span class='ocrx_word' id='word_1_94' title='bbox 85 1114 189 1145; x_wconf 86' lang='lat' dir='ltr'>cem</span> <span class='ocrx_word' id='word_1_95' title='bbox 216 1099 453 1163; x_wconf 82' lang='lat' dir='ltr'>opposita;</span> <span class='ocrx_word' id='word_1_96' title='bbox 482 1095 686 1159; x_wconf 87' lang='lat' dir='ltr'>alioquin</span> <span class='ocrx_word' id='word_1_97' title='bbox 714 1094 909 1141; x_wconf 77' lang='lat' dir='ltr'>Ecclesia</span> <span class='ocrx_word' id='word_1_98' title='bbox 939 1096 1037 1159; x_wconf 86' lang='lat' dir='ltr'>ipsa</span> <span class='ocrx_word' id='word_1_99' title='bbox 1065 1096 1251 1160; x_wconf 88' lang='lat' dir='ltr'>penitus</span> <span class='ocrx_word' id='word_1_100' title='bbox 1272 1095 1603 1144; x_wconf 78' lang='lat' dir='ltr'>dissolveretur</span> <span class='ocrx_word' id='word_1_101' title='bbox 1634 1105 1776 1162; x_wconf 86' lang='lat' dir='ltr'>atque</span> 
     </span>
     <span class='ocr_line' id='line_1_14' title="bbox 84 1170 1770 1236; baseline 0 -15"><span class='ocrx_word' id='word_1_102' title='bbox 84 1174 310 1221; x_wconf 80' lang='lat' dir='ltr'>interiret.</span> <span class='ocrx_word' id='word_1_103' title='bbox 346 1172 522 1236; x_wconf 89' lang='lat' dir='ltr'>Corpus</span> <span class='ocrx_word' id='word_1_104' title='bbox 565 1170 793 1235; x_wconf 87' lang='lat' dir='ltr'>siquidem</span> <span class='ocrx_word' id='word_1_105' title='bbox 821 1170 920 1216; x_wconf 89' lang='lat' dir='ltr'>sine</span> <span class='ocrx_word' id='word_1_106' title='bbox 950 1171 1099 1235; x_wconf 86' lang='lat' dir='ltr'>capite</span> <span class='ocrx_word' id='word_1_107' title='bbox 1123 1188 1219 1217; x_wconf 90' lang='lat' dir='ltr'>non</span> <span class='ocrx_word' id='word_1_108' title='bbox 1238 1180 1308 1218; x_wconf 87' lang='lat' dir='ltr'>est</span> <span class='ocrx_word' id='word_1_109' title='bbox 1331 1171 1421 1218; x_wconf 88' lang='lat' dir='ltr'>nisi</span> <span class='ocrx_word' id='word_1_110' title='bbox 1450 1171 1770 1221; x_wconf 89' lang='lat' dir='ltr'>membrorum</span> 
     </span>
     <span class='ocr_line' id='line_1_15' title="bbox 86 1246 1774 1313; baseline 0 -17"><span class='ocrx_word' id='word_1_111' title='bbox 86 1265 303 1313; x_wconf 82' lang='lat' dir='ltr'>compago</span> <span class='ocrx_word' id='word_1_112' title='bbox 336 1246 553 1311; x_wconf 78' lang='lat' dir='ltr'>acephala</span> <span class='ocrx_word' id='word_1_113' title='bbox 595 1263 646 1292; x_wconf 88' lang='lat' dir='ltr'>ac</span> <span class='ocrx_word' id='word_1_114' title='bbox 671 1246 770 1293; x_wconf 86' lang='lat' dir='ltr'>sine</span> <span class='ocrx_word' id='word_1_115' title='bbox 798 1246 920 1304; x_wconf 63' lang='lat' dir='ltr'>vitag</span> <span class='ocrx_word' id='word_1_116' title='bbox 959 1254 1098 1310; x_wconf 83' lang='lat' dir='ltr'>caput</span> <span class='ocrx_word' id='word_1_117' title='bbox 1134 1264 1244 1294; x_wconf 87' lang='lat' dir='ltr'>vero</span> <span class='ocrx_word' id='word_1_118' title='bbox 1271 1246 1371 1294; x_wconf 87' lang='lat' dir='ltr'>sine</span> <span class='ocrx_word' id='word_1_119' title='bbox 1409 1263 1606 1312; x_wconf 87' lang='lat' dir='ltr'>corpore</span> <span class='ocrx_word' id='word_1_120' title='bbox 1637 1266 1774 1296; x_wconf 89' lang='lat' dir='ltr'>mon-</span> 
     </span>
     <span class='ocr_line' id='line_1_16' title="bbox 85 1322 1776 1387; baseline 0 -15"><span class='ocrx_word' id='word_1_121' title='bbox 85 1333 232 1372; x_wconf 87' lang='lat' dir='ltr'>strum</span> <span class='ocrx_word' id='word_1_122' title='bbox 264 1331 383 1371; x_wconf 88' lang='lat' dir='ltr'>esset</span> <span class='ocrx_word' id='word_1_123' title='bbox 406 1322 495 1385; x_wconf 86' lang='lat'>(1).</span> <span class='ocrx_word' id='word_1_124' title='bbox 526 1322 642 1367; x_wconf 91' lang='lat' dir='ltr'>Cum</span> <span class='ocrx_word' id='word_1_125' title='bbox 669 1330 828 1368; x_wconf 87' lang='lat' dir='ltr'>tamen</span> <span class='ocrx_word' id='word_1_126' title='bbox 857 1338 913 1368; x_wconf 73' lang='lat' dir='ltr'>ex</span> <span class='ocrx_word' id='word_1_127' title='bbox 945 1322 1028 1369; x_wconf 89' lang='lat' dir='ltr'>hac</span> <span class='ocrx_word' id='word_1_128' title='bbox 1049 1322 1271 1387; x_wconf 89' lang='lat' dir='ltr'>opinandi</span> <span class='ocrx_word' id='word_1_129' title='bbox 1298 1322 1485 1371; x_wconf 85' lang='lat' dir='ltr'>licentia</span> <span class='ocrx_word' id='word_1_130' title='bbox 1508 1323 1635 1371; x_wconf 87' lang='lat' dir='ltr'>haud</span> <span class='ocrx_word' id='word_1_131' title='bbox 1654 1324 1776 1372; x_wconf 85' lang='lat' dir='ltr'>levia</span> 
     </span>
     <span class='ocr_line' id='line_1_17' title="bbox 84 1396 1773 1458; baseline 0.001 -11"><span class='ocrx_word' id='word_1_132' title='bbox 84 1400 292 1447; x_wconf 88' lang='lat' dir='ltr'>oriantur</span> <span class='ocrx_word' id='word_1_133' title='bbox 310 1398 630 1455; x_wconf 68' lang='lat' dir='ltr'>incommoda,</span> <span class='ocrx_word' id='word_1_134' title='bbox 663 1396 907 1444; x_wconf 75' lang='lat' dir='ltr'>schismata</span> <span class='ocrx_word' id='word_1_135' title='bbox 928 1399 1068 1458; x_wconf 84' lang='lat' dir='ltr'>fiant,</span> <span class='ocrx_word' id='word_1_136' title='bbox 1087 1398 1395 1445; x_wconf 81' lang='lat' dir='ltr'>imminuatur</span> <span class='ocrx_word' id='word_1_137' title='bbox 1424 1398 1580 1446; x_wconf 86' lang='lat' dir='ltr'>debita</span> <span class='ocrx_word' id='word_1_138' title='bbox 1601 1399 1773 1448; x_wconf 85' lang='lat' dir='ltr'>Christi</span> 
     </span>
     <span class='ocr_line' id='line_1_18' title="bbox 81 1473 1776 1537; baseline 0.001 -14"><span class='ocrx_word' id='word_1_139' title='bbox 81 1476 249 1524; x_wconf 87' lang='lat' dir='ltr'>vicario</span> <span class='ocrx_word' id='word_1_140' title='bbox 286 1474 606 1530; x_wconf 73' lang='lat' dir='ltr'>observantia,</span> <span class='ocrx_word' id='word_1_141' title='bbox 642 1473 1042 1537; x_wconf 75' lang='lat' dir='ltr'>perturbatoribus</span> <span class='ocrx_word' id='word_1_142' title='bbox 1080 1491 1190 1520; x_wconf 88' lang='lat' dir='ltr'>ansa</span> <span class='ocrx_word' id='word_1_143' title='bbox 1225 1473 1362 1521; x_wconf 87' lang='lat' dir='ltr'>detur</span> <span class='ocrx_word' id='word_1_144' title='bbox 1404 1492 1524 1521; x_wconf 89' lang='lat' dir='ltr'>rom.</span> <span class='ocrx_word' id='word_1_145' title='bbox 1564 1477 1776 1524; x_wconf 88' lang='lat' dir='ltr'>Pontifici</span> 
     </span>
     <span class='ocr_line' id='line_1_19' title="bbox 86 1547 1777 1614; baseline 0.001 -16"><span class='ocrx_word' id='word_1_146' title='bbox 86 1550 316 1598; x_wconf 83' lang='lat' dir='ltr'>molestias</span> <span class='ocrx_word' id='word_1_147' title='bbox 352 1567 436 1614; x_wconf 86' lang='lat' dir='ltr'>pro</span> <span class='ocrx_word' id='word_1_148' title='bbox 483 1547 638 1595; x_wconf 89' lang='lat' dir='ltr'>lubitu</span> <span class='ocrx_word' id='word_1_149' title='bbox 684 1548 900 1608; x_wconf 76' lang='lat' dir='ltr'>creandi⁷</span> <span class='ocrx_word' id='word_1_150' title='bbox 936 1549 1181 1613; x_wconf 86' lang='lat' dir='ltr'>ciendique</span> <span class='ocrx_word' id='word_1_151' title='bbox 1228 1550 1455 1597; x_wconf 85' lang='lat' dir='ltr'>tumultus</span> <span class='ocrx_word' id='word_1_152' title='bbox 1496 1552 1544 1597; x_wconf 89' lang='lat' dir='ltr'>in</span> <span class='ocrx_word' id='word_1_153' title='bbox 1581 1552 1777 1600; x_wconf 85' lang='lat' dir='ltr'>Ecclesia</span> 
     </span>
     <span class='ocr_line' id='line_1_20' title="bbox 89 1625 1778 1691; baseline 0.001 -17"><span class='ocrx_word' id='word_1_154' title='bbox 89 1629 195 1686; x_wconf 70' lang='lat' dir='ltr'>Dei,</span> <span class='ocrx_word' id='word_1_155' title='bbox 220 1626 388 1674; x_wconf 88' lang='lat' dir='ltr'>idcirco</span> <span class='ocrx_word' id='word_1_156' title='bbox 411 1642 513 1673; x_wconf 88' lang='lat' dir='ltr'>eam</span> <span class='ocrx_word' id='word_1_157' title='bbox 537 1625 720 1672; x_wconf 87' lang='lat' dir='ltr'>silentio</span> <span class='ocrx_word' id='word_1_158' title='bbox 749 1625 1202 1690; x_wconf 87' lang='lat' dir='ltr'>praetermittandam</span> <span class='ocrx_word' id='word_1_159' title='bbox 1235 1626 1429 1673; x_wconf 90' lang='lat' dir='ltr'>minime</span> <span class='ocrx_word' id='word_1_160' title='bbox 1456 1626 1673 1674; x_wconf 83' lang='lat' dir='ltr'>duximus</span> <span class='ocrx_word' id='word_1_161' title='bbox 1684 1628 1778 1691; x_wconf 77' lang='lat'><strong>(2).</strong></span> 
     </span>
    </p>
   </div>
   <div class='ocr_carea' id='block_1_4' title="bbox 91 1835 907 2802">
    <p class='ocr_par' dir='ltr' id='par_1_5' title="bbox 91 1835 906 2538">
     <span class='ocr_line' id='line_1_21' title="bbox 141 1835 898 1888; baseline 0 -14"><span class='ocrx_word' id='word_1_162' title='bbox 141 1837 197 1886; x_wconf 84' lang='lat' dir='ltr'>(l)</span> <span class='ocrx_word' id='word_1_163' title='bbox 227 1835 280 1874; x_wconf 83' lang='lat' dir='ltr'>Ex</span> <span class='ocrx_word' id='word_1_164' title='bbox 302 1836 371 1874; x_wconf 82' lang='lat' dir='ltr'>hac</span> <span class='ocrx_word' id='word_1_165' title='bbox 392 1850 467 1874; x_wconf 84' lang='lat' dir='ltr'>una</span> <span class='ocrx_word' id='word_1_166' title='bbox 494 1837 749 1874; x_wconf 85' lang='lat' dir='ltr'>observatione</span> <span class='ocrx_word' id='word_1_167' title='bbox 778 1844 898 1888; x_wconf 85' lang='lat' dir='ltr'>patet,</span> 
     </span>
     <span class='ocr_line' id='line_1_22' title="bbox 91 1900 902 1954; baseline -0.001 -14"><span class='ocrx_word' id='word_1_168' title='bbox 91 1915 203 1954; x_wconf 86' lang='lat' dir='ltr'>quam</span> <span class='ocrx_word' id='word_1_169' title='bbox 226 1900 344 1940; x_wconf 86' lang='lat' dir='ltr'>futilis</span> <span class='ocrx_word' id='word_1_170' title='bbox 359 1903 406 1939; x_wconf 88' lang='lat' dir='ltr'>sit</span> <span class='ocrx_word' id='word_1_171' title='bbox 419 1900 602 1953; x_wconf 80' lang='lat' dir='ltr'>ejusmodi</span> <span class='ocrx_word' id='word_1_172' title='bbox 622 1903 772 1954; x_wconf 78' lang='lat' dir='ltr'>quaestio</span> <span class='ocrx_word' id='word_1_173' title='bbox 787 1929 798 1948; x_wconf 89' lang='lat'>,</span> <span class='ocrx_word' id='word_1_174' title='bbox 820 1914 902 1954; x_wconf 83' lang='lat' dir='ltr'>quae</span> 
     </span>
     <span class='ocr_line' id='line_1_23' title="bbox 91 1965 899 2018; baseline 0.002 -14"><span class='ocrx_word' id='word_1_175' title='bbox 91 1968 132 2004; x_wconf 87' lang='lat' dir='ltr'>in</span> <span class='ocrx_word' id='word_1_176' title='bbox 150 1968 253 2017; x_wconf 79' lang='lat' dir='ltr'>praxi</span> <span class='ocrx_word' id='word_1_177' title='bbox 268 1981 463 2018; x_wconf 85' lang='lat' dir='ltr'>nunquam</span> <span class='ocrx_word' id='word_1_178' title='bbox 484 1967 607 2004; x_wconf 87' lang='lat' dir='ltr'>locum</span> <span class='ocrx_word' id='word_1_179' title='bbox 629 1966 796 2004; x_wconf 86' lang='lat' dir='ltr'>habebit.</span> <span class='ocrx_word' id='word_1_180' title='bbox 820 1965 899 2006; x_wconf 84' lang='lat' dir='ltr'>Cfr.</span> 
     </span>
     <span class='ocr_line' id='line_1_24' title="bbox 93 2030 904 2082; baseline -0.001 -13"><span class='ocrx_word' id='word_1_181' title='bbox 93 2032 240 2070; x_wconf 78' lang='lat' dir='ltr'>Lettere</span> <span class='ocrx_word' id='word_1_182' title='bbox 256 2043 367 2082; x_wconf 80' lang='lat' dir='ltr'>sopra</span> <span class='ocrx_word' id='word_1_183' title='bbox 390 2030 445 2067; x_wconf 82' lang='lat' dir='ltr'>de’</span> <span class='ocrx_word' id='word_1_184' title='bbox 465 2037 612 2082; x_wconf 80' lang='lat' dir='ltr'>quattro</span> <span class='ocrx_word' id='word_1_185' title='bbox 635 2030 787 2069; x_wconf 78' lang='lat' dir='ltr'>articoli</span> <span class='ocrx_word' id='word_1_186' title='bbox 812 2030 904 2069; x_wconf 79' lang='lat' dir='ltr'>detti</span> 
     </span>
     <span class='ocr_line' id='line_1_25' title="bbox 92 2094 904 2147; baseline 0 -14"><span class='ocrx_word' id='word_1_187' title='bbox 92 2095 151 2133; x_wconf 77' lang='lat' dir='ltr'>del</span> <span class='ocrx_word' id='word_1_188' title='bbox 164 2094 262 2134; x_wconf 85' lang='lat' dir='ltr'>clero</span> <span class='ocrx_word' id='word_1_189' title='bbox 275 2095 317 2133; x_wconf 76' lang='lat' dir='ltr'>di</span> <span class='ocrx_word' id='word_1_190' title='bbox 329 2094 505 2133; x_wconf 78' lang='lat' dir='ltr'>Francia</span> <span class='ocrx_word' id='word_1_191' title='bbox 519 2125 529 2141; x_wconf 89' lang='lat'><strong>‚</strong></span> <span class='ocrx_word' id='word_1_192' title='bbox 548 2095 708 2133; x_wconf 73' lang='lat' dir='ltr'>trudone</span> <span class='ocrx_word' id='word_1_193' title='bbox 721 2095 904 2147; x_wconf 80' lang='lat' dir='ltr'>dalfran-</span> 
     </span>
     <span class='ocr_line' id='line_1_26' title="bbox 92 2160 906 2199; baseline 0 -1"><span class='ocrx_word' id='word_1_194' title='bbox 92 2174 170 2198; x_wconf 75' lang='lat' dir='ltr'>cese</span> <span class='ocrx_word' id='word_1_195' title='bbox 195 2160 260 2198; x_wconf 79' lang='lat' dir='ltr'>dal</span> <span class='ocrx_word' id='word_1_196' title='bbox 284 2160 338 2199; x_wconf 91' lang='lat' dir='ltr'>P.</span> <span class='ocrx_word' id='word_1_197' title='bbox 367 2160 741 2198; x_wconf 74' lang='lat' dir='ltr'>Ancon-Franceseo</span> <span class='ocrx_word' id='word_1_198' title='bbox 776 2160 906 2198; x_wconf 83' lang='lat' dir='ltr'>Orioli</span> 
     </span>
     <span class='ocr_line' id='line_1_27' title="bbox 95 2225 903 2276; baseline 0.001 -13"><span class='ocrx_word' id='word_1_199' title='bbox 95 2225 205 2264; x_wconf 73' lang='lat' dir='ltr'>Min.</span> <span class='ocrx_word' id='word_1_200' title='bbox 232 2226 354 2265; x_wconf 77' lang='lat' dir='ltr'>Conv.</span> <span class='ocrx_word' id='word_1_201' title='bbox 381 2225 509 2276; x_wconf 88' lang='lat' dir='ltr'>(nunc</span> <span class='ocrx_word' id='word_1_202' title='bbox 532 2227 787 2264; x_wconf 77' lang='lat' dir='ltr'>meritissimus</span> <span class='ocrx_word' id='word_1_203' title='bbox 802 2225 841 2264; x_wconf 89' lang='lat' dir='ltr'>S.</span> <span class='ocrx_word' id='word_1_204' title='bbox 856 2225 903 2264; x_wconf 92' lang='lat' dir='ltr'>R.</span> 
     </span>
     <span class='ocr_line' id='line_1_28' title="bbox 96 2288 906 2343; baseline 0.001 -16"><span class='ocrx_word' id='word_1_205' title='bbox 96 2288 141 2328; x_wconf 84' lang='lat' dir='ltr'>E.</span> <span class='ocrx_word' id='word_1_206' title='bbox 169 2288 347 2342; x_wconf 85' lang='lat' dir='ltr'>Cardin.)</span> <span class='ocrx_word' id='word_1_207' title='bbox 372 2290 496 2330; x_wconf 83' lang='lat' dir='ltr'>Romae</span> <span class='ocrx_word' id='word_1_208' title='bbox 534 2289 635 2329; x_wconf 87' lang='lat'>1818</span> <span class='ocrx_word' id='word_1_209' title='bbox 656 2320 666 2339; x_wconf 84' lang='lat'>‚</span> <span class='ocrx_word' id='word_1_210' title='bbox 704 2305 784 2343; x_wconf 81' lang='lat' dir='ltr'>quae</span> <span class='ocrx_word' id='word_1_211' title='bbox 821 2300 906 2329; x_wconf 90' lang='lat' dir='ltr'>sunt</span> 
     </span>
     <span class='ocr_line' id='line_1_29' title="bbox 95 2353 902 2408; baseline 0.002 -16"><span class='ocrx_word' id='word_1_212' title='bbox 95 2353 203 2393; x_wconf 81' lang='lat' dir='ltr'>Card.</span> <span class='ocrx_word' id='word_1_213' title='bbox 225 2354 410 2395; x_wconf 87' lang='lat' dir='ltr'>Laurentii</span> <span class='ocrx_word' id='word_1_214' title='bbox 428 2356 538 2394; x_wconf 80' lang='lat' dir='ltr'>Litta.</span> <span class='ocrx_word' id='word_1_215' title='bbox 555 2355 650 2395; x_wconf 78' lang='lat' dir='ltr'>Lett.</span> <span class='ocrx_word' id='word_1_216' title='bbox 667 2369 728 2394; x_wconf 81' lang='lat' dir='ltr'>xxv</span> <span class='ocrx_word' id='word_1_217' title='bbox 746 2365 779 2394; x_wconf 87' lang='lat' dir='ltr'>et</span> <span class='ocrx_word' id='word_1_218' title='bbox 799 2370 902 2408; x_wconf 81' lang='lat' dir='ltr'>seqq.</span> 
     </span>
     <span class='ocr_line' id='line_1_30' title="bbox 96 2418 905 2467; baseline 0.001 -10"><span class='ocrx_word' id='word_1_219' title='bbox 96 2418 175 2458; x_wconf 79' lang='lat' dir='ltr'>Cfr.</span> <span class='ocrx_word' id='word_1_220' title='bbox 204 2421 315 2458; x_wconf 74' lang='lat' dir='ltr'>etiam</span> <span class='ocrx_word' id='word_1_221' title='bbox 338 2421 463 2459; x_wconf 86' lang='lat' dir='ltr'>Petrus</span> <span class='ocrx_word' id='word_1_222' title='bbox 489 2421 535 2460; x_wconf 88' lang='lat' dir='ltr'>de</span> <span class='ocrx_word' id='word_1_223' title='bbox 556 2420 675 2459; x_wconf 89' lang='lat' dir='ltr'>Marca</span> <span class='ocrx_word' id='word_1_224' title='bbox 693 2450 703 2467; x_wconf 87' lang='lat'><em>‚</em></span> <span class='ocrx_word' id='word_1_225' title='bbox 730 2420 794 2458; x_wconf 86' lang='lat' dir='ltr'>De</span> <span class='ocrx_word' id='word_1_226' title='bbox 817 2433 905 2458; x_wconf 85' lang='lat' dir='ltr'>con-</span> 
     </span>
     <span class='ocr_line' id='line_1_31' title="bbox 95 2484 559 2538; baseline 0.004 -14"><span class='ocrx_word' id='word_1_227' title='bbox 95 2484 195 2524; x_wconf 83' lang='lat' dir='ltr'>cord.</span> <span class='ocrx_word' id='word_1_228' title='bbox 218 2485 287 2524; x_wconf 93' lang='lat' dir='ltr'>lib.</span> <span class='ocrx_word' id='word_1_229' title='bbox 312 2498 378 2533; x_wconf 83' lang='lat'>111,</span> <span class='ocrx_word' id='word_1_230' title='bbox 403 2500 485 2538; x_wconf 86' lang='lat' dir='ltr'>cap.</span> <span class='ocrx_word' id='word_1_231' title='bbox 518 2500 559 2537; x_wconf 81' lang='lat'>7.</span> 
     </span>
    </p>

    <p class='ocr_par' dir='ltr' id='par_1_6' title="bbox 92 2552 907 2802">
     <span class='ocr_line' id='line_1_32' title="bbox 152 2552 905 2609; baseline 0.004 -19"><span class='ocrx_word' id='word_1_232' title='bbox 152 2552 205 2605; x_wconf 68' lang='lat'>(2)</span> <span class='ocrx_word' id='word_1_233' title='bbox 237 2553 339 2592; x_wconf 87' lang='lat' dir='ltr'>Hanc</span> <span class='ocrx_word' id='word_1_234' title='bbox 361 2556 647 2605; x_wconf 83' lang='lat' dir='ltr'>propositionem</span> <span class='ocrx_word' id='word_1_235' title='bbox 685 2554 905 2609; x_wconf 78' lang='lat' dir='ltr'>adstruimus</span> 
     </span>
     <span class='ocr_line' id='line_1_33' title="bbox 95 2619 906 2671; baseline 0 -14"><span class='ocrx_word' id='word_1_236' title='bbox 95 2621 217 2671; x_wconf 87' lang='lat' dir='ltr'>potius</span> <span class='ocrx_word' id='word_1_237' title='bbox 232 2619 405 2657; x_wconf 89' lang='lat' dir='ltr'>adversus</span> <span class='ocrx_word' id='word_1_238' title='bbox 420 2619 522 2665; x_wconf 77' lang='lat' dir='ltr'>illos,</span> <span class='ocrx_word' id='word_1_239' title='bbox 537 2621 602 2670; x_wconf 90' lang='lat' dir='ltr'>qui</span> <span class='ocrx_word' id='word_1_240' title='bbox 616 2619 822 2658; x_wconf 82' lang='lat' dir='ltr'>abutuntur</span> <span class='ocrx_word' id='word_1_241' title='bbox 838 2620 906 2658; x_wconf 90' lang='lat' dir='ltr'>hac</span> 
     </span>
     <span class='ocr_line' id='line_1_34' title="bbox 96 2684 905 2737; baseline -0.001 -14"><span class='ocrx_word' id='word_1_242' title='bbox 96 2685 261 2723; x_wconf 78' lang='lat' dir='ltr'>doctrina</span> <span class='ocrx_word' id='word_1_243' title='bbox 275 2715 286 2735; x_wconf 81' lang='lat'>‚</span> <span class='ocrx_word' id='word_1_244' title='bbox 316 2698 428 2737; x_wconf 86' lang='lat' dir='ltr'>quam</span> <span class='ocrx_word' id='word_1_245' title='bbox 451 2684 622 2723; x_wconf 79' lang='lat' dir='ltr'>adversus</span> <span class='ocrx_word' id='word_1_246' title='bbox 637 2684 775 2723; x_wconf 86' lang='lat' dir='ltr'>clerum</span> <span class='ocrx_word' id='word_1_247' title='bbox 799 2685 905 2735; x_wconf 75' lang='lat' dir='ltr'>galli-</span> 
     </span>
     <span class='ocr_line' id='line_1_35' title="bbox 92 2749 907 2802; baseline -0.001 -14"><span class='ocrx_word' id='word_1_248' title='bbox 92 2762 247 2788; x_wconf 84' lang='lat' dir='ltr'>canum.</span> <span class='ocrx_word' id='word_1_249' title='bbox 261 2749 398 2788; x_wconf 90' lang='lat' dir='ltr'>Notum</span> <span class='ocrx_word' id='word_1_250' title='bbox 421 2751 557 2802; x_wconf 90' lang='lat' dir='ltr'>quippe</span> <span class='ocrx_word' id='word_1_251' title='bbox 580 2758 658 2797; x_wconf 85' lang='lat' dir='ltr'>est,</span> <span class='ocrx_word' id='word_1_252' title='bbox 671 2750 810 2788; x_wconf 82' lang='lat' dir='ltr'>clerum</span> <span class='ocrx_word' id='word_1_253' title='bbox 831 2750 907 2801; x_wconf 83' lang='lat' dir='ltr'>gal-</span> 
     </span>
    </p>
   </div>
   <div class='ocr_carea' id='block_1_5' title="bbox 41 2812 920 2868">
    <p class='ocr_par' dir='ltr' id='par_1_7' title="bbox 41 2812 920 2868">
     <span class='ocr_line' id='line_1_36' title="bbox 41 2812 920 2868; baseline 0.001 -16"><span class='ocrx_word' id='word_1_254' title='bbox 41 2860 46 2868; x_wconf 41' lang='lat'><strong>·</strong></span> <span class='ocrx_word' id='word_1_255' title='bbox 98 2814 227 2854; x_wconf 81' lang='lat' dir='ltr'>licanae</span> <span class='ocrx_word' id='word_1_256' title='bbox 243 2814 413 2854; x_wconf 75' lang='lat' dir='ltr'>Ecclesiae</span> <span class='ocrx_word' id='word_1_257' title='bbox 428 2815 719 2853; x_wconf 82' lang='lat' dir='ltr'>addictissimum</span> <span class='ocrx_word' id='word_1_258' title='bbox 733 2828 810 2853; x_wconf 84' lang='lat' dir='ltr'>esse</span> <span class='ocrx_word' id='word_1_259' title='bbox 821 2812 920 2853; x_wconf 27' lang='lat' dir='ltr'>Sediss</span> 
     </span>
    </p>
   </div>
   <div class='ocr_carea' id='block_1_6' title="bbox 100 2880 910 3064">
    <p class='ocr_par' dir='ltr' id='par_1_8' title="bbox 100 2880 910 3064">
     <span class='ocr_line' id='line_1_37' title="bbox 100 2880 908 2933; baseline 0.002 -16"><span class='ocrx_word' id='word_1_260' title='bbox 100 2881 300 2931; x_wconf 64' lang='lat' dir='ltr'>apostolicae</span> <span class='ocrx_word' id='word_1_261' title='bbox 314 2909 324 2927; x_wconf 87' lang='lat'>‚</span> <span class='ocrx_word' id='word_1_262' title='bbox 349 2889 459 2933; x_wconf 84' lang='lat' dir='ltr'>atque</span> <span class='ocrx_word' id='word_1_263' title='bbox 484 2882 523 2918; x_wconf 89' lang='lat' dir='ltr'>in</span> <span class='ocrx_word' id='word_1_264' title='bbox 544 2882 646 2932; x_wconf 78' lang='lat' dir='ltr'>praxi</span> <span class='ocrx_word' id='word_1_265' title='bbox 667 2880 784 2918; x_wconf 85' lang='lat' dir='ltr'>eidem</span> <span class='ocrx_word' id='word_1_266' title='bbox 803 2880 908 2919; x_wconf 86' lang='lat' dir='ltr'>obse-</span> 
     </span>
     <span class='ocr_line' id='line_1_38' title="bbox 100 2946 909 2998; baseline 0.002 -15"><span class='ocrx_word' id='word_1_267' title='bbox 100 2946 383 2997; x_wconf 82' lang='lat' dir='ltr'>quentissimum</span> <span class='ocrx_word' id='word_1_268' title='bbox 403 2960 440 2985; x_wconf 84' lang='lat' dir='ltr'>se</span> <span class='ocrx_word' id='word_1_269' title='bbox 455 2947 556 2985; x_wconf 86' lang='lat' dir='ltr'>nullo</span> <span class='ocrx_word' id='word_1_270' title='bbox 574 2960 651 2984; x_wconf 88' lang='lat' dir='ltr'>non</span> <span class='ocrx_word' id='word_1_271' title='bbox 669 2953 831 2998; x_wconf 84' lang='lat' dir='ltr'>tempore</span> <span class='ocrx_word' id='word_1_272' title='bbox 845 2960 909 2985; x_wconf 85' lang='lat' dir='ltr'>ex-</span> 
     </span>
     <span class='ocr_line' id='line_1_39' title="bbox 101 3010 910 3064; baseline 0.002 -15"><span class='ocrx_word' id='word_1_273' title='bbox 101 3010 264 3051; x_wconf 83' lang='lat' dir='ltr'>hibuisse</span> <span class='ocrx_word' id='word_1_274' title='bbox 297 3021 408 3064; x_wconf 86' lang='lat' dir='ltr'>atque</span> <span class='ocrx_word' id='word_1_275' title='bbox 436 3014 527 3052; x_wconf 82' lang='lat' dir='ltr'>adeo</span> <span class='ocrx_word' id='word_1_276' title='bbox 563 3011 761 3061; x_wconf 80' lang='lat' dir='ltr'>exhibere,</span> <span class='ocrx_word' id='word_1_277' title='bbox 793 3015 842 3051; x_wconf 87' lang='lat' dir='ltr'>ita</span> <span class='ocrx_word' id='word_1_278' title='bbox 869 3021 910 3052; x_wconf 88' lang='lat' dir='ltr'>ut</span> 
     </span>
    </p>
   </div>
   <div class='ocr_carea' id='block_1_7' title="bbox 165 3077 365 3126">
    <p class='ocr_par' dir='ltr' id='par_1_9' title="bbox 165 3077 365 3126">
     <span class='ocr_line' id='line_1_40' title="bbox 165 3077 365 3126; baseline 0 -3"><span class='ocrx_word' id='word_1_279' title='bbox 165 3077 218 3126; x_wconf 92' lang='lat' dir='ltr'>T.</span> <span class='ocrx_word' id='word_1_280' title='bbox 262 3077 365 3124; x_wconf 80' lang='lat' dir='ltr'>vm.</span> 
     </span>
    </p>
   </div>
   <div class='ocr_carea' id='block_1_8' title="bbox 963 1822 1819 3063">
    <p class='ocr_par' dir='ltr' id='par_1_10' title="bbox 963 1822 1819 3063">
     <span class='ocr_line' id='line_1_41' title="bbox 963 1822 1775 1888; baseline 0.007 -15"><span class='ocrx_word' id='word_1_281' title='bbox 963 1838 1022 1874; x_wconf 79' lang='lat' dir='ltr'>vix</span> <span class='ocrx_word' id='word_1_282' title='bbox 1041 1836 1110 1875; x_wconf 85' lang='lat' dir='ltr'>hac</span> <span class='ocrx_word' id='word_1_283' title='bbox 1130 1838 1170 1874; x_wconf 90' lang='lat' dir='ltr'>in</span> <span class='ocrx_word' id='word_1_284' title='bbox 1198 1822 1299 1888; x_wconf 77' lang='lat' dir='ltr'>parte</span> <span class='ocrx_word' id='word_1_285' title='bbox 1323 1836 1389 1874; x_wconf 89' lang='lat' dir='ltr'>ulli</span> <span class='ocrx_word' id='word_1_286' title='bbox 1415 1837 1599 1876; x_wconf 85' lang='lat' dir='ltr'>secundus</span> <span class='ocrx_word' id='word_1_287' title='bbox 1627 1841 1775 1880; x_wconf 83' lang='lat' dir='ltr'>existat.</span> 
     </span>
     <span class='ocr_line' id='line_1_42' title="bbox 963 1900 1778 1954; baseline 0.007 -16"><span class='ocrx_word' id='word_1_288' title='bbox 963 1900 1161 1940; x_wconf 73' lang='lat' dir='ltr'>incensum</span> <span class='ocrx_word' id='word_1_289' title='bbox 1185 1902 1262 1954; x_wconf 89' lang='lat' dir='ltr'>ejus</span> <span class='ocrx_word' id='word_1_290' title='bbox 1285 1901 1448 1939; x_wconf 83' lang='lat' dir='ltr'>studium</span> <span class='ocrx_word' id='word_1_291' title='bbox 1461 1903 1500 1939; x_wconf 90' lang='lat' dir='ltr'>in</span> <span class='ocrx_word' id='word_1_292' title='bbox 1514 1902 1693 1943; x_wconf 84' lang='lat' dir='ltr'>catholica</span> <span class='ocrx_word' id='word_1_293' title='bbox 1705 1905 1778 1944; x_wconf 85' lang='lat' dir='ltr'>fide</span> 
     </span>
     <span class='ocr_line' id='line_1_43' title="bbox 963 1966 1776 2018; baseline 0.006 -15"><span class='ocrx_word' id='word_1_294' title='bbox 963 1966 1193 2018; x_wconf 78' lang='lat' dir='ltr'>propaganda</span> <span class='ocrx_word' id='word_1_295' title='bbox 1217 1969 1354 2004; x_wconf 87' lang='lat' dir='ltr'>mirum</span> <span class='ocrx_word' id='word_1_296' title='bbox 1383 1979 1525 2018; x_wconf 79' lang='lat' dir='ltr'>semper</span> <span class='ocrx_word' id='word_1_297' title='bbox 1560 1970 1599 2005; x_wconf 90' lang='lat' dir='ltr'>in</span> <span class='ocrx_word' id='word_1_298' title='bbox 1621 1969 1776 2008; x_wconf 88' lang='lat' dir='ltr'>modum</span> 
     </span>
     <span class='ocr_line' id='line_1_44' title="bbox 964 2030 1776 2083; baseline 0.005 -14"><span class='ocrx_word' id='word_1_299' title='bbox 964 2030 1094 2070; x_wconf 83' lang='lat' dir='ltr'>eluxit.</span> <span class='ocrx_word' id='word_1_300' title='bbox 1132 2031 1185 2069; x_wconf 88' lang='lat' dir='ltr'>Ac</span> <span class='ocrx_word' id='word_1_301' title='bbox 1220 2031 1302 2069; x_wconf 87' lang='lat' dir='ltr'>duae</span> <span class='ocrx_word' id='word_1_302' title='bbox 1338 2031 1489 2083; x_wconf 89' lang='lat' dir='ltr'>quidem</span> <span class='ocrx_word' id='word_1_303' title='bbox 1526 2035 1776 2074; x_wconf 81' lang='lat' dir='ltr'>institutiones</span> 
     </span>
     <span class='ocr_line' id='line_1_45' title="bbox 965 2096 1777 2150; baseline 0.005 -16"><span class='ocrx_word' id='word_1_304' title='bbox 965 2097 1059 2145; x_wconf 86' lang='lat' dir='ltr'>illae,</span> <span class='ocrx_word' id='word_1_305' title='bbox 1087 2105 1126 2134; x_wconf 90' lang='lat' dir='ltr'>ut</span> <span class='ocrx_word' id='word_1_306' title='bbox 1149 2105 1276 2135; x_wconf 85' lang='lat' dir='ltr'>caetera</span> <span class='ocrx_word' id='word_1_307' title='bbox 1298 2096 1450 2143; x_wconf 87' lang='lat' dir='ltr'>sileam,</span> <span class='ocrx_word' id='word_1_308' title='bbox 1476 2111 1559 2150; x_wconf 90' lang='lat' dir='ltr'>quae</span> <span class='ocrx_word' id='word_1_309' title='bbox 1582 2107 1684 2138; x_wconf 83' lang='lat' dir='ltr'>aetate</span> <span class='ocrx_word' id='word_1_310' title='bbox 1704 2099 1777 2138; x_wconf 86' lang='lat' dir='ltr'>hac</span> 
     </span>
     <span class='ocr_line' id='line_1_46' title="bbox 965 2161 1775 2207; baseline 0.005 -8"><span class='ocrx_word' id='word_1_311' title='bbox 965 2170 1087 2200; x_wconf 86' lang='lat' dir='ltr'>nostra</span> <span class='ocrx_word' id='word_1_312' title='bbox 1113 2162 1246 2200; x_wconf 83' lang='lat' dir='ltr'>uberes</span> <span class='ocrx_word' id='word_1_313' title='bbox 1269 2162 1359 2200; x_wconf 80' lang='lat' dir='ltr'>adeo</span> <span class='ocrx_word' id='word_1_314' title='bbox 1381 2161 1522 2201; x_wconf 84' lang='lat' dir='ltr'>fructus</span> <span class='ocrx_word' id='word_1_315' title='bbox 1547 2163 1687 2207; x_wconf 87' lang='lat' dir='ltr'>edunt,</span> <span class='ocrx_word' id='word_1_316' title='bbox 1714 2167 1775 2204; x_wconf 89' lang='lat' dir='ltr'>ni-</span> 
     </span>
     <span class='ocr_line' id='line_1_47' title="bbox 967 2226 1776 2280; baseline 0.004 -15"><span class='ocrx_word' id='word_1_317' title='bbox 967 2229 1102 2265; x_wconf 89' lang='lat' dir='ltr'>mirum</span> <span class='ocrx_word' id='word_1_318' title='bbox 1110 2226 1325 2266; x_wconf 79' lang='lat' dir='ltr'>Associatio</span> <span class='ocrx_word' id='word_1_319' title='bbox 1335 2227 1380 2264; x_wconf 88' lang='lat' dir='ltr'>de</span> <span class='ocrx_word' id='word_1_320' title='bbox 1386 2229 1776 2280; x_wconf 80' lang='lat' dir='ltr'>propaqationefidei‚</span> 
     </span>
     <span class='ocr_line' id='line_1_48' title="bbox 966 2290 1778 2345; baseline 0.004 -15"><span class='ocrx_word' id='word_1_321' title='bbox 966 2306 1068 2330; x_wconf 85' lang='lat' dir='ltr'>anno</span> <span class='ocrx_word' id='word_1_322' title='bbox 1089 2290 1189 2331; x_wconf 81' lang='lat'><em>1820</em></span> <span class='ocrx_word' id='word_1_323' title='bbox 1202 2292 1374 2345; x_wconf 81' lang='lat' dir='ltr'>Lugduni</span> <span class='ocrx_word' id='word_1_324' title='bbox 1393 2301 1517 2331; x_wconf 82' lang='lat' dir='ltr'>exorta</span> <span class='ocrx_word' id='word_1_325' title='bbox 1532 2323 1542 2341; x_wconf 93' lang='lat'>,</span> <span class='ocrx_word' id='word_1_326' title='bbox 1564 2301 1599 2332; x_wconf 89' lang='lat' dir='ltr'>et</span> <span class='ocrx_word' id='word_1_327' title='bbox 1616 2293 1778 2333; x_wconf 76' lang='lat' dir='ltr'>Comer-</span> 
     </span>
     <span class='ocr_line' id='line_1_49' title="bbox 967 2356 1774 2412; baseline 0.005 -18"><span class='ocrx_word' id='word_1_328' title='bbox 967 2358 1068 2395; x_wconf 79' lang='lat' dir='ltr'>vatio</span> <span class='ocrx_word' id='word_1_329' title='bbox 1089 2356 1284 2395; x_wconf 58' lang='lat' dir='ltr'>catholica?</span> <span class='ocrx_word' id='word_1_330' title='bbox 1308 2357 1506 2408; x_wconf 75' lang='lat' dir='ltr'>reliqiom‘s</span> <span class='ocrx_word' id='word_1_331' title='bbox 1521 2359 1565 2396; x_wconf 77' lang='lat' dir='ltr'>in</span> <span class='ocrx_word' id='word_1_332' title='bbox 1587 2357 1774 2412; x_wconf 82' lang='lat' dir='ltr'>Europa,</span> 
     </span>
     <span class='ocr_line' id='line_1_50' title="bbox 968 2422 1814 2477; baseline 0.006 -17"><span class='ocrx_word' id='word_1_333' title='bbox 968 2422 1118 2462; x_wconf 83' lang='lat' dir='ltr'>Lutetiae</span> <span class='ocrx_word' id='word_1_334' title='bbox 1153 2423 1322 2462; x_wconf 83' lang='lat' dir='ltr'>Parisior.</span> <span class='ocrx_word' id='word_1_335' title='bbox 1357 2437 1420 2461; x_wconf 88' lang='lat' dir='ltr'>an.</span> <span class='ocrx_word' id='word_1_336' title='bbox 1461 2422 1561 2477; x_wconf 83' lang='lat'>1839</span> <span class='ocrx_word' id='word_1_337' title='bbox 1591 2424 1775 2474; x_wconf 84' lang='lat' dir='ltr'>fundata,</span> <span class='ocrx_word' id='word_1_338' title='bbox 1810 2459 1814 2465; x_wconf 75' lang='grc'><strong><em>,</em></strong></span> 
     </span>
     <span class='ocr_line' id='line_1_51' title="bbox 969 2488 1778 2544; baseline 0.005 -18"><span class='ocrx_word' id='word_1_339' title='bbox 969 2497 1140 2539; x_wconf 82' lang='lat' dir='ltr'>perpetuo</span> <span class='ocrx_word' id='word_1_340' title='bbox 1155 2497 1263 2527; x_wconf 87' lang='lat' dir='ltr'>erunt</span> <span class='ocrx_word' id='word_1_341' title='bbox 1275 2488 1442 2527; x_wconf 77' lang='lat' dir='ltr'>Ecclesiae</span> <span class='ocrx_word' id='word_1_342' title='bbox 1456 2489 1509 2527; x_wconf 91' lang='lat' dir='ltr'>illi</span> <span class='ocrx_word' id='word_1_343' title='bbox 1527 2490 1648 2528; x_wconf 84' lang='lat' dir='ltr'>decori</span> <span class='ocrx_word' id='word_1_344' title='bbox 1665 2498 1778 2544; x_wconf 82' lang='lat' dir='ltr'>atque</span> 
     </span>
     <span class='ocr_line' id='line_1_52' title="bbox 969 2553 1778 2594; baseline 0.004 -3"><span class='ocrx_word' id='word_1_345' title='bbox 969 2562 1196 2592; x_wconf 87' lang='lat' dir='ltr'>ornamento.</span> <span class='ocrx_word' id='word_1_346' title='bbox 1212 2553 1353 2592; x_wconf 89' lang='lat' dir='ltr'>Verum</span> <span class='ocrx_word' id='word_1_347' title='bbox 1368 2554 1567 2593; x_wconf 83' lang='lat' dir='ltr'>refractarii</span> <span class='ocrx_word' id='word_1_348' title='bbox 1584 2569 1626 2593; x_wconf 84' lang='lat' dir='ltr'>ac</span> <span class='ocrx_word' id='word_1_349' title='bbox 1643 2562 1778 2594; x_wconf 88' lang='lat' dir='ltr'>contu-</span> 
     </span>
     <span class='ocr_line' id='line_1_53' title="bbox 971 2617 1819 2671; baseline 0.001 -15"><span class='ocrx_word' id='word_1_350' title='bbox 971 2632 1103 2666; x_wconf 85' lang='lat' dir='ltr'>maces,</span> <span class='ocrx_word' id='word_1_351' title='bbox 1122 2621 1188 2671; x_wconf 90' lang='lat' dir='ltr'>qui</span> <span class='ocrx_word' id='word_1_352' title='bbox 1208 2617 1351 2670; x_wconf 82' lang='lat' dir='ltr'>ubique</span> <span class='ocrx_word' id='word_1_353' title='bbox 1366 2627 1453 2657; x_wconf 87' lang='lat' dir='ltr'>sunt</span> <span class='ocrx_word' id='word_1_354' title='bbox 1465 2648 1477 2666; x_wconf 91' lang='lat'>‚</span> <span class='ocrx_word' id='word_1_355' title='bbox 1499 2633 1576 2658; x_wconf 91' lang='lat' dir='ltr'>non</span> <span class='ocrx_word' id='word_1_356' title='bbox 1591 2619 1776 2670; x_wconf 84' lang='lat' dir='ltr'>religionis</span> <span class='ocrx_word' id='word_1_357' title='bbox 1816 2624 1819 2627; x_wconf 83' lang='grc'><strong>’</strong></span> 
     </span>
     <span class='ocr_line' id='line_1_54' title="bbox 970 2675 1777 2730; baseline 0.005 -10"><span class='ocrx_word' id='word_1_358' title='bbox 970 2685 1089 2721; x_wconf 86' lang='lat' dir='ltr'>zelum</span> <span class='ocrx_word' id='word_1_359' title='bbox 1105 2712 1115 2730; x_wconf 92' lang='lat'><strong>‚</strong></span> <span class='ocrx_word' id='word_1_360' title='bbox 1155 2686 1329 2727; x_wconf 56' lang='lat' dir='ltr'>uirtutem</span> <span class='ocrx_word' id='word_1_361' title='bbox 1369 2697 1412 2723; x_wconf 87' lang='lat' dir='ltr'>ac</span> <span class='ocrx_word' id='word_1_362' title='bbox 1446 2675 1695 2724; x_wconf 71' lang='lat' dir='ltr'>obedientiam</span> <span class='ocrx_word' id='word_1_363' title='bbox 1730 2697 1777 2724; x_wconf 86' lang='lat' dir='ltr'>ex</span> 
     </span>
     <span class='ocr_line' id='line_1_55' title="bbox 970 2748 1779 2800; baseline 0.004 -15"><span class='ocrx_word' id='word_1_364' title='bbox 970 2748 1065 2787; x_wconf 85' lang='lat' dir='ltr'>clero</span> <span class='ocrx_word' id='word_1_365' title='bbox 1092 2748 1270 2800; x_wconf 83' lang='lat' dir='ltr'>gallicano</span> <span class='ocrx_word' id='word_1_366' title='bbox 1285 2779 1295 2797; x_wconf 84' lang='lat'>‚</span> <span class='ocrx_word' id='word_1_367' title='bbox 1330 2750 1394 2787; x_wconf 88' lang='lat' dir='ltr'>sed</span> <span class='ocrx_word' id='word_1_368' title='bbox 1424 2750 1519 2788; x_wconf 80' lang='lat' dir='ltr'>hanc</span> <span class='ocrx_word' id='word_1_369' title='bbox 1544 2749 1664 2788; x_wconf 81' lang='lat' dir='ltr'>solum</span> <span class='ocrx_word' id='word_1_370' title='bbox 1688 2749 1779 2789; x_wconf 83' lang='lat' dir='ltr'>doc-</span> 
     </span>
     <span class='ocr_line' id='line_1_56' title="bbox 972 2814 1777 2868; baseline 0.001 -15"><span class='ocrx_word' id='word_1_371' title='bbox 972 2817 1105 2853; x_wconf 77' lang='lat' dir='ltr'>trinam</span> <span class='ocrx_word' id='word_1_372' title='bbox 1128 2823 1344 2854; x_wconf 81' lang='lat' dir='ltr'>mutuantur</span> <span class='ocrx_word' id='word_1_373' title='bbox 1358 2844 1370 2863; x_wconf 85' lang='lat'><strong>,</strong></span> <span class='ocrx_word' id='word_1_374' title='bbox 1397 2823 1439 2854; x_wconf 89' lang='lat' dir='ltr'>ut</span> <span class='ocrx_word' id='word_1_375' title='bbox 1462 2814 1550 2854; x_wconf 85' lang='lat' dir='ltr'>Sedi</span> <span class='ocrx_word' id='word_1_376' title='bbox 1572 2815 1777 2868; x_wconf 63' lang='lat' dir='ltr'>apostolicas</span> 
     </span>
     <span class='ocr_line' id='line_1_57' title="bbox 974 2880 1779 2933; baseline -0.001 -15"><span class='ocrx_word' id='word_1_377' title='bbox 974 2880 1157 2920; x_wconf 83' lang='lat' dir='ltr'>molestias</span> <span class='ocrx_word' id='word_1_378' title='bbox 1172 2889 1293 2920; x_wconf 83' lang='lat' dir='ltr'>creent</span> <span class='ocrx_word' id='word_1_379' title='bbox 1307 2911 1317 2927; x_wconf 91' lang='lat'>‚</span> <span class='ocrx_word' id='word_1_380' title='bbox 1341 2880 1576 2933; x_wconf 86' lang='lat' dir='ltr'>habeantque</span> <span class='ocrx_word' id='word_1_381' title='bbox 1598 2881 1696 2919; x_wconf 87' lang='lat' dir='ltr'>unde</span> <span class='ocrx_word' id='word_1_382' title='bbox 1717 2894 1779 2918; x_wconf 87' lang='lat' dir='ltr'>ve-</span> 
     </span>
     <span class='ocr_line' id='line_1_58' title="bbox 974 2944 1779 2997; baseline -0.002 -15"><span class='ocrx_word' id='word_1_383' title='bbox 974 2946 1041 2983; x_wconf 86' lang='lat' dir='ltr'>luti</span> <span class='ocrx_word' id='word_1_384' title='bbox 1074 2946 1182 2997; x_wconf 86' lang='lat' dir='ltr'>pallio</span> <span class='ocrx_word' id='word_1_385' title='bbox 1208 2946 1369 2997; x_wconf 86' lang='lat' dir='ltr'>quodam</span> <span class='ocrx_word' id='word_1_386' title='bbox 1401 2958 1504 2983; x_wconf 86' lang='lat' dir='ltr'>suam</span> <span class='ocrx_word' id='word_1_387' title='bbox 1537 2944 1779 2997; x_wconf 84' lang='lat' dir='ltr'>pervicaciam</span> 
     </span>
     <span class='ocr_line' id='line_1_59' title="bbox 976 3010 1779 3063; baseline -0.002 -14"><span class='ocrx_word' id='word_1_388' title='bbox 976 3020 1184 3063; x_wconf 86' lang='lat' dir='ltr'>contegant.</span> <span class='ocrx_word' id='word_1_389' title='bbox 1200 3010 1283 3052; x_wconf 85' lang='lat' dir='ltr'>Hac</span> <span class='ocrx_word' id='word_1_390' title='bbox 1297 3018 1483 3063; x_wconf 81' lang='lat' dir='ltr'>propterea</span> <span class='ocrx_word' id='word_1_391' title='bbox 1500 3010 1546 3049; x_wconf 85' lang='lat' dir='ltr'>de</span> <span class='ocrx_word' id='word_1_392' title='bbox 1566 3021 1673 3049; x_wconf 85' lang='lat' dir='ltr'>causa</span> <span class='ocrx_word' id='word_1_393' title='bbox 1688 3022 1779 3048; x_wconf 83' lang='lat' dir='ltr'>verae</span> 
     </span>
    </p>
   </div>
   <div class='ocr_carea' id='block_1_9' title="bbox 1526 3071 1589 3119">
    <p class='ocr_par' dir='ltr' id='par_1_11' title="bbox 1526 3071 1589 3119">
     <span class='ocr_line' id='line_1_60' title="bbox 1526 3071 1589 3119; baseline 0.032 -2"><span class='ocrx_word' id='word_1_394' title='bbox 1526 3071 1589 3119; x_wconf 82' lang='lat'>28</span> 
     </span>
    </p>
   </div>
  </div>
 </body>
</html>
