2028 3354
543 235 666 267 PART.
706 233 739 262 1.
774 233 871 261 CAP.
908 231 978 260 111.
1018 231 1073 261 DE
1108 229 1321 260 ECCLESIAE
1356 226 1492 258 Norls.

1761 205 1853 252 173

174 375 277 405 rum
295 393 306 415 ,
334 355 413 421 qui
444 353 521 401 illa
547 357 802 416 operantur
823 383 834 405 ,
874 362 1087 412 expresse
1116 352 1377 410 propugnat
1407 341 1626 391 adversus
1654 337 1854 387 Fabrum

173 432 436 480 haereticum
461 428 549 491 (1).

236 508 345 556 275.
383 505 454 554 Ad
489 505 584 562 9¹1¹,
618 504 744 551 Dist.
779 501 894 546 Vera
934 508 1013 545 aut
1052 497 1352 563 apparentia,
1390 512 1551 547 eonc.;
1587 511 1719 552 vera,
1753 511 1854 559 neq.

176 583 356 631 Etenim
372 583 662 647 Espencaeus,
689 594 796 624 cum
815 583 1026 622 accurate
1041 571 1357 637 expendisset,
1370 570 1483 635 quid
1496 570 1727 618 daemones
1747 587 1858 636 pos-

174 660 267 706 sint
293 658 368 706 vel
396 675 492 705 non
515 655 693 721 possint
716 670 773 700 ex
794 651 879 698 Dei
905 647 1207 715 permissione
1222 683 1235 705 .,
1264 663 1464 711 cumque
1482 646 1775 708 ostendisset,
1800 647 1859 694 il-

173 734 240 781 los
256 770 269 793 ,
296 736 391 781 Deo
421 731 752 798 permittente,
782 724 1060 791 quandoque
1091 723 1343 787 praestigias
1368 731 1448 769 aut
1470 725 1744 788 apparentia
1764 724 1860 771 mi—

174 809 326 857 racula
351 827 431 857 seu
449 809 578 871 signa
598 805 746 852 facere
761 816 896 866 posse
909 835 922 858 ,
942 799 1139 864 inquirit
1161 798 1209 845 in
1229 798 1516 846 characteres
1534 834 1546 857 ,
1573 798 1739 863 quibus
1759 808 1861 847 tuto

173 887 399 952 possimus
426 883 537 930 falsa
559 890 608 929 et
641 876 911 943 apparentia
935 893 1176 939 magorum
1199 885 1243 923 et
1265 875 1651 940 praestigiatorum
1676 892 1815 941 opera
1834 894 1861 922 a

176 962 258 1010 Dei
278 970 326 1008 et
346 962 616 1008 Sanctorum
640 952 857 1019 operibus
880 952 1193 1000 internoscere
1212 952 1305 1015 (2).

239 1038 350 1084 276.
392 1034 458 1082 Ad
485 1033 604 1091 10¹³,
636 1032 765 1078 Dist.
791 1027 964 1076 Eodem
981 1045 1117 1075 sensu
1130 1063 1147 1085 ,
1168 1045 1260 1094 quo
1282 1027 1330 1075 id
1361 1027 1656 1076 contendunt
1679 1029 1863 1077 romani

177 1111 400 1174 theologi,
431 1118 607 1163 trans.,·
622 1107 672 1153 in
690 1122 828 1153 sensu
847 1104 1126 1166 adversarii,
1157 1121 1260 1169 neq.
1277 1106 1397 1151 Sane
1418 1106 1461 1152 S.
1485 1106 1682 1152 irenaeus
1703 1114 1863 1171 aperte

176 1187 309 1234 docet
324 1223 336 1246 7
376 1184 614 1232 haereticos
653 1182 869 1230 seducere
902 1198 997 1245 per
1023 1183 1238 1245 magicas
1276 1182 1520 1228 illusiones
1555 1191 1601 1227 et
1636 1185 1865 1230 universa

171 1263 350 1326 fraude
373 1261 444 1325 (3)
461 1297 473 1321 7
507 1268 737 1324 negatque
757 1295 769 1318 7
800 1275 908 1307 vera
934 1257 1154 1304 miracula
1183 1256 1242 1303 ab
1271 1257 1382 1322 ipsis
1404 1258 1503 1305 fieri
1526 1257 1615 1322 (4).
1656 1258 1863 1325 Idipsum

231 1449 284 1500 (Ι)
316 1448 417 1486 thid.
451 1461 534 1499 pag.
569 1445 670 1497 408,
708 1444 869 1483 scribit:
895 1444 980 1482 Ad-

172 1522 274 1555 verte
299 1516 414 1553 etiam
427 1545 437 1561 ‚
463 1512 652 1551 miracula
672 1511 723 1549 ad
743 1510 982 1550 commenda-

174 1582 313 1619 tione-m
331 1580 502 1633 proprioe
526 1578 746 1618 sanctitatis
772 1584 922 1614 tantum
957 1589 981 1614 a

177 1646 332 1684 Sanctia
350 1646 455 1695 fieri.
471 1645 518 1682 Et
535 1659 618 1696 pag.
641 1642 721 1697 409
737 1674 747 1690 ,
774 1644 844 1681 sibi
869 1656 982 1695 oppo-

172 1713 228 1750 nit
249 1726 292 1750 ex
314 1711 526 1750 Comment.
552 1709 632 1748 Jac.
657 1709 765 1747 Fabri
784 1708 979 1760 Stapulen-

178 1779 225 1815 sis
253 1790 263 1814 :
287 1775 377 1825 Non
402 1776 504 1813 enim
527 1774 663 1812 Sancti
679 1780 796 1821 sunt,
825 1774 895 1825 qui
913 1773 978 1825 fa-

180 1843 291 1880 ciunt
301 1855 388 1880 vera
402 1840 614 1889 miracula,
637 1840 703 1878 sed
719 1839 782 1877 ille
793 1842 864 1891 qni
880 1841 981 1890 lacit

175 1906 377 1945 mirabilia
409 1919 551 1958 magna
589 1905 690 1944 solus
718 1918 735 1953 ,·
779 1917 857 1943 non
893 1918 979 1955 erqo

173 1969 329 2014 Sanctis
366 1971 493 2010 cultus
514 1978 672 2024 propter
698 1971 812 2022 siyna
848 1970 982 2009 haberi

173 2036 279 2076 debet
294 2067 305 2085 ,
331 2037 396 2076 sed
415 2038 566 2075 auctori
592 2036 868 2075 miraculorum
881 2064 894 2084 ,
911 2037 982 2088 qui

174 2103 276 2142 solus
296 2102 402 2143 Deus
437 2110 514 2149 (ωε,-
547 2103 652 2151 haec,
676 2105 831 2155 inquam
850 2131 861 2151 ,
892 2116 978 2141 cum

175 2168 245 2207 sibi
271 2168 464 2221 objecisset
503 2167 699 2205 Saimeron
715 2195 727 2213 ‚
759 2167 895 2218 duplici
919 2179 979 2205 ra-

172 2235 275 2272 tione
292 2235 420 2272 solvit:
440 2240 477 2272 1⁰
491 2247 575 2271 vera
597 2246 673 2270 esse
693 2231 870 2269 miracula
893 2230 980 2270 San-

177 2306 337 2346 ctorum,
350 2301 438 2351 quia
446 2298 594 2338 neusin
609 2299 660 2336 eis
670 2306 704 2336 et
712 2310 777 2348 per
789 2310 848 2336 eos
864 2297 978 2336 facie-

173 2361 269 2410 hat3
297 2370 339 2401 2⁰
369 2367 456 2416 quia
476 2364 576 2403 Deus
594 2361 744 2401 Sanctus
770 2365 880 2414 signis
909 2364 980 2402 ho-

171 2431 329 2468 nestavit
349 2459 359 2477 ‚
379 2430 462 2468 ideo
492 2430 616 2469 Sancti
637 2429 781 2468 colendi
798 2437 897 2468 sunt.

226 2496 279 2547 (2)
295 2495 507 2546 Espencaeus
523 2526 533 2544 ,
547 2494 605 2534 'In
613 2497 860 2548 posteriorem
880 2499 979 2548 epis-

165 2561 282 2600 tolam
305 2560 363 2599 D.
386 2560 513 2599 Pauli·
525 2559 701 2612 Apostoli
728 2560 779 2598 ad
804 2560 977 2599 Timoth.

168 2628 468 2667 commentarius
489 2657 499 2671 ,
539 2639 627 2664 cum
679 2627 981 2678 diqresoionibus

170 2705 310 2742 xum,
349 2693 436 2732 edit.
465 2693 587 2732 Latet.
624 2691 738 2731 Paris.
771 2691 897 2746 1619,
925 2692 981 2731 di-

170 2772 281 2812 gresS.
305 2772 384 2807 xiv,
403 2772 481 2810 pag.
497 2755 574 2808 384
590 2788 601 2804 ,
622 2755 699 2809 jam
716 2759 944 2809 praemiserat
961 2771 972 2795 :

172 2824 304 2876 Specie
340 2830 453 2863 tenus
464 2850 478 2873 ‚
507 2836 593 2875 quoe
615 2836 641 2861 a
671 2836 758 2861 vero
785 2820 864 2862 Deo
892 2828 984 2861 aunt

173 2895 318 2937 ereata,
342 2890 562 2941 (daemoncs)
579 2894 745 2936 mutant,
768 2894 813 2926 ut
833 2887 988 2926 videan-

175 2960 240 2992 tur
258 2966 350 3001 esee,
367 2954 466 3006 quod
488 2966 566 2993 non
581 2959 688 2993 sunt.
705 2953 752 2992 Et
762 2967 845 3006 pag.
874 2951 951 2992 382
969 2981 984 3003 ,

1053 1445 1190 1495 stiqiis,
1205 1444 1325 1483 solum
1338 1444 1513 1493 affirmat,
1528 1458 1634 1496 posse
1645 1445 1766 1485 Deum
1781 1461 1864 1499 per-

1053 1512 1198 1548 mittere
1213 1540 1222 1557 ,
1242 1518 1283 1547 ut
1302 1510 1470 1549 homines
1483 1511 1568 1548 mali
1586 1514 1785 1563 praestigias
1801 1512 1862 1552 fa-

1052 1578 1149 1614 ciant
1167 1606 1177 1623 ,
1199 1583 1234 1613 et
1250 1575 1401 1628 quidem
1416 1576 1611 1614 interdum
1631 1606 1642 1625 ,
1667 1579 1718 1616 ita
1741 1586 1866 1618 tamen

1051 1649 1093 1679 ut
1113 1643 1311 1679 vincantur
1325 1654 1337 1690 3
1352 1644 1486 1692 passim
1504 1644 1617 1681 etiam
1635 1642 1756 1682 Deum
1774 1643 1859 1683 illos

1049 1706 1243 1757 prohibere
1258 1706 1411 1745 occultis
1427 1707 1562 1747 modis.
1579 1707 1736 1760 Quando
1749 1724 1862 1763 prop-

1052 1781 1146 1810 terea
1165 1773 1262 1810 idem
1289 1780 1440 1821 auctor,
1468 1787 1550 1825 pag.
1579 1772 1682 1825 384,
1709 1775 1862 1815 scribit:

1050 1835 1157 1876 Illud
1182 1845 1323 1876 nostroe
1354 1840 1481 1889 maqis
1498 1839 1721 1892 farraqinis
1738 1871 1748 1890 ,
1775 1855 1865 1880 cum

1048 1902 1238 1942 miracula
1262 1901 1342 1942 Deo
1368 1912 1404 1942 et
1434 1904 1585 1943 diabolo
1600 1934 1612 1954 ,
1648 1905 1804 1945 Christo
1830 1916 1866 1947 et

1050 1969 1291 2007 Antichristo
1304 1999 1315 2016 ,
1331 1968 1494 2022 Angelis
1506 1977 1543 2008 et
1557 1970 1785 2012 hominibus
1797 1973 1863 2012 bo—

1049 2035 1114 2073 nis
1140 2043 1253 2087 atque
1276 2033 1391 2074 malie
1415 2040 1635 2075 eommunia
1655 2040 1761 2087 sint,
1783 2039 1865 2081 haec

1048 2099 1101 2137 ad
1116 2098 1326 2150 salsitatem
1354 2100 1666 2152 persuadendam
1684 2132 1694 2147 ,
1720 2103 1790 2141 illa
1812 2105 1866 2143 ad

1043 2164 1140 2214 fidei
1156 2167 1353 2204 veritatem
1371 2166 1695 2217 confirmandam,
1726 2181 1801 2219 quo
1818 2182 1865 2207 ex

1049 2228 1153 2281 lydio
1175 2229 1305 2282 lapide
1326 2226 1632 2269 internoscemus
1649 2232 1677 2270 ,Ρ
1704 2232 1865 2273 Evide'ns

1050 2303 1127 2343 est,
1158 2309 1236 2334 non
1257 2296 1360 2348 loqui
1390 2299 1460 2335 nisi
1485 2297 1532 2336 de
1556 2299 1743 2337 miraculis
1764 2299 1865 2339 falsis

1050 2368 1083 2399 et
1091 2361 1373 2413 apparentibus,
1385 2374 1487 2414 quae,
1505 2360 1584 2401 Deo
1601 2365 1836 2415 permittente
1850 2395 1862 2413 ,

1049 2427 1236 2465 interdurn
1262 2440 1282 2465 a
1309 2426 1476 2465 daemone
1507 2441 1571 2479 per
1594 2429 1710 2468 malos
1738 2429 1863 2469 homi-

1051 2506 1115 2530 nes
1140 2493 1240 2531 fiunt
1266 2494 1369 2545 juxta
1388 2495 1597 2545 praemissa,
1628 2509 1706 2535 non
1735 2505 1862 2536 autem

1051 2558 1096 2596 de
1120 2561 1235 2598 veris.
1263 2559 1361 2598 Hinc
1387 2560 1515 2598 subdit
1533 2559 1676 2613 regulas
1705 2577 1750 2601 ex
1784 2562 1863 2602 Au-

1050 2627 1194 2675 gustino
1218 2632 1253 2664 et
1275 2624 1428 2677 Origene
1450 2655 1462 2677 ‚
1485 2640 1577 2679 quas
1598 2629 1751 2679 nosipsi
1774 2628 1862 2667 alias

1050 2692 1241 2731 attulimus
1255 2719 1268 2740 ,
1289 2691 1427 2744 quibus
1447 2706 1531 2732 vera
1542 2693 1863 2734 miraculaasalsis

1051 2756 1357 2796 {mex-noscamus.

1110 2820 1161 2872 (3)
1191 2822 1276 2862 Lib.
1298 2836 1349 2870 11,
1371 2836 1451 2874 cap.
1476 2823 1543 2873 31,
1563 2838 1607 2863 n.
1622 2837 1662 2873 2,
1689 2824 1779 2864 edit.
1800 2825 1860 2862 cit.

1109 2887 1160 2938 (h)
1188 2887 1287 2927 Ibid.
1315 2887 1507 2927 subdens:
1531 2888 1613 2928 Nec
1627 2891 1731 2928 enim
1752 2889 1863 2927 eoeciae

1046 2959 1208 3004 ponunt
1223 2953 1433 3004 <haeretici)
1460 2952 1603 2993 donare
1623 2956 1750 2993 visum
1764 2983 1776 3002 ,
1795 2966 1861 2992 ne-

176 3032 286 3071 agens
317 3018 363 3057 de
384 3020 546 3071 maqicie
572 3020 801 3072 imposturis
832 3025 869 3058 et
883 3031 986 3072 proe-
1052 3030 1125 3070 que
1147 3018 1276 3057 surdi,
1296 3018 1477 3059 auditum
1491 3050 1502 3068 ,
1527 3027 1598 3058 etc.
