2028 3354
1765 176 1826 224 63

419 206 545 235 PAR'r.
580 206 608 233 1.
648 202 747 233 GAP.
787 202 838 230 11.
879 199 932 228 DE
967 196 1141 228 CHRISTI
1176 194 1295 225 nect.
1334 193 1528 225 GONSTIT.

145 321 332 389 possit?
366 317 456 367 Sed
489 324 709 383 praeterea
747 313 1012 362 recolantur
1047 309 1223 375 reliqua
1265 308 1317 356 in
1349 305 1699 373 probationibus
1735 307 1827 355 ad-

147 399 282 446 ducta
296 433 309 455 ‚
329 413 380 444 ac
392 392 609 442 omnibus
632 390 812 459 patebit
825 426 837 448 ‚
858 399 1017 437 utrum
1031 386 1240 435 Christus
1258 384 1458 434 voluerit
1474 384 1708 432 ministros
1721 402 1827 432 suos

145 475 294 523 omnis
317 470 554 537 dignitatis
586 486 638 517 ac
659 466 951 516 ‘auctoritatis
977 472 1189 529 expertes
1209 498 1221 522 .,
1257 478 1318 509 an
1351 477 1460 510 vero
1485 461 1535 507 in
1570 461 1738 522 finem,
1767 460 1828 509 ad

147 568 284 617 quem
296 566 371 596 eos
386 547 714 605 destinaverat,
729 542 1011 609 amplissima
1022 539 1220 589 voluerit
1233 554 1332 603 esse
1347 545 1577 601 potestate
1595 538 1826 601 praeditos,

143 625 319 673 Deinde
339 640 497 670 nonne
529 628 837 687 protestantes
862 614 1181 672 contendunt,
1216 612 1339 658 hanc
1375 612 1660 659 Potestatem
1690 613 1829 660 Chri-

142 711 266 748 stum
296 700 543 747 contulisse
561 695 735 763 populo
753 695 971 740 universo
986 690 1008 735 ir‘
1030 692 1189 753 Itaque
1209 687 1267 734 de
1294 694 1524 752 potestate
1551 704 1649 735 non
1673 697 1829 753 potest

142 793 239 824 esse
266 774 601 832 controversia3
629 771 709 819 sed
732 767 922 833 quaestio
939 766 1055 812 circa
1080 764 1287 827 ejusdem
1306 763 1549 828 potestatis
1568 763 1829 826 subjectum

143 862 238 900 tota
257 860 483 900 versatur.
508 847 640 907 Quod
657 860 839 909 semper
859 858 955 909 prae
984 840 1125 889 oculis
1153 839 1425 888 habendum
1446 849 1517 888 est
1538 839 1627 904 (1).

210 928 317 974 109.
354 926 425 974 Ad
450 925 543 983 31¹1,
575 923 702 970 Dist.
736 918 945 986 Apostoli
976 917 1232 966 hierarchae
1259 934 1435 965 nomen
1471 915 1561 964 sibi
1595 933 1694 964 non
1721 917 1830 966 vin-

142 1003 382 1062 dicarunt,
405 1013 554 1053 con0.;
577 1014 678 1045 rem
699 996 926 1046 vocabulo
955 995 1286 1058 significatam⁷
1317 1012 1421 1058 neq.
1452 993 1674 1052 Quamvis
1702 995 1831 1043 enim

142 1077 346 1143 Apostoli
380 1075 549 1139 passim
596 1091 644 1121 se
679 1073 851 1121 Christi
888 1090 1045 1122 servos
1095 1081 1142 1119 et
1184 1071 1424 1119 ministros
1483 1069 1830 1136 appellaverint

141 1162 277 1217 atque
301 1150 642 1215 dispensatores
674 1150 1003 1215 ‘mysteriorum
1029 1149 1115 1196 Dei
1130 1184 1143 1208 ,
1178 1147 1276 1196 liaec
1301 1156 1459 1195 tamen
1479 1165 1641 1195 eorum
1662 1148 1828 1212 agendi

139 1228 255 1275 ratio
276 1244 421 1275 causae
438 1263 451 1287 ‚
480 1244 621 1293 quam
644 1243 995 1293 propugnamus
1011 1262 1023 1286 .,
1042 1224 1235 1272 minime
1258 1224 1429 1283 officit3
1458 1224 1689 1289 siquidem
1713 1228 1831 1289 ejus-

137 1303 264 1351 modi
292 1303 484 1358 nomina
529 1313 576 1351 et
616 1304 762 1351 officia
791 1321 889 1350 non
927 1309 1139 1367 pugnant
1171 1318 1278 1348 cum
1313 1308 1544 1366 potestate
1579 1301 1830 1351 ordinandi

139 1379 346 1427 Ecclesiae
373 1380 639 1440 ministros,
668 1380 850 1428 ferendi
875 1379 1028 1443 legeS,
1052 1378 1295 1442 judicandi
1328 1386 1377 1426 et
1404 1386 1699 1427 contumaces
1730 1397 1830 1445 pu-

141 1456 319 1503 niendi.
359 1457 491 1504 Hanc
524 1474 664 1522 porro
700 1457 798 1504 sive
829 1456 1003 1503 ordinis
1049 1455 1144 1504 sive
1181 1454 1515 1518 jurisdictionis
1545 1463 1829 1520 potestatem

138 1532 380 1597 Apostolos
401 1534 657 1596 generatim
677 1550 869 1591 omnes,
901 1532 1103 1579 maxime
1134 1548 1245 1579 vero
1278 1530 1500 1592 Paulum,
1542 1533 1826 1594 exercuisse,

138 1616 337 1655 testatur
368 1609 518 1657 omnis
551 1610 770 1656 Actorum
803 1608 996 1656 historia
1014 1643 1027 1667 ,
1059 1615 1292 1656 testantur
1321 1606 1526 1673 epistolae
1557 1609 1672 1669 ejus.
1705 1608 1829 1667 Quid

192 1805 246 1857 (1)
292 1806 437 1846 Etenim
462 1819 547 1844 cum
573 1807 677 1859 juxta
699 1805 795 1845 dicta
822 1806 862 1844 in
881 1815 944 1861 sy-

139 1880 289 1911 stemate
310 1871 600 1910 protestantium
627 1900 641 1921 ,
677 1880 714 1910 et
753 1879 944 1924 propterea

140 1936 325 1985 Richerfi,
368 1939 432 1989 qui
465 1952 597 1988 magna
632 1951 679 1975 ex
709 1942 814 1989 parte
846 1937 944 1976 illud

142 2014 252 2040 suum
279 2003 388 2051 fecit,
425 2002 592 2041 Christus
622 2004 856 2042 constituerit
879 2017 943 2042 ve-

141 2081 222 2105 ram
251 2081 294 2106 ac
317 2061 448 2119 puram
472 2068 758 2117 democratiam,
779 2069 945 2121 adeoque

141 2132 320 2184 populum
357 2133 599 2172 christianum
634 2136 850 2173 universum
887 2149 944 2173 sa-

141 2197 327 2237 cerdotem
362 2199 551 2247 effecerit,
579 2199 738 2238 contulit
773 2201 813 2237 in
839 2213 945 2237 eum-

143 2261 225 2300 dem
255 2265 438 2315 populum
472 2264 620 2303 fidelem
649 2266 835 2316 potestatis
870 2265 946 2316 ple—

144 2328 375 2378 nitudinem,
414 2344 495 2383 quae
535 2338 695 2381 potestas
733 2332 876 2369 nemini
905 2333 947 2369 in

143 2394 350 2442 particulari
381 2396 586 2448 competit,
618 2396 681 2435 sed
721 2404 795 2435 tota
822 2395 947 2434 residit

143 2458 184 2494 in
203 2462 477 2500 communitate.
495 2460 692 2513 Quodlibet
711 2461 947 2500 individuum

144 2523 356 2573 singillatim
376 2534 565 2577 sumptum
587 2526 683 2565 nihil
706 2526 817 2566 habet
836 2555 848 2576 ‚
879 2540 949 2565 nec

143 2590 311 2638 quemvis
345 2589 404 2627 vel
446 2592 647 2630 minimum
683 2593 950 2644 jurisdictionis

143 2660 266 2690 aetum
291 2667 455 2693 exercere
486 2663 619 2706 potest.
643 2655 763 2696 Debet
796 2657 950 2709 proinde

141 2731 161 2755 a
194 2721 458 2759 communitate
485 2735 527 2759 ea
560 2724 826 2761 communicari
869 2722 951 2772 illi,

143 2796 255 2834 quem
280 2784 406 2836 deligit
446 2787 486 2823 in
511 2787 723 2824 ministrum
740 2815 752 2834 ‚
780 2795 815 2826 et
843 2788 950 2840 juxta

142 2848 297 2898 gradum
311 2879 322 2898 ‚
345 2852 386 2888 in
415 2865 489 2904 quo
509 2865 595 2890 eum
615 2850 785 2891 collocat.
817 2851 951 2892 Contra

144 2926 229 2953 vero
249 2917 289 2954 in
301 2916 464 2957 doctrina
475 2918 654 2958 catholica
677 2917 844 2958 Christus
854 2920 952 2959 hanc

142 2982 326 3030 potestatis
352 2983 621 3034 plenitudinem
644 2982 803 3024 contulit
826 2983 953 3024 Sacer-

1008 1805 1108 1844 dotio
1134 1804 1296 1855 visibili,
1327 1813 1476 1862 externo
1500 1821 1543 1846 ac
1557 1811 1701 1861 proprie
1713 1810 1826 1860 dicto,

1010 1885 1052 1909 ac
1080 1872 1232 1923 praecise
1270 1873 1413 1923 corpori
1449 1874 1647 1926 episcopali
1677 1890 1763 1914 cum
1791 1884 1827 1916 et

1009 1936 1078 1975 sub
1094 1936 1202 1974 Rom.
1216 1935 1409 1984 pontifice,
1422 1940 1471 1976 ita
1484 1946 1525 1977 ut
1541 1939 1713 1993 Episcopi
1729 1956 1829 1981 seor-

1009 2015 1093 2040 sum
1120 2003 1282 2054 sumpti‚
1315 2002 1447 2041 saltem
1487 2004 1613 2057 quoad
1638 2010 1827 2058 potestatis

1011 2067 1240 2113 exercitium,
1262 2066 1356 2104 nihil
1377 2069 1516 2118 possint
1526 2071 1597 2108 nisi
1617 2070 1830 2123 dependen-

1011 2141 1064 2171 ter
1084 2146 1104 2171 a
1125 2132 1235 2171 Rom.
1253 2132 1432 2173 Pontifice
1444 2163 1456 2182 ‚
1472 2143 1514 2173 ut
1525 2149 1591 2174 suo
1607 2135 1689 2176 loco
1703 2146 1826 2177 osten-

1011 2198 1157 2237 demus.
1193 2198 1346 2237 Interim
1367 2207 1486 2250 patet‚
1520 2202 1561 2238 in
1591 2215 1828 2255 quacumque

1012 2263 1205 2317 hypothesi
1231 2277 1372 2315 semper
1394 2266 1534 2316 requiri
1548 2280 1671 2304 veram
1687 2280 1731 2306 ac
1744 2281 1830 2319 pro-

1011 2331 1128 2381 priam
1144 2333 1367 2380 potestatem
1389 2330 1437 2368 ad
1450 2328 1621 2369 Ecclesiae
1634 2334 1799 2384 regimen
1815 2361 1827 2382 ,

1013 2403 1049 2434 et
1073 2403 1186 2435 totam
1226 2396 1512 2434 controversiam
1550 2396 1663 2437 unice
1695 2401 1828 2438 versari

1011 2463 1106 2499 circa
1120 2460 1346 2514 subjectum,
1364 2462 1424 2499 cui
1438 2460 1603 2500 Christus
1614 2464 1828 2505 immediate

1013 2540 1094 2564 eam
1109 2526 1222 2565 voluit
1241 2527 1421 2566 conferre.
1447 2526 1543 2566 Cum
1560 2541 1645 2568 vero
1688 2543 1736 2569 ex
1771 2531 1829 2570 di.-

1013 2593 1079 2629 ctis
1116 2592 1285 2631 Christus
1307 2605 1383 2630 non
1402 2594 1443 2632 in
1478 2594 1614 2646 populo
1631 2622 1644 2644 ‚
1685 2594 1750 2635 sed
1787 2597 1828 2634 in

1014 2669 1163 2708 corpore
1185 2657 1385 2709 episcopali
1414 2658 1485 2697 suh
1506 2659 1617 2699 Rom.
1646 2660 1829 2701 Pontifioe

1021 2735 1104 2761 eam
1127 2724 1388 2771 collocaverit,
1411 2724 1484 2764 hoc
1517 2727 1597 2777 ipso
1626 2726 1829 2766 concidunt

1016 2790 1141 2827 omnia
1154 2788 1443 2830 Protestantium
1466 2801 1687 2844 argumenta
1699 2822 1712 2840 ‚
1740 2807 1826 2831 cum

1016 2861 1172 2907 potestas
1181 2855 1231 2895 ad
1246 2855 1448 2907 regendum
1461 2859 1597 2899 oriatur
1610 2872 1654 2897 ex
1673 2860 1748 2910 ipsa
1761 2871 1827 2896 na-

1018 2929 1099 2960 tura
1119 2923 1198 2971 rei,
1224 2923 1411 2975 supposita
1431 2921 1824 2967 Christiinstitutione.
