2028 3354
196 199 288 248 196
670 213 826 243 mser.
860 214 915 244 ms
950 215 1069 246 Locis
1106 215 1409 247 rnnozomms.

193 347 356 399 parem
374 346 470 375 non
492 343 589 374 esse
611 343 716 373 cum
733 325 931 374 Ecclesia
948 344 1089 390 graeca
1104 329 1422 379 conditionem
1442 329 1653 379 Ecclesias-
1674 332 1876 391 russicae‚

193 424 295 473 quae
316 402 536 468 duplicis,
553 401 649 449 imo
669 402 863 467 triplicis
883 402 1140 451 schismatis
1161 413 1270 452 nota
1292 424 1389 455 sese
1409 406 1618 454 foedavit.
1638 408 1699 455 Ac
1717 408 1766 454 10
1776 410 1882 472 qui-

193 484 303 531 dem
330 478 590 527 schismatis
607 514 620 538 ‚
649 478 777 544 quod
803 496 1053 526 commune
1081 478 1223 527 habet
1245 496 1349 529 cum
1374 483 1541 531 Graecis
1566 486 1615 529 in
1636 483 1801 530 ordine
1825 483 1886 531 ad

193 561 326 606 Rom.
350 555 649 614 Pontificem3
681 556 735 602 20
755 555 1044 613 Schismatis,
1067 573 1160 620 quo
1178 573 1224 603 se
1243 573 1267 602 a
1293 558 1551 622 patriarcha
1568 560 1886 607 constantino-

190 633 401 700 politano
424 632 657 693 sejunxit,
691 649 784 697 quo
815 633 868 679 fit
893 642 946 679 ut
972 632 1151 679 nullam
1178 634 1554 683 communionem
1586 644 1740 684 servet
1777 653 1885 683 cum

191 709 391 757 Ecclesia
418 725 564 771 graeca
581 744 594 767 ,
627 718 770 773 prout
797 708 893 757 haec
915 709 1015 774 ipsa
1038 708 1166 756 haud
1189 709 1251 755 ita
1272 709 1458 775 pridem
1478 711 1660 775 publice
1685 711 1888 760 declara-

192 788 261 835 vit
287 787 386 851 (l);
416 784 469 832 3⁰
494 784 761 832 schismatis
780 803 806 833 a
832 784 1094 851 patriarcha
1120 786 1372 833 moscovita
1388 822 1400 845 7
1428 787 1506 851 qui
1530 804 1555 835 a
1576 789 1711 836 Petro
1738 789 1755 834 Ι
1781 787 1889 835 abo·

189 863 301 910 litus
333 871 428 924 est,
457 871 511 908 ut
534 861 767 908 sufficeret
797 862 845 908 in
875 864 975 924 ejus
1002 861 1158 907 locum
1187 879 1291 909 eam
1309 898 1320 919 a
1348 880 1491 927 quam
1511 863 1610 928 ipse
1631 864 1885 928 appellavit

190 942 409 995 sanctam*
438 939 676 1000 synodum
707 946 1073 1001 permanentem
1108 939 1543 1000 petropolicanam,
1585 942 1713 1000 cujus
1751 948 1890 1004 caput

190 1017 290 1081 ipse
311 1018 573 1079 Imperator
591 1029 678 1078 pro
706 1022 919 1077 tempore
938 1021 1038 1073 est,
1068 1016 1257 1078 ejusque
1286 1012 1496 1061 membra
1526 1015 1681 1061 omnia
1713 1013 1772 1062 ab
1803 1016 1892 1062 Im—

189 1100 406 1158 peratore
434 1090 734 1153 deliguntur,
769 1105 967 1154 quaeque
998 1106 1078 1135 sua
1111 1089 1266 1135 omnia
1294 1088 1504 1149 decreta7
1542 1099 1595 1136 ut
1625 1091 1785 1138 mitius
1819 1090 1891 1138 lo·-

191 1187 336 1235 quar..
363 1166 449 1215 sub
476 1165 659 1212 influxu
685 1165 985 1230 Imperatoris
1010 1165 1200 1212 emittit.
1230 1166 1361 1213 Hanc
1393 1174 1517 1213 certe
1543 1166 1775 1229 synodum
1793 1184 1891 1215 non

193 1244 437 1292 constituit
460 1242 685 1289 Christus,
1114 1249 1116 1251 ’

262 1319 375 1368 305.
416 1318 488 1366 Ad
504 1319 598 1379 21¹²,
618 1319 744 1365 Dz'st.
768 1316 1118 1364 Schismaticam
1136 1353 1148 1378 ,
1175 1334 1371 1382 quaeque
1393 1316 1535 1365 habet
1554 1319 1889 1367 successionem

193 1395 486 1444 materialem
503 1431 516 1447 ..
535 1411 684 1447 con0.;
701 1394 1039 1441 successionem
1053 1393 1298 1445 formalem
1317 1412 1401 1459 per
1420 1394 1735 1443 adhaesionem
1753 1397 1892 1461 capiti

195 1475 245 1521 in
271 1473 451 1520 unitate
480 1471 590 1517 fidei
610 1478 657 1517 et
675 1470 937 1532 regiminis7
969 1488 1067 1533 neq.
1093 1471 1272 1534 Nempe
1294 1488 1390 1516 non
1421 1471 1566 1532 magis
1593 1472 1778 1535 utrique
1808 1473 1891 1518 Ec-

195 1547 343 1596 clesiae
355 1545 718 1609 haecjmaterialis
732 1545 858 1594 favet
875 1546 1115 1606 successio,
1131 1562 1272 1610 quam
1290 1545 1440 1592 saveat
1455 1545 1739 1591 Nestorianis
1753 1554 1894 1610 atque

193 1624 492 1689 Eutychianis
521 1641 629 1677 suaq
662 1623 876 1687 quamvis
902 1622 1137 1686 antiquior
1165 1623 1241 1669 sit.
1272 1623 1401 1669 Circa
1424 1621 1707 1687 peculiarem
1736 1622 1893 1669 Eccle-

194 1701 312 1749 siam
338 1701 561 1747 russicam
581 1706 805 1764 praeterea
835 1698 1159 1748 animadverto
1180 1735 1193 1759 .,
1230 1699 1381 1763 ipsam
1405 1698 1455 1744 in
1479 1698 1659 1745 unitate
1684 1698 1892 1746 Ecclesiae

191 1794 400 1825 romanae
424 1775 563 1822 fuisse
590 1773 836 1822 fundatam
857 1774 931 1838 (2)
951 1783 1054 1821 tum
1074 1791 1101 1821 a
1132 1775 1301 1823 Graecis
1326 1773 1562 1821 catholicis
1589 1783 1692 1822 tum
1720 1792 1747 1821 a
1776 1775 1894 1822 Lati-

251 1951 303 2000 (l)
332 1949 411 1989 Cfr.
455 1949 627 2002 Septimii
675 1948 848 1988 Costanzi
902 1962 1014 2001 opus-

196 2016 281 2055 cula
300 2045 312 2064 ,
335 2023 428 2055 tom.
454 2028 497 2053 ιιι
513 2043 526 2065 ,
541 2017 581 2053 in
597 2015 784 2054 schemate
803 2015 1016 2067 appendicis

197 2084 310 2121 tertiae
328 2082 375 2120 ad
387 2081 580 2120 Ruthenos
595 2080 641 2119 ab
658 2080 820 2119 Ecclesia
836 2081 1015 2119 catholica

197 2161 351 2187 romana
368 2148 586 2186 dissidentes
601 2176 611 2194 ‚
629 2145 650 2198 §
669 2146 710 2193 3,
732 2145 860 2185 Romae
888 2145 984 2200 1807
1003 2175 1013 2193 ,

197 2227 267 2252 nec
292 2226 368 2251 non
396 2212 633 2251 Dissertatio
653 2211 697 2248 de
725 2212 873 2262 oriqine
896 2210 1018 2249 chris-

194 2279 313 2317 tianoe
325 2277 522 2329 religionis
535 2279 580 2315 in
590 2277 750 2325 Bassia,
760 2276 885 2315 Romae
902 2275 1015 2324 1826,

196 2359 280 2396 cap.
308 2358 347 2384 2.
375 2344 453 2384 Cfr.
482 2346 591 2383 etiam
623 2343 810 2382 eruditum
835 2357 926 2394 opus
957 2342 1013 2381 Cl.

198 2410 323 2449 Barth.
348 2410 498 2463 Kopitar
513 2440 524 2459 ‚
548 2412 609 2448 cui
626 2412 681 2449 tit.
696 2407 890 2461 Hesychii
905 2408 1014 2446 Glos-

199 2476 382 2529 eoqraplzi
412 2475 629 2529 discipulus
647 2505 656 2522 ‚
682 2485 755 2514 etc.
782 2475 1016 2514 Vindobona:

204 2540 309 2594 1839
321 2569 333 2589 ,
351 2543 391 2579 in
405 2541 567 2594 append.
592 2552 605 2578 ι
617 2539 640 2580 5
660 2570 670 2587 ,
686 2552 774 2593 pag.
795 2537 848 2578 56
861 2549 897 2578 et
911 2555 1015 2594 seqq.

186 2606 264 2645 'ubi
281 2608 423 2659 egregie
444 2607 611 2645 confutat
631 2604 693 2644 W.
707 2605 753 2644 Δ.
772 2605 1017 2660 Maciejowski

201 2673 491 2720 commentaria,
518 2671 616 2710 edita
650 2670 832 2724 Petropoli
864 2681 900 2711 et
927 2673 1016 2726 Lip-

204 2741 269 2778 siae
283 2769 294 2785 ‚
326 2737 442 2792 1839.

247 2804 298 2855 (2)
312 2803 389 2843 Cfr.
403 2803 733 2843 Considerationes
741 2802 838 2842 histo
843 2805 933 2844 ricae
941 2809 1000 2844 etc
1006 2833 1016 2844 .

200 2872 411 2924 germanice
439 2872 554 2909 editas
579 2885 600 2909 a
627 2871 675 2910 Η.
692 2870 730 2910 J.
757 2869 902 2920 Smith‚
920 2885 1014 2925 qua-

203 2951 287 2976 rum
304 2935 567 2987 compendium
590 2935 786 2976 exhibetur
805 2938 846 2975 in
862 2935 1018 2976 Annali

199 3000 294 3039 delle
310 3002 461 3040 seienze
489 2999 685 3053 reliquom,
724 3001 796 3041 vol.
823 3015 890 3052 in,
920 3016 962 3043 n.
987 2999 1013 3041 8

1081 1958 1114 1988 ct
1141 1963 1191 2003 9,
1211 1948 1405 1988 settembre
1428 1962 1448 1987 e
1468 1949 1624 1995 octobre,
1645 1948 1849 1988 novembre
1875 1963 1896 1988 e

1080 2014 1272 2052 decembre
1299 2012 1417 2054 1836.
1433 2014 1476 2052 In
1489 2016 1681 2067 posteriori
1694 2017 1808 2068 igitur
1824 2015 1895 2054 hoc

1081 2081 1256 2120 fasciculo
1272 2111 1282 2128 ‚
1302 2093 1389 2133 pag.
1413 2078 1494 2133 419
1515 2090 1550 2119 et
1573 2095 1677 2133 seqq.
1701 2090 1891 2129 narratur,

1081 2147 1270 2199 quomodo
1285 2176 1295 2194 ,
1313 2160 1399 2185 cum
1422 2146 1481 2184 die
1502 2159 1550 2199 27
1578 2146 1667 2185 Julii
1689 2145 1787 2185 1833
1808 2161 1893 2199 age-

1082 2221 1181 2252 retur
1215 2212 1262 2251 de
1295 2211 1521 2250 instituenda
1554 2208 1709 2263 Synodo
1738 2225 1895 2263 perma-

1080 2285 1193 2316 nente
1213 2279 1375 2317 adinstar
1401 2275 1586 2318 Ecclesiae
1613 2290 1734 2317 russae
1751 2306 1764 2327 ,
1795 2280 1897 2317 resti-

1081 2345 1192 2382 terint
1220 2356 1350 2383 omnes
1372 2342 1642 2395 Archiepiscopi
1667 2351 1703 2382 et
1724 2343 1895 2396 Episcopi

1081 2412 1186 2461 graeci
1224 2410 1312 2449 huic
1350 2409 1548 2459 clausulae3
1583 2411 1658 2447 imo
1696 2406 1893 2463 Synodum

1078 2488 1238 2529 graecam
1272 2483 1373 2514 tanta
1408 2477 1523 2514 animi
1559 2477 1746 2513 aversione
1774 2482 1893 2514 actam

1080 2542 1193 2580 fuisse
1223 2550 1349 2581 contra
1381 2541 1581 2579 Ecclesiam
1614 2542 1817 2588 russicam,
1853 2547 1894 2577 ut

1081 2607 1203 2659 plures
1225 2608 1420 2660 Episcopi,
1444 2609 1510 2660 qui
1534 2608 1634 2659 prius
1656 2606 1795 2657 pileum
1816 2616 1894 2643 rus-

1081 2675 1200 2712 sicum
1232 2672 1475 2720 deferebant,
1500 2674 1538 2711 in
1562 2673 1711 2723 signum
1734 2669 1889 2708 detesta-

1081 2740 1191 2777 tionis
1209 2751 1295 2777 eum
1315 2739 1561 2784 deseruerint,
1589 2743 1631 2773 ut
1653 2734 1804 2787 Synodo
1831 2736 1890 2773 in.-

1083 2812 1275 2844 terressent
1297 2804 1391 2855 pileo
1407 2816 1533 2856 graeco.
1549 2801 1701 2839 interim
1719 2814 1781 2851 per
1792 2800 1891 2839 hanc

1081 2868 1276 2922 Synodum
1305 2868 1464 2907 Ecclesia
1499 2879 1611 2918 graeca
1644 2879 1680 2904 se
1711 2865 1888 2903 subduxit

1077 2935 1325 2988 jurisdictioni
1376 2929 1590 2985 patriarchae
1641 2933 1888 2970 constantino-

1079 3000 1232 3052 politani
1246 3029 1259 3051 ,
1286 2999 1380 3039 sicut
1404 2999 1511 3037 annis
1532 3000 1703 3037 anteactis
1726 2997 1886 3036 Ecclesia
