<?xml version="1.0" encoding="UTF-8"?>
<!DOCTYPE html PUBLIC "-//W3C//DTD XHTML 1.0 Transitional//EN"
    "http://www.w3.org/TR/xhtml1/DTD/xhtml1-transitional.dtd">
<html xmlns="http://www.w3.org/1999/xhtml" xml:lang="en" lang="en">
 <head>
  <title>
</title>
<meta http-equiv="Content-Type" content="text/html;charset=utf-8" />
  <meta name='ocr-system' content='tesseract 3.04.00' />
  <meta name='ocr-capabilities' content='ocr_page ocr_carea ocr_par ocr_line ocrx_word'/>
</head>
<body>
  <div class='ocr_page' id='page_1' title='image "./praelectionestheo08perruoft/praelectionestheo08perruoft_0032.png"; bbox 0 0 2028 3354; ppageno 0'>
   <div class='ocr_carea' id='block_1_1' title="bbox 219 194 281 241">
    <p class='ocr_par' dir='ltr' id='par_1_1' title="bbox 219 194 281 241">
     <span class='ocr_line' id='line_1_1' title="bbox 219 194 281 241; baseline 0 0"><span class='ocrx_word' id='word_1_1' title='bbox 219 194 281 241; x_wconf 74' lang='lat'>20</span> 
     </span>
    </p>
   </div>
   <div class='ocr_carea' id='block_1_2' title="bbox 695 209 1426 241">
    <p class='ocr_par' dir='ltr' id='par_1_2' title="bbox 695 209 1426 241">
     <span class='ocr_line' id='line_1_2' title="bbox 695 209 1426 241; baseline 0 -1"><span class='ocrx_word' id='word_1_2' title='bbox 695 210 848 240; x_wconf 73' lang='lat' dir='ltr'><strong>TRAGT.</strong></span> <span class='ocrx_word' id='word_1_3' title='bbox 889 210 944 239; x_wconf 82' lang='lat' dir='ltr'>DE</span> <span class='ocrx_word' id='word_1_4' title='bbox 978 209 1096 241; x_wconf 77' lang='lat' dir='ltr'>Locls</span> <span class='ocrx_word' id='word_1_5' title='bbox 1133 210 1426 241; x_wconf 73' lang='lat' dir='ltr'><strong>THEOLOGIGIS.</strong></span> 
     </span>
    </p>
   </div>
   <div class='ocr_carea' id='block_1_3' title="bbox 207 320 1908 2202">
    <p class='ocr_par' dir='ltr' id='par_1_3' title="bbox 207 320 1908 2202">
     <span class='ocr_line' id='line_1_3' title="bbox 218 320 1897 389; baseline 0 -15"><span class='ocrx_word' id='word_1_6' title='bbox 218 335 350 385; x_wconf 64' lang='lat' dir='ltr'>cata,</span> <span class='ocrx_word' id='word_1_7' title='bbox 379 326 603 388; x_wconf 82' lang='lat' dir='ltr'><strong>originem</strong></span> <span class='ocrx_word' id='word_1_8' title='bbox 634 320 763 367; x_wconf 83' lang='lat' dir='ltr'>dedit</span> <span class='ocrx_word' id='word_1_9' title='bbox 794 322 1000 386; x_wconf 89' lang='lat' dir='ltr'>primum</span> <span class='ocrx_word' id='word_1_10' title='bbox 1029 325 1267 389; x_wconf 80' lang='lat' dir='ltr'>evangelio</span> <span class='ocrx_word' id='word_1_11' title='bbox 1298 340 1495 372; x_wconf 82' lang='lat' dir='ltr'>aramaeo</span> <span class='ocrx_word' id='word_1_12' title='bbox 1514 360 1528 383; x_wconf 89' lang='lat'>,</span> <span class='ocrx_word' id='word_1_13' title='bbox 1554 324 1724 373; x_wconf 85' lang='lat' dir='ltr'>deinde</span> <span class='ocrx_word' id='word_1_14' title='bbox 1746 342 1897 376; x_wconf 81' lang='lat' dir='ltr'>evan-</span> 
     </span>
     <span class='ocr_line' id='line_1_4' title="bbox 219 398 1898 466; baseline 0 -17"><span class='ocrx_word' id='word_1_15' title='bbox 219 403 346 466; x_wconf 81' lang='lat' dir='ltr'>geliis</span> <span class='ocrx_word' id='word_1_16' title='bbox 363 400 551 463; x_wconf 84' lang='lat' dir='ltr'>reliquis</span> <span class='ocrx_word' id='word_1_17' title='bbox 570 433 584 456; x_wconf 64' lang='lat'>7</span> <span class='ocrx_word' id='word_1_18' title='bbox 615 414 695 444; x_wconf 89' lang='lat' dir='ltr'>seu</span> <span class='ocrx_word' id='word_1_19' title='bbox 715 398 1057 445; x_wconf 79' lang='lat' dir='ltr'>narrationibus</span> <span class='ocrx_word' id='word_1_20' title='bbox 1076 400 1135 446; x_wconf 91' lang='lat' dir='ltr'>de</span> <span class='ocrx_word' id='word_1_21' title='bbox 1160 399 1329 447; x_wconf 80' lang='lat' dir='ltr'>Christi</span> <span class='ocrx_word' id='word_1_22' title='bbox 1352 401 1456 447; x_wconf 91' lang='lat' dir='ltr'>fatis</span> <span class='ocrx_word' id='word_1_23' title='bbox 1476 400 1737 466; x_wconf 69' lang='lat' dir='ltr'>effatisque,</span> <span class='ocrx_word' id='word_1_24' title='bbox 1759 411 1898 466; x_wconf 90' lang='lat' dir='ltr'>prout</span> 
     </span>
     <span class='ocr_line' id='line_1_5' title="bbox 216 473 1895 539; baseline 0 -15"><span class='ocrx_word' id='word_1_25' title='bbox 216 477 368 524; x_wconf 86' lang='lat' dir='ltr'>adhuc</span> <span class='ocrx_word' id='word_1_26' title='bbox 387 477 608 539; x_wconf 83' lang='lat' dir='ltr'>leguntur</span> <span class='ocrx_word' id='word_1_27' title='bbox 618 476 755 535; x_wconf 80' lang='lat' dir='ltr'>juxta</span> <span class='ocrx_word' id='word_1_28' title='bbox 775 473 922 520; x_wconf 88' lang='lat' dir='ltr'>varias</span> <span class='ocrx_word' id='word_1_29' title='bbox 938 508 951 533; x_wconf 72' lang='grc'>.,</span> <span class='ocrx_word' id='word_1_30' title='bbox 987 489 1088 538; x_wconf 81' lang='lat' dir='ltr'>quae</span> <span class='ocrx_word' id='word_1_31' title='bbox 1121 474 1561 524; x_wconf 71' lang='lat' dir='ltr'><strong>circumferebantur</strong></span> <span class='ocrx_word' id='word_1_32' title='bbox 1578 513 1590 537; x_wconf 67' lang='grc'><em>,</em></span> <span class='ocrx_word' id='word_1_33' title='bbox 1624 476 1895 535; x_wconf 67' lang='lat' dir='ltr'>traditiones</span> 
     </span>
     <span class='ocr_line' id='line_1_6' title="bbox 216 548 1893 618; baseline 0 -17"><span class='ocrx_word' id='word_1_34' title='bbox 216 571 271 601; x_wconf 85' lang='lat' dir='ltr'>ex</span> <span class='ocrx_word' id='word_1_35' title='bbox 298 554 424 599; x_wconf 85' lang='lat' dir='ltr'>fonte</span> <span class='ocrx_word' id='word_1_36' title='bbox 448 548 758 614; x_wconf 71' lang='lat' dir='ltr'>mythologice</span> <span class='ocrx_word' id='word_1_37' title='bbox 781 548 1027 596; x_wconf 84' lang='lat' dir='ltr'>derivatas.</span> <span class='ocrx_word' id='word_1_38' title='bbox 1064 549 1115 594; x_wconf 86' lang='lat'>50</span> <span class='ocrx_word' id='word_1_39' title='bbox 1141 551 1283 596; x_wconf 88' lang='lat' dir='ltr'>Prout</span> <span class='ocrx_word' id='word_1_40' title='bbox 1311 558 1464 599; x_wconf 89' lang='lat' dir='ltr'>autem</span> <span class='ocrx_word' id='word_1_41' title='bbox 1486 553 1681 618; x_wconf 85' lang='lat' dir='ltr'>quisque</span> <span class='ocrx_word' id='word_1_42' title='bbox 1702 553 1893 601; x_wconf 87' lang='lat' dir='ltr'>affectus</span> 
     </span>
     <span class='ocr_line' id='line_1_7' title="bbox 218 623 1898 694; baseline 0.001 -20"><span class='ocrx_word' id='word_1_43' title='bbox 218 636 316 674; x_wconf 86' lang='lat' dir='ltr'>erat</span> <span class='ocrx_word' id='word_1_44' title='bbox 337 664 349 686; x_wconf 55' lang='lat' dir='ltr'>a</span> <span class='ocrx_word' id='word_1_45' title='bbox 390 625 467 672; x_wconf 87' lang='lat' dir='ltr'>alii</span> <span class='ocrx_word' id='word_1_46' title='bbox 505 634 705 688; x_wconf 82' lang='lat' dir='ltr'>systema</span> <span class='ocrx_word' id='word_1_47' title='bbox 734 623 1168 686; x_wconf 86' lang='lat' dir='ltr'>judaico-orientale</span> <span class='ocrx_word' id='word_1_48' title='bbox 1202 624 1262 671; x_wconf 83' lang='lat' dir='ltr'>ad</span> <span class='ocrx_word' id='word_1_49' title='bbox 1295 642 1507 674; x_wconf 88' lang='lat' dir='ltr'>normam</span> <span class='ocrx_word' id='word_1_50' title='bbox 1548 638 1744 694; x_wconf 84' lang='lat' dir='ltr'>receptae</span> <span class='ocrx_word' id='word_1_51' title='bbox 1786 638 1898 676; x_wconf 89' lang='lat' dir='ltr'>tunc</span> 
     </span>
     <span class='ocr_line' id='line_1_8' title="bbox 219 700 1897 767; baseline 0.001 -16"><span class='ocrx_word' id='word_1_52' title='bbox 219 701 441 767; x_wconf 87' lang='lat' dir='ltr'>temporis</span> <span class='ocrx_word' id='word_1_53' title='bbox 470 700 869 764; x_wconf 78' lang='lat' dir='ltr'>interpretationis</span> <span class='ocrx_word' id='word_1_54' title='bbox 908 708 1121 747; x_wconf 87' lang='lat' dir='ltr'>veterum</span> <span class='ocrx_word' id='word_1_55' title='bbox 1152 709 1314 747; x_wconf 86' lang='lat' dir='ltr'>vatum</span> <span class='ocrx_word' id='word_1_56' title='bbox 1342 713 1679 765; x_wconf 67' lang='lat' dir='ltr'>exposuerunt,</span> <span class='ocrx_word' id='word_1_57' title='bbox 1710 704 1779 751; x_wconf 89' lang='lat' dir='ltr'>uti</span> <span class='ocrx_word' id='word_1_58' title='bbox 1802 713 1897 752; x_wconf 91' lang='lat' dir='ltr'>tres</span> 
     </span>
     <span class='ocr_line' id='line_1_9' title="bbox 216 775 1899 844; baseline 0.001 -19"><span class='ocrx_word' id='word_1_59' title='bbox 216 779 392 844; x_wconf 82' lang='lat' dir='ltr'>priores</span> <span class='ocrx_word' id='word_1_60' title='bbox 404 776 717 840; x_wconf 70' lang='lat' dir='ltr'>evangelistae,</span> <span class='ocrx_word' id='word_1_61' title='bbox 736 775 814 841; x_wconf 85' lang='lat' dir='ltr'>qui</span> <span class='ocrx_word' id='word_1_62' title='bbox 827 784 1090 840; x_wconf 67' lang='lat' dir='ltr'>propterea,</span> <span class='ocrx_word' id='word_1_63' title='bbox 1108 790 1408 841; x_wconf 79' lang='lat' dir='ltr'>quaecumque</span> <span class='ocrx_word' id='word_1_64' title='bbox 1426 776 1484 824; x_wconf 89' lang='lat' dir='ltr'>de</span> <span class='ocrx_word' id='word_1_65' title='bbox 1504 779 1661 842; x_wconf 87' lang='lat' dir='ltr'>populi</span> <span class='ocrx_word' id='word_1_66' title='bbox 1671 780 1899 827; x_wconf 76' lang='lat' dir='ltr'>israelitici</span> 
     </span>
     <span class='ocr_line' id='line_1_10' title="bbox 207 851 1899 918; baseline 0 -17"><span class='ocrx_word' id='word_1_67' title='bbox 207 854 541 918; x_wconf 68' lang='lat' dir='ltr'>personifi&#39;eati</span> <span class='ocrx_word' id='word_1_68' title='bbox 580 851 755 899; x_wconf 86' lang='lat' dir='ltr'>vicibus</span> <span class='ocrx_word' id='word_1_69' title='bbox 793 859 922 899; x_wconf 86' lang='lat' dir='ltr'>vates</span> <span class='ocrx_word' id='word_1_70' title='bbox 966 851 1278 916; x_wconf 83' lang='lat' dir='ltr'>praedicarunt</span> <span class='ocrx_word' id='word_1_71' title='bbox 1304 887 1316 910; x_wconf 74' lang='grc'>.,</span> <span class='ocrx_word' id='word_1_72' title='bbox 1366 852 1454 916; x_wconf 90' lang='lat' dir='ltr'>ipsi</span> <span class='ocrx_word' id='word_1_73' title='bbox 1491 856 1899 903; x_wconf 77' lang='lat' dir='ltr'>accommodarunt</span> 
     </span>
     <span class='ocr_line' id='line_1_11' title="bbox 218 928 1897 992; baseline 0.001 -15"><span class='ocrx_word' id='word_1_74' title='bbox 218 930 403 978; x_wconf 89' lang='lat' dir='ltr'>Christo</span> <span class='ocrx_word' id='word_1_75' title='bbox 431 931 567 989; x_wconf 80' lang='lat' dir='ltr'>Jesu3</span> <span class='ocrx_word' id='word_1_76' title='bbox 610 928 726 976; x_wconf 86' lang='lat' dir='ltr'>alius</span> <span class='ocrx_word' id='word_1_77' title='bbox 766 937 951 987; x_wconf 74' lang='lat' dir='ltr'>autem,</span> <span class='ocrx_word' id='word_1_78' title='bbox 999 944 1171 991; x_wconf 90' lang='lat' dir='ltr'>nempe</span> <span class='ocrx_word' id='word_1_79' title='bbox 1207 928 1409 974; x_wconf 86' lang='lat' dir='ltr'>Joannes</span> <span class='ocrx_word' id='word_1_80' title='bbox 1430 964 1443 986; x_wconf 74' lang='lat'><strong>‚</strong></span> <span class='ocrx_word' id='word_1_81' title='bbox 1492 938 1691 992; x_wconf 75' lang='lat' dir='ltr'>systema</span> <span class='ocrx_word' id='word_1_82' title='bbox 1720 940 1897 978; x_wconf 89' lang='lat' dir='ltr'>secutus</span> 
     </span>
     <span class='ocr_line' id='line_1_12' title="bbox 217 1002 1898 1070; baseline 0 -17"><span class='ocrx_word' id='word_1_83' title='bbox 217 1003 640 1069; x_wconf 80' lang='lat' dir='ltr'>graeco-orientale‚</span> <span class='ocrx_word' id='word_1_84' title='bbox 669 1012 834 1068; x_wconf 84' lang='lat' dir='ltr'>utpote</span> <span class='ocrx_word' id='word_1_85' title='bbox 856 1002 981 1068; x_wconf 83' lang='lat' dir='ltr'>apud</span> <span class='ocrx_word' id='word_1_86' title='bbox 1004 1003 1210 1050; x_wconf 85' lang='lat' dir='ltr'>asiaticos</span> <span class='ocrx_word' id='word_1_87' title='bbox 1236 1012 1546 1051; x_wconf 84' lang='lat' dir='ltr'>commoratus</span> <span class='ocrx_word' id='word_1_88' title='bbox 1574 1014 1712 1069; x_wconf 87' lang='lat' dir='ltr'>atque</span> <span class='ocrx_word' id='word_1_89' title='bbox 1732 1006 1781 1052; x_wconf 92' lang='lat' dir='ltr'>in</span> <span class='ocrx_word' id='word_1_90' title='bbox 1800 1006 1898 1070; x_wconf 87' lang='lat' dir='ltr'>ipsa</span> 
     </span>
     <span class='ocr_line' id='line_1_13' title="bbox 216 1078 1901 1138; baseline 0.001 -10"><span class='ocrx_word' id='word_1_91' title='bbox 216 1082 371 1129; x_wconf 88' lang='lat' dir='ltr'>schola</span> <span class='ocrx_word' id='word_1_92' title='bbox 406 1079 717 1128; x_wconf 77' lang='lat' dir='ltr'>Alexandrina</span> <span class='ocrx_word' id='word_1_93' title='bbox 753 1079 1017 1138; x_wconf 78' lang='lat' dir='ltr'>institutus,</span> <span class='ocrx_word' id='word_1_94' title='bbox 1053 1078 1282 1126; x_wconf 88' lang='lat' dir='ltr'>visibilem</span> <span class='ocrx_word' id='word_1_95' title='bbox 1310 1080 1459 1126; x_wconf 87' lang='lat' dir='ltr'>Deum</span> <span class='ocrx_word' id='word_1_96' title='bbox 1496 1080 1546 1126; x_wconf 90' lang='lat' dir='ltr'>in</span> <span class='ocrx_word' id='word_1_97' title='bbox 1574 1080 1757 1127; x_wconf 87' lang='lat' dir='ltr'>Christo</span> <span class='ocrx_word' id='word_1_98' title='bbox 1788 1083 1901 1129; x_wconf 82' lang='lat' dir='ltr'>Jesu</span> 
     </span>
     <span class='ocr_line' id='line_1_14' title="bbox 217 1154 1900 1206; baseline -0.001 -2"><span class='ocrx_word' id='word_1_99' title='bbox 217 1155 476 1206; x_wconf 84' lang='lat' dir='ltr'>visibilibus</span> <span class='ocrx_word' id='word_1_100' title='bbox 505 1156 687 1203; x_wconf 80' lang='lat' dir='ltr'>Graeciae</span> <span class='ocrx_word' id='word_1_101' title='bbox 714 1154 800 1201; x_wconf 88' lang='lat' dir='ltr'>diis</span> <span class='ocrx_word' id='word_1_102' title='bbox 823 1155 1077 1201; x_wconf 86' lang='lat' dir='ltr'>substituit.</span> <span class='ocrx_word' id='word_1_103' title='bbox 1107 1154 1159 1200; x_wconf 82' lang='grc' dir='ltr'>6ο</span> <span class='ocrx_word' id='word_1_104' title='bbox 1186 1154 1335 1202; x_wconf 87' lang='lat' dir='ltr'>Facile</span> <span class='ocrx_word' id='word_1_105' title='bbox 1368 1164 1524 1203; x_wconf 89' lang='lat' dir='ltr'>autem</span> <span class='ocrx_word' id='word_1_106' title='bbox 1552 1155 1641 1202; x_wconf 89' lang='lat' dir='ltr'>fuit</span> <span class='ocrx_word' id='word_1_107' title='bbox 1670 1173 1697 1202; x_wconf 88' lang='lat' dir='ltr'>a</span> <span class='ocrx_word' id='word_1_108' title='bbox 1717 1157 1900 1203; x_wconf 90' lang='lat' dir='ltr'>Christo</span> 
     </span>
     <span class='ocr_line' id='line_1_15' title="bbox 216 1229 1901 1295; baseline -0.001 -15"><span class='ocrx_word' id='word_1_109' title='bbox 216 1233 276 1280; x_wconf 87' lang='lat' dir='ltr'>ad</span> <span class='ocrx_word' id='word_1_110' title='bbox 307 1232 570 1279; x_wconf 88' lang='lat' dir='ltr'>institutam</span> <span class='ocrx_word' id='word_1_111' title='bbox 594 1230 846 1295; x_wconf 86' lang='lat' dir='ltr'>quamdam</span> <span class='ocrx_word' id='word_1_112' title='bbox 868 1229 926 1276; x_wconf 84' lang='lat' dir='ltr'>ab</span> <span class='ocrx_word' id='word_1_113' title='bbox 954 1247 1008 1277; x_wconf 92' lang='lat' dir='ltr'>eo</span> <span class='ocrx_word' id='word_1_114' title='bbox 1037 1230 1304 1277; x_wconf 83' lang='lat' dir='ltr'>societatem</span> <span class='ocrx_word' id='word_1_115' title='bbox 1334 1247 1413 1277; x_wconf 87' lang='lat' dir='ltr'>seu</span> <span class='ocrx_word' id='word_1_116' title='bbox 1437 1232 1685 1278; x_wconf 85' lang='lat' dir='ltr'>Ecclesiam</span> <span class='ocrx_word' id='word_1_117' title='bbox 1703 1232 1901 1295; x_wconf 77' lang='lat' dir='ltr'>gradum</span> 
     </span>
     <span class='ocr_line' id='line_1_16' title="bbox 217 1305 1899 1372; baseline 0 -17"><span class='ocrx_word' id='word_1_118' title='bbox 217 1310 394 1367; x_wconf 76' lang='lat' dir='ltr'>facere3</span> <span class='ocrx_word' id='word_1_119' title='bbox 431 1316 479 1355; x_wconf 90' lang='lat' dir='ltr'>et</span> <span class='ocrx_word' id='word_1_120' title='bbox 508 1322 609 1372; x_wconf 81' lang='lat' dir='ltr'>quae</span> <span class='ocrx_word' id='word_1_121' title='bbox 640 1307 700 1353; x_wconf 90' lang='lat' dir='ltr'>de</span> <span class='ocrx_word' id='word_1_122' title='bbox 729 1321 968 1370; x_wconf 70' lang='lat' dir='ltr'>synagogae</span> <span class='ocrx_word' id='word_1_123' title='bbox 1001 1305 1395 1365; x_wconf 69' lang='lat' dir='ltr'>institutionibus,</span> <span class='ocrx_word' id='word_1_124' title='bbox 1427 1306 1616 1366; x_wconf 69' lang='lat' dir='ltr'>ritibus,</span> <span class='ocrx_word' id='word_1_125' title='bbox 1646 1308 1899 1371; x_wconf 75' lang='lat' dir='ltr'>regimine,</span> 
     </span>
     <span class='ocr_line' id='line_1_17' title="bbox 219 1382 1899 1448; baseline -0.002 -16"><span class='ocrx_word' id='word_1_126' title='bbox 219 1383 475 1433; x_wconf 85' lang='lat' dir='ltr'>hierarchia</span> <span class='ocrx_word' id='word_1_127' title='bbox 498 1420 510 1442; x_wconf 62' lang='lat'><em>7</em></span> <span class='ocrx_word' id='word_1_128' title='bbox 550 1382 804 1430; x_wconf 85' lang='lat' dir='ltr'>sacerdotio</span> <span class='ocrx_word' id='word_1_129' title='bbox 840 1382 1089 1428; x_wconf 85' lang='lat' dir='ltr'>constituta</span> <span class='ocrx_word' id='word_1_130' title='bbox 1127 1391 1286 1442; x_wconf 68' lang='lat' dir='ltr'>erant,</span> <span class='ocrx_word' id='word_1_131' title='bbox 1324 1391 1426 1429; x_wconf 89' lang='lat' dir='ltr'>tum</span> <span class='ocrx_word' id='word_1_132' title='bbox 1463 1401 1567 1448; x_wconf 85' lang='lat' dir='ltr'>quae</span> <span class='ocrx_word' id='word_1_133' title='bbox 1602 1382 1660 1430; x_wconf 91' lang='lat' dir='ltr'>de</span> <span class='ocrx_word' id='word_1_134' title='bbox 1693 1382 1899 1445; x_wconf 85' lang='lat' dir='ltr'>ejusdem</span> 
     </span>
     <span class='ocr_line' id='line_1_18' title="bbox 220 1457 1902 1526; baseline -0.001 -19"><span class='ocrx_word' id='word_1_135' title='bbox 220 1459 469 1526; x_wconf 87' lang='lat' dir='ltr'>temporali</span> <span class='ocrx_word' id='word_1_136' title='bbox 492 1457 635 1521; x_wconf 82' lang='lat' dir='ltr'>gloria</span> <span class='ocrx_word' id='word_1_137' title='bbox 659 1474 709 1504; x_wconf 91' lang='lat' dir='ltr'>ac</span> <span class='ocrx_word' id='word_1_138' title='bbox 740 1461 978 1519; x_wconf 78' lang='lat' dir='ltr'>maJ&#39;esta&#39;te</span> <span class='ocrx_word' id='word_1_139' title='bbox 1001 1457 1185 1503; x_wconf 89' lang='lat' dir='ltr'>fuerant</span> <span class='ocrx_word' id='word_1_140' title='bbox 1209 1457 1427 1522; x_wconf 82' lang='lat' dir='ltr'>praedicta</span> <span class='ocrx_word' id='word_1_141' title='bbox 1439 1492 1456 1515; x_wconf 82' lang='lat'><em>,</em></span> <span class='ocrx_word' id='word_1_142' title='bbox 1482 1468 1585 1505; x_wconf 87' lang='lat' dir='ltr'>tum</span> <span class='ocrx_word' id='word_1_143' title='bbox 1611 1475 1713 1523; x_wconf 83' lang='lat' dir='ltr'>quae</span> <span class='ocrx_word' id='word_1_144' title='bbox 1737 1459 1797 1505; x_wconf 92' lang='lat' dir='ltr'>de</span> <span class='ocrx_word' id='word_1_145' title='bbox 1825 1475 1902 1506; x_wconf 87' lang='lat' dir='ltr'>re-</span> 
     </span>
     <span class='ocr_line' id='line_1_19' title="bbox 219 1532 1901 1601; baseline -0.001 -18"><span class='ocrx_word' id='word_1_146' title='bbox 219 1535 517 1601; x_wconf 84' lang='lat' dir='ltr'>generatione</span> <span class='ocrx_word' id='word_1_147' title='bbox 535 1532 782 1598; x_wconf 89' lang='lat' dir='ltr'>temporali</span> <span class='ocrx_word' id='word_1_148' title='bbox 803 1542 850 1580; x_wconf 89' lang='lat' dir='ltr'>et</span> <span class='ocrx_word' id='word_1_149' title='bbox 862 1532 1079 1580; x_wconf 87' lang='lat' dir='ltr'>felicitate</span> <span class='ocrx_word' id='word_1_150' title='bbox 1101 1534 1310 1579; x_wconf 87' lang='lat' dir='ltr'>omnium</span> <span class='ocrx_word' id='word_1_151' title='bbox 1329 1534 1537 1596; x_wconf 76' lang='lat' dir='ltr'>gentium</span> <span class='ocrx_word' id='word_1_152' title='bbox 1555 1551 1694 1599; x_wconf 89' lang='lat' dir='ltr'>opera</span> <span class='ocrx_word' id='word_1_153' title='bbox 1714 1536 1741 1581; x_wconf 88' lang='lat' dir='ltr'><strong>J</strong></span> <span class='ocrx_word' id='word_1_154' title='bbox 1746 1534 1901 1581; x_wconf 81' lang='lat' dir='ltr'>udaeo-</span> 
     </span>
     <span class='ocr_line' id='line_1_20' title="bbox 220 1607 1903 1671; baseline -0.002 -12"><span class='ocrx_word' id='word_1_155' title='bbox 220 1630 324 1659; x_wconf 86' lang='lat' dir='ltr'>rum</span> <span class='ocrx_word' id='word_1_156' title='bbox 350 1628 407 1658; x_wconf 82' lang='lat' dir='ltr'>ex</span> <span class='ocrx_word' id='word_1_157' title='bbox 435 1610 519 1657; x_wconf 88' lang='lat' dir='ltr'>Dei</span> <span class='ocrx_word' id='word_1_158' title='bbox 553 1609 812 1671; x_wconf 79' lang='lat' dir='ltr'>cognitione</span> <span class='ocrx_word' id='word_1_159' title='bbox 846 1617 978 1655; x_wconf 86' lang='lat' dir='ltr'>erant</span> <span class='ocrx_word' id='word_1_160' title='bbox 1010 1607 1287 1655; x_wconf 87' lang='lat' dir='ltr'>denunciata</span> <span class='ocrx_word' id='word_1_161' title='bbox 1331 1608 1524 1656; x_wconf 85' lang='lat' dir='ltr'>Abrahae</span> <span class='ocrx_word' id='word_1_162' title='bbox 1557 1619 1603 1656; x_wconf 93' lang='lat' dir='ltr'>et</span> <span class='ocrx_word' id='word_1_163' title='bbox 1634 1608 1778 1656; x_wconf 84' lang='lat' dir='ltr'>Jacob</span> <span class='ocrx_word' id='word_1_164' title='bbox 1801 1645 1814 1669; x_wconf 77' lang='grc'><em>,</em></span> <span class='ocrx_word' id='word_1_165' title='bbox 1852 1610 1903 1657; x_wconf 89' lang='lat' dir='ltr'>in</span> 
     </span>
     <span class='ocr_line' id='line_1_21' title="bbox 219 1683 1904 1735; baseline -0.001 -1"><span class='ocrx_word' id='word_1_166' title='bbox 219 1688 430 1735; x_wconf 85' lang='lat' dir='ltr'>fictitiam</span> <span class='ocrx_word' id='word_1_167' title='bbox 447 1685 568 1731; x_wconf 88' lang='lat' dir='ltr'>hanc</span> <span class='ocrx_word' id='word_1_168' title='bbox 588 1685 757 1731; x_wconf 87' lang='lat' dir='ltr'>Christi</span> <span class='ocrx_word' id='word_1_169' title='bbox 784 1683 1028 1731; x_wconf 87' lang='lat' dir='ltr'>Ecclesiam</span> <span class='ocrx_word' id='word_1_170' title='bbox 1051 1683 1270 1730; x_wconf 84' lang='lat' dir='ltr'>translata</span> <span class='ocrx_word' id='word_1_171' title='bbox 1294 1693 1419 1731; x_wconf 87' lang='lat' dir='ltr'>sunt.</span> <span class='ocrx_word' id='word_1_172' title='bbox 1454 1686 1507 1732; x_wconf 83' lang='grc' dir='ltr'>7Ο</span> <span class='ocrx_word' id='word_1_173' title='bbox 1527 1685 1711 1731; x_wconf 88' lang='lat' dir='ltr'>Semina</span> <span class='ocrx_word' id='word_1_174' title='bbox 1736 1685 1904 1732; x_wconf 81' lang='lat' dir='ltr'>exinde</span> 
     </span>
     <span class='ocr_line' id='line_1_22' title="bbox 219 1759 1904 1826; baseline -0.002 -16"><span class='ocrx_word' id='word_1_175' title='bbox 219 1764 386 1810; x_wconf 84' lang='lat' dir='ltr'>futurae</span> <span class='ocrx_word' id='word_1_176' title='bbox 409 1760 762 1820; x_wconf 81' lang='lat' dir='ltr'>dominationis,</span> <span class='ocrx_word' id='word_1_177' title='bbox 791 1759 1073 1806; x_wconf 89' lang='lat' dir='ltr'>auctoritatis</span> <span class='ocrx_word' id='word_1_178' title='bbox 1092 1795 1104 1818; x_wconf 77' lang='grc'><em>,</em></span> <span class='ocrx_word' id='word_1_179' title='bbox 1132 1759 1276 1805; x_wconf 89' lang='lat' dir='ltr'>immo</span> <span class='ocrx_word' id='word_1_180' title='bbox 1304 1768 1350 1806; x_wconf 92' lang='lat' dir='ltr'>et</span> <span class='ocrx_word' id='word_1_181' title='bbox 1370 1759 1635 1807; x_wconf 87' lang='lat' dir='ltr'>ambitionis</span> <span class='ocrx_word' id='word_1_182' title='bbox 1662 1777 1713 1807; x_wconf 88' lang='lat' dir='ltr'>ac</span> <span class='ocrx_word' id='word_1_183' title='bbox 1733 1769 1904 1826; x_wconf 89' lang='lat' dir='ltr'>poten-</span> 
     </span>
     <span class='ocr_line' id='line_1_23' title="bbox 220 1834 1904 1901; baseline -0.002 -15"><span class='ocrx_word' id='word_1_184' title='bbox 220 1841 425 1901; x_wconf 82' lang='lat' dir='ltr'>tiaejacta</span> <span class='ocrx_word' id='word_1_185' title='bbox 445 1845 581 1894; x_wconf 62' lang='lat' dir='ltr'>suntg</span> <span class='ocrx_word' id='word_1_186' title='bbox 603 1836 826 1900; x_wconf 82' lang='lat' dir='ltr'>temporis</span> <span class='ocrx_word' id='word_1_187' title='bbox 851 1844 1007 1881; x_wconf 87' lang='lat' dir='ltr'>autem</span> <span class='ocrx_word' id='word_1_188' title='bbox 1034 1835 1165 1900; x_wconf 81' lang='lat' dir='ltr'>lapsu</span> <span class='ocrx_word' id='word_1_189' title='bbox 1183 1834 1368 1882; x_wconf 86' lang='lat' dir='ltr'>evoluta</span> <span class='ocrx_word' id='word_1_190' title='bbox 1384 1871 1396 1893; x_wconf 68' lang='lat' dir='ltr'><strong>a</strong></span> <span class='ocrx_word' id='word_1_191' title='bbox 1418 1853 1475 1882; x_wconf 82' lang='lat' dir='ltr'>cx</span> <span class='ocrx_word' id='word_1_192' title='bbox 1496 1836 1689 1900; x_wconf 73' lang='lat' dir='ltr'>mystica</span> <span class='ocrx_word' id='word_1_193' title='bbox 1707 1845 1752 1883; x_wconf 90' lang='lat' dir='ltr'>et</span> <span class='ocrx_word' id='word_1_194' title='bbox 1773 1837 1904 1901; x_wconf 88' lang='lat' dir='ltr'>spiri·</span> 
     </span>
     <span class='ocr_line' id='line_1_24' title="bbox 221 1910 1902 1977; baseline -0.001 -16"><span class='ocrx_word' id='word_1_195' title='bbox 221 1915 336 1961; x_wconf 87' lang='lat' dir='ltr'>tuali</span> <span class='ocrx_word' id='word_1_196' title='bbox 370 1912 670 1970; x_wconf 78' lang='lat' dir='ltr'>auctoritate,</span> <span class='ocrx_word' id='word_1_197' title='bbox 691 1927 792 1976; x_wconf 81' lang='lat' dir='ltr'>quae</span> <span class='ocrx_word' id='word_1_198' title='bbox 810 1910 939 1976; x_wconf 86' lang='lat' dir='ltr'>prius</span> <span class='ocrx_word' id='word_1_199' title='bbox 966 1911 1144 1969; x_wconf 74' lang='lat' dir='ltr'>fuerat,</span> <span class='ocrx_word' id='word_1_200' title='bbox 1174 1911 1225 1957; x_wconf 90' lang='lat' dir='ltr'>in</span> <span class='ocrx_word' id='word_1_201' title='bbox 1244 1919 1481 1958; x_wconf 86' lang='lat' dir='ltr'>terrenam</span> <span class='ocrx_word' id='word_1_202' title='bbox 1514 1921 1561 1959; x_wconf 92' lang='lat' dir='ltr'>et</span> <span class='ocrx_word' id='word_1_203' title='bbox 1593 1912 1902 1977; x_wconf 78' lang='lat' dir='ltr'>temporalem</span> 
     </span>
     <span class='ocr_line' id='line_1_25' title="bbox 221 1986 1908 2052; baseline 0 -17"><span class='ocrx_word' id='word_1_204' title='bbox 221 1990 393 2037; x_wconf 87' lang='lat' dir='ltr'>iterum</span> <span class='ocrx_word' id='word_1_205' title='bbox 417 1987 603 2051; x_wconf 83' lang='lat' dir='ltr'>delapsa</span> <span class='ocrx_word' id='word_1_206' title='bbox 626 1995 694 2033; x_wconf 86' lang='lat' dir='ltr'>est</span> <span class='ocrx_word' id='word_1_207' title='bbox 716 2007 728 2045; x_wconf 82' lang='lat'>3</span> <span class='ocrx_word' id='word_1_208' title='bbox 760 1988 823 2033; x_wconf 87' lang='lat' dir='ltr'>ita</span> <span class='ocrx_word' id='word_1_209' title='bbox 845 1995 897 2032; x_wconf 88' lang='lat' dir='ltr'>ut</span> <span class='ocrx_word' id='word_1_210' title='bbox 917 1986 1140 2049; x_wconf 85' lang='lat' dir='ltr'>ejusmodi</span> <span class='ocrx_word' id='word_1_211' title='bbox 1171 1987 1393 2052; x_wconf 89' lang='lat' dir='ltr'>temporis</span> <span class='ocrx_word' id='word_1_212' title='bbox 1422 1987 1664 2034; x_wconf 90' lang='lat' dir='ltr'>auctoritas</span> <span class='ocrx_word' id='word_1_213' title='bbox 1686 1997 1733 2034; x_wconf 91' lang='lat' dir='ltr'>et</span> <span class='ocrx_word' id='word_1_214' title='bbox 1755 1996 1908 2052; x_wconf 89' lang='lat' dir='ltr'>potes-</span> 
     </span>
     <span class='ocr_line' id='line_1_26' title="bbox 224 2062 1901 2130; baseline -0.001 -18"><span class='ocrx_word' id='word_1_215' title='bbox 224 2074 290 2112; x_wconf 86' lang='lat' dir='ltr'>tas</span> <span class='ocrx_word' id='word_1_216' title='bbox 313 2062 634 2130; x_wconf 82' lang='lat' dir='ltr'>provocaverit</span> <span class='ocrx_word' id='word_1_217' title='bbox 657 2062 939 2108; x_wconf 85' lang='lat' dir='ltr'>reactionem</span> <span class='ocrx_word' id='word_1_218' title='bbox 964 2063 1014 2108; x_wconf 88' lang='lat' dir='ltr'>in</span> <span class='ocrx_word' id='word_1_219' title='bbox 1044 2079 1092 2110; x_wconf 89' lang='lat' dir='ltr'>se</span> <span class='ocrx_word' id='word_1_220' title='bbox 1111 2063 1507 2127; x_wconf 78' lang='lat' dir='ltr'>protestantismi7</span> <span class='ocrx_word' id='word_1_221' title='bbox 1537 2073 1674 2128; x_wconf 84' lang='lat' dir='ltr'>prout</span> <span class='ocrx_word' id='word_1_222' title='bbox 1702 2063 1798 2128; x_wconf 83' lang='lat' dir='ltr'>ipsa</span> <span class='ocrx_word' id='word_1_223' title='bbox 1823 2064 1901 2110; x_wconf 86' lang='lat' dir='ltr'>Ec·</span> 
     </span>
     <span class='ocr_line' id='line_1_27' title="bbox 225 2138 1816 2202; baseline -0.003 -13"><span class='ocrx_word' id='word_1_224' title='bbox 225 2141 357 2189; x_wconf 85' lang='lat' dir='ltr'>clesia</span> <span class='ocrx_word' id='word_1_225' title='bbox 382 2139 631 2186; x_wconf 82' lang='lat' dir='ltr'>christiana</span> <span class='ocrx_word' id='word_1_226' title='bbox 655 2138 703 2183; x_wconf 86' lang='lat' dir='ltr'>in</span> <span class='ocrx_word' id='word_1_227' title='bbox 730 2155 1006 2202; x_wconf 79' lang='lat' dir='ltr'>synagogam</span> <span class='ocrx_word' id='word_1_228' title='bbox 1026 2138 1207 2200; x_wconf 87' lang='lat' dir='ltr'>jamdiu</span> <span class='ocrx_word' id='word_1_229' title='bbox 1229 2138 1542 2186; x_wconf 80' lang='lat' dir='ltr'>insurrexerat</span> <span class='ocrx_word' id='word_1_230' title='bbox 1566 2139 1654 2202; x_wconf 89' lang='lat'>(1).</span> <span class='ocrx_word' id='word_1_231' title='bbox 1688 2138 1816 2201; x_wconf 80' lang='lat' dir='ltr'>Ergo.</span> 
     </span>
    </p>
   </div>
   <div class='ocr_carea' id='block_1_4' title="bbox 222 2266 1026 2388">
    <p class='ocr_par' dir='ltr' id='par_1_4' title="bbox 222 2266 1026 2388">
     <span class='ocr_line' id='line_1_28' title="bbox 277 2266 1026 2323; baseline -0.003 -13"><span class='ocrx_word' id='word_1_232' title='bbox 277 2272 333 2323; x_wconf 87' lang='lat'>(1)</span> <span class='ocrx_word' id='word_1_233' title='bbox 349 2271 405 2310; x_wconf 87' lang='lat' dir='ltr'>Ita</span> <span class='ocrx_word' id='word_1_234' title='bbox 419 2266 662 2319; x_wconf 79' lang='lat' dir='ltr'>Strauss,Vie</span> <span class='ocrx_word' id='word_1_235' title='bbox 674 2268 720 2307; x_wconf 85' lang='lat' dir='ltr'>de</span> <span class='ocrx_word' id='word_1_236' title='bbox 728 2270 853 2318; x_wconf 73' lang='lat' dir='ltr'>Jews,</span> <span class='ocrx_word' id='word_1_237' title='bbox 867 2282 914 2307; x_wconf 89' lang='lat' dir='ltr'>ou</span> <span class='ocrx_word' id='word_1_238' title='bbox 922 2267 1026 2308; x_wconf 66' lang='lat' dir='ltr'>Exa-</span> 
     </span>
     <span class='ocr_line' id='line_1_29' title="bbox 222 2334 1025 2388; baseline -0.004 -12"><span class='ocrx_word' id='word_1_239' title='bbox 222 2349 309 2377; x_wconf 80' lang='lat' dir='ltr'>men</span> <span class='ocrx_word' id='word_1_240' title='bbox 327 2337 490 2388; x_wconf 76' lang='lat' dir='ltr'>critique</span> <span class='ocrx_word' id='word_1_241' title='bbox 510 2334 555 2373; x_wconf 88' lang='lat' dir='ltr'>de</span> <span class='ocrx_word' id='word_1_242' title='bbox 573 2347 642 2374; x_wconf 82' lang='lat' dir='ltr'>son</span> <span class='ocrx_word' id='word_1_243' title='bbox 667 2334 844 2383; x_wconf 76' lang='lat' dir='ltr'>histoire,</span> <span class='ocrx_word' id='word_1_244' title='bbox 866 2335 1025 2373; x_wconf 75' lang='lat' dir='ltr'>traduat.</span> 
     </span>
    </p>
   </div>
   <div class='ocr_carea' id='block_1_5' title="bbox 1095 2269 1940 2387">
    <p class='ocr_par' dir='ltr' id='par_1_5' title="bbox 1095 2269 1940 2387">
     <span class='ocr_line' id='line_1_30' title="bbox 1095 2269 1903 2322; baseline 0.002 -15"><span class='ocrx_word' id='word_1_245' title='bbox 1095 2271 1163 2317; x_wconf 86' lang='lat' dir='ltr'>sit,</span> <span class='ocrx_word' id='word_1_246' title='bbox 1188 2277 1268 2307; x_wconf 85' lang='lat' dir='ltr'>nter</span> <span class='ocrx_word' id='word_1_247' title='bbox 1293 2270 1451 2321; x_wconf 85' lang='lat' dir='ltr'>palmam</span> <span class='ocrx_word' id='word_1_248' title='bbox 1488 2269 1589 2308; x_wconf 81' lang='lat' dir='ltr'>alteri</span> <span class='ocrx_word' id='word_1_249' title='bbox 1619 2271 1820 2322; x_wconf 86' lang='lat' dir='ltr'>eripuerit,</span> <span class='ocrx_word' id='word_1_250' title='bbox 1855 2273 1903 2309; x_wconf 88' lang='lat' dir='ltr'>si-</span> 
     </span>
     <span class='ocr_line' id='line_1_31' title="bbox 1096 2334 1940 2387; baseline 0.002 -15"><span class='ocrx_word' id='word_1_251' title='bbox 1096 2334 1247 2387; x_wconf 86' lang='lat' dir='ltr'>quidem</span> <span class='ocrx_word' id='word_1_252' title='bbox 1276 2342 1363 2373; x_wconf 87' lang='lat' dir='ltr'>sunt</span> <span class='ocrx_word' id='word_1_253' title='bbox 1393 2335 1504 2375; x_wconf 86' lang='lat' dir='ltr'>ambo</span> <span class='ocrx_word' id='word_1_254' title='bbox 1538 2337 1700 2386; x_wconf 85' lang='lat' dir='ltr'>pessimi.</span> <span class='ocrx_word' id='word_1_255' title='bbox 1730 2335 1905 2386; x_wconf 83' lang='lat' dir='ltr'>Quamvis</span> <span class='ocrx_word' id='word_1_256' title='bbox 1935 2340 1940 2344; x_wconf 88' lang='lat'>&#39;</span> 
     </span>
    </p>
   </div>
   <div class='ocr_carea' id='block_1_6' title="bbox 220 2398 1033 3101">
    <p class='ocr_par' dir='ltr' id='par_1_6' title="bbox 220 2398 1033 3101">
     <span class='ocr_line' id='line_1_32' title="bbox 223 2398 1027 2453; baseline -0.004 -13"><span class='ocrx_word' id='word_1_257' title='bbox 223 2402 270 2441; x_wconf 89' lang='lat' dir='ltr'>de</span> <span class='ocrx_word' id='word_1_258' title='bbox 282 2401 488 2440; x_wconf 78' lang='lat' dir='ltr'>l’allemand</span> <span class='ocrx_word' id='word_1_259' title='bbox 500 2415 566 2453; x_wconf 83' lang='lat' dir='ltr'>par</span> <span class='ocrx_word' id='word_1_260' title='bbox 577 2399 618 2438; x_wconf 89' lang='lat' dir='ltr'>E.</span> <span class='ocrx_word' id='word_1_261' title='bbox 636 2400 750 2438; x_wconf 75' lang='lat' dir='ltr'>Littre</span> <span class='ocrx_word' id='word_1_262' title='bbox 767 2430 777 2446; x_wconf 89' lang='lat'><strong>‚</strong></span> <span class='ocrx_word' id='word_1_263' title='bbox 792 2399 890 2438; x_wconf 87' lang='lat' dir='ltr'>Paris</span> <span class='ocrx_word' id='word_1_264' title='bbox 910 2398 1027 2452; x_wconf 79' lang='lat'>1839,</span> 
     </span>
     <span class='ocr_line' id='line_1_33' title="bbox 223 2462 1027 2518; baseline -0.002 -12"><span class='ocrx_word' id='word_1_265' title='bbox 223 2474 303 2506; x_wconf 86' lang='lat' dir='ltr'>tom</span> <span class='ocrx_word' id='word_1_266' title='bbox 321 2480 358 2512; x_wconf 86' lang='lat'>1,</span> <span class='ocrx_word' id='word_1_267' title='bbox 383 2474 478 2517; x_wconf 83' lang='lat' dir='ltr'>part.</span> <span class='ocrx_word' id='word_1_268' title='bbox 508 2479 549 2511; x_wconf 86' lang='lat'>1,</span> <span class='ocrx_word' id='word_1_269' title='bbox 576 2478 660 2518; x_wconf 84' lang='lat' dir='ltr'>pag.</span> <span class='ocrx_word' id='word_1_270' title='bbox 690 2462 741 2504; x_wconf 81' lang='lat'>35</span> <span class='ocrx_word' id='word_1_271' title='bbox 765 2473 800 2503; x_wconf 86' lang='lat' dir='ltr'>et</span> <span class='ocrx_word' id='word_1_272' title='bbox 833 2467 928 2503; x_wconf 87' lang='lat' dir='ltr'>suiv.</span> <span class='ocrx_word' id='word_1_273' title='bbox 958 2465 1027 2504; x_wconf 84' lang='lat'>105</span> 
     </span>
     <span class='ocr_line' id='line_1_34' title="bbox 223 2527 1030 2581; baseline -0.006 -10"><span class='ocrx_word' id='word_1_274' title='bbox 223 2540 260 2571; x_wconf 87' lang='lat' dir='ltr'>et</span> <span class='ocrx_word' id='word_1_275' title='bbox 282 2533 397 2581; x_wconf 86' lang='lat' dir='ltr'>suiv.;</span> <span class='ocrx_word' id='word_1_276' title='bbox 419 2538 455 2568; x_wconf 88' lang='lat' dir='ltr'>et</span> <span class='ocrx_word' id='word_1_277' title='bbox 480 2528 657 2569; x_wconf 74' lang='lat' dir='ltr'>Salvador</span> <span class='ocrx_word' id='word_1_278' title='bbox 672 2556 684 2575; x_wconf 90' lang='lat'>,</span> <span class='ocrx_word' id='word_1_279' title='bbox 724 2542 787 2581; x_wconf 86' lang='lat' dir='ltr'>op.</span> <span class='ocrx_word' id='word_1_280' title='bbox 807 2531 876 2570; x_wconf 86' lang='lat' dir='ltr'>cit.</span> <span class='ocrx_word' id='word_1_281' title='bbox 900 2527 1030 2567; x_wconf 71' lang='lat' dir='ltr'>Jesue-</span> 
     </span>
     <span class='ocr_line' id='line_1_35' title="bbox 226 2593 1027 2641; baseline -0.004 -4"><span class='ocrx_word' id='word_1_282' title='bbox 226 2596 358 2637; x_wconf 71' lang='lat' dir='ltr'>Christ</span> <span class='ocrx_word' id='word_1_283' title='bbox 395 2601 430 2633; x_wconf 79' lang='lat' dir='ltr'>et</span> <span class='ocrx_word' id='word_1_284' title='bbox 461 2608 505 2634; x_wconf 75' lang='lat' dir='ltr'>sa</span> <span class='ocrx_word' id='word_1_285' title='bbox 537 2594 709 2633; x_wconf 80' lang='lat' dir='ltr'>doctrine</span> <span class='ocrx_word' id='word_1_286' title='bbox 731 2623 742 2641; x_wconf 87' lang='lat'>,</span> <span class='ocrx_word' id='word_1_287' title='bbox 774 2593 874 2632; x_wconf 86' lang='lat' dir='ltr'>Paris</span> <span class='ocrx_word' id='word_1_288' title='bbox 913 2593 1027 2635; x_wconf 83' lang='lat'>1838.</span> 
     </span>
     <span class='ocr_line' id='line_1_36' title="bbox 223 2658 1027 2715; baseline -0.004 -15"><span class='ocrx_word' id='word_1_289' title='bbox 223 2662 365 2715; x_wconf 78' lang='lat' dir='ltr'>Nempe</span> <span class='ocrx_word' id='word_1_290' title='bbox 388 2659 517 2699; x_wconf 81' lang='lat' dir='ltr'>eodem</span> <span class='ocrx_word' id='word_1_291' title='bbox 545 2668 708 2711; x_wconf 88' lang='lat' dir='ltr'>tempore</span> <span class='ocrx_word' id='word_1_292' title='bbox 728 2658 802 2697; x_wconf 87' lang='lat' dir='ltr'>duo</span> <span class='ocrx_word' id='word_1_293' title='bbox 821 2661 1027 2711; x_wconf 81' lang='lat' dir='ltr'>scriptores,</span> 
     </span>
     <span class='ocr_line' id='line_1_37' title="bbox 223 2725 1029 2779; baseline -0.002 -12"><span class='ocrx_word' id='word_1_294' title='bbox 223 2728 313 2767; x_wconf 82' lang='lat' dir='ltr'>alter</span> <span class='ocrx_word' id='word_1_295' title='bbox 343 2733 547 2779; x_wconf 84' lang='lat' dir='ltr'>protestans</span> <span class='ocrx_word' id='word_1_296' title='bbox 566 2754 577 2775; x_wconf 88' lang='lat'><em>‚</em></span> <span class='ocrx_word' id='word_1_297' title='bbox 611 2725 753 2777; x_wconf 74' lang='lat' dir='ltr'>judaeus</span> <span class='ocrx_word' id='word_1_298' title='bbox 786 2725 899 2773; x_wconf 87' lang='lat' dir='ltr'>alter,</span> <span class='ocrx_word' id='word_1_299' title='bbox 931 2739 1029 2765; x_wconf 84' lang='lat' dir='ltr'>vaca-</span> 
     </span>
     <span class='ocr_line' id='line_1_38' title="bbox 222 2788 1030 2843; baseline -0.006 -10"><span class='ocrx_word' id='word_1_300' title='bbox 222 2792 315 2833; x_wconf 81' lang='lat' dir='ltr'>bant</span> <span class='ocrx_word' id='word_1_301' title='bbox 347 2792 537 2843; x_wconf 82' lang='lat' dir='ltr'>scriptioni</span> <span class='ocrx_word' id='word_1_302' title='bbox 567 2792 648 2830; x_wconf 84' lang='lat' dir='ltr'>vitae</span> <span class='ocrx_word' id='word_1_303' title='bbox 682 2788 820 2830; x_wconf 83' lang='lat' dir='ltr'>Christi</span> <span class='ocrx_word' id='word_1_304' title='bbox 853 2789 966 2840; x_wconf 87' lang='lat' dir='ltr'>Jesu,</span> <span class='ocrx_word' id='word_1_305' title='bbox 995 2798 1030 2830; x_wconf 86' lang='lat' dir='ltr'>et</span> 
     </span>
     <span class='ocr_line' id='line_1_39' title="bbox 225 2854 1029 2905; baseline -0.004 -7"><span class='ocrx_word' id='word_1_306' title='bbox 225 2854 409 2900; x_wconf 78' lang='lat' dir='ltr'>decertare</span> <span class='ocrx_word' id='word_1_307' title='bbox 446 2859 541 2897; x_wconf 84' lang='lat' dir='ltr'>iuter</span> <span class='ocrx_word' id='word_1_308' title='bbox 570 2870 608 2895; x_wconf 79' lang='lat' dir='ltr'>se</span> <span class='ocrx_word' id='word_1_309' title='bbox 650 2855 871 2896; x_wconf 77' lang='lat' dir='ltr'>videbantur</span> <span class='ocrx_word' id='word_1_310' title='bbox 888 2886 898 2905; x_wconf 97' lang='lat'>,</span> <span class='ocrx_word' id='word_1_311' title='bbox 948 2864 1029 2895; x_wconf 86' lang='lat' dir='ltr'>uter</span> 
     </span>
     <span class='ocr_line' id='line_1_40' title="bbox 225 2910 1029 2974; baseline -0.004 -11"><span class='ocrx_word' id='word_1_312' title='bbox 225 2910 379 2964; x_wconf 78' lang='lat' dir='ltr'>alterum</span> <span class='ocrx_word' id='word_1_313' title='bbox 391 2924 439 2960; x_wconf 84' lang='lat' dir='ltr'>im</span> <span class='ocrx_word' id='word_1_314' title='bbox 445 2923 577 2974; x_wconf 82' lang='lat' dir='ltr'>pietate</span> <span class='ocrx_word' id='word_1_315' title='bbox 589 2930 775 2974; x_wconf 78' lang='lat' dir='ltr'>superaret</span> <span class='ocrx_word' id='word_1_316' title='bbox 784 2923 823 2960; x_wconf 86' lang='lat' dir='ltr'>in</span> <span class='ocrx_word' id='word_1_317' title='bbox 834 2921 1029 2961; x_wconf 83' lang='lat' dir='ltr'>evertenda</span> 
     </span>
     <span class='ocr_line' id='line_1_41' title="bbox 224 2986 1030 3039; baseline -0.004 -11"><span class='ocrx_word' id='word_1_318' title='bbox 224 2989 417 3028; x_wconf 81' lang='lat' dir='ltr'>christiana</span> <span class='ocrx_word' id='word_1_319' title='bbox 442 2986 642 3039; x_wconf 83' lang='lat' dir='ltr'>religione;</span> <span class='ocrx_word' id='word_1_320' title='bbox 675 3001 717 3026; x_wconf 85' lang='lat' dir='ltr'>eo</span> <span class='ocrx_word' id='word_1_321' title='bbox 744 3000 829 3025; x_wconf 84' lang='lat' dir='ltr'>vero</span> <span class='ocrx_word' id='word_1_322' title='bbox 862 3000 1030 3027; x_wconf 83' lang='lat' dir='ltr'>successu</span> 
     </span>
     <span class='ocr_line' id='line_1_42' title="bbox 220 3052 1033 3101; baseline -0.001 -8"><span class='ocrx_word' id='word_1_323' title='bbox 220 3069 276 3100; x_wconf 67' lang='lat' dir='ltr'>res</span> <span class='ocrx_word' id='word_1_324' title='bbox 296 3053 426 3093; x_wconf 86' lang='lat' dir='ltr'>iisdem</span> <span class='ocrx_word' id='word_1_325' title='bbox 452 3052 603 3101; x_wconf 74' lang='lat' dir='ltr'>accidit,</span> <span class='ocrx_word' id='word_1_326' title='bbox 642 3061 682 3091; x_wconf 88' lang='lat' dir='ltr'>ut</span> <span class='ocrx_word' id='word_1_327' title='bbox 705 3054 887 3092; x_wconf 82' lang='lat' dir='ltr'>incertum</span> <span class='ocrx_word' id='word_1_328' title='bbox 911 3053 1033 3092; x_wconf 82' lang='lat' dir='ltr'>adhuc</span> 
     </span>
    </p>
   </div>
   <div class='ocr_carea' id='block_1_7' title="bbox 1095 2400 1908 3028">
    <p class='ocr_par' dir='ltr' id='par_1_7' title="bbox 1095 2400 1908 3028">
     <span class='ocr_line' id='line_1_43' title="bbox 1099 2400 1904 2453; baseline 0.002 -16"><span class='ocrx_word' id='word_1_329' title='bbox 1099 2413 1183 2438; x_wconf 83' lang='lat' dir='ltr'>vero</span> <span class='ocrx_word' id='word_1_330' title='bbox 1199 2400 1324 2452; x_wconf 85' lang='lat' dir='ltr'>quoad</span> <span class='ocrx_word' id='word_1_331' title='bbox 1345 2402 1398 2438; x_wconf 87' lang='lat' dir='ltr'>rei</span> <span class='ocrx_word' id='word_1_332' title='bbox 1414 2414 1597 2439; x_wconf 76' lang='lat' dir='ltr'>summam</span> <span class='ocrx_word' id='word_1_333' title='bbox 1611 2408 1646 2439; x_wconf 88' lang='lat' dir='ltr'>et</span> <span class='ocrx_word' id='word_1_334' title='bbox 1664 2415 1819 2453; x_wconf 88' lang='lat' dir='ltr'>scopum</span> <span class='ocrx_word' id='word_1_335' title='bbox 1835 2401 1904 2441; x_wconf 81' lang='lat' dir='ltr'>sibi</span> 
     </span>
     <span class='ocr_line' id='line_1_44' title="bbox 1096 2466 1905 2517; baseline 0.004 -15"><span class='ocrx_word' id='word_1_336' title='bbox 1096 2466 1321 2517; x_wconf 82' lang='lat' dir='ltr'>propositum</span> <span class='ocrx_word' id='word_1_337' title='bbox 1346 2466 1442 2503; x_wconf 83' lang='lat' dir='ltr'>inter</span> <span class='ocrx_word' id='word_1_338' title='bbox 1466 2479 1505 2504; x_wconf 88' lang='lat' dir='ltr'>se</span> <span class='ocrx_word' id='word_1_339' title='bbox 1533 2467 1784 2511; x_wconf 84' lang='lat' dir='ltr'>conveniant,</span> <span class='ocrx_word' id='word_1_340' title='bbox 1815 2480 1905 2505; x_wconf 89' lang='lat' dir='ltr'>con-</span> 
     </span>
     <span class='ocr_line' id='line_1_45' title="bbox 1097 2532 1906 2581; baseline 0.002 -14"><span class='ocrx_word' id='word_1_341' title='bbox 1097 2532 1246 2568; x_wconf 82' lang='lat' dir='ltr'>trariam</span> <span class='ocrx_word' id='word_1_342' title='bbox 1267 2538 1392 2569; x_wconf 85' lang='lat' dir='ltr'>tamen</span> <span class='ocrx_word' id='word_1_343' title='bbox 1409 2532 1505 2569; x_wconf 82' lang='lat' dir='ltr'>viam</span> <span class='ocrx_word' id='word_1_344' title='bbox 1523 2533 1689 2570; x_wconf 87' lang='lat' dir='ltr'>inierunt</span> <span class='ocrx_word' id='word_1_345' title='bbox 1703 2533 1743 2570; x_wconf 85' lang='lat' dir='ltr'>in</span> <span class='ocrx_word' id='word_1_346' title='bbox 1771 2532 1906 2581; x_wconf 87' lang='lat' dir='ltr'>princi-</span> 
     </span>
     <span class='ocr_line' id='line_1_46' title="bbox 1098 2594 1908 2646; baseline 0.002 -14"><span class='ocrx_word' id='word_1_347' title='bbox 1098 2594 1169 2646; x_wconf 87' lang='lat' dir='ltr'>piis</span> <span class='ocrx_word' id='word_1_348' title='bbox 1193 2596 1408 2635; x_wconf 79' lang='lat' dir='ltr'>statuendis.</span> <span class='ocrx_word' id='word_1_349' title='bbox 1438 2595 1584 2635; x_wconf 78' lang='lat' dir='ltr'>Etenim</span> <span class='ocrx_word' id='word_1_350' title='bbox 1614 2595 1790 2635; x_wconf 84' lang='lat' dir='ltr'>Salvador</span> <span class='ocrx_word' id='word_1_351' title='bbox 1814 2598 1908 2634; x_wconf 87' lang='lat' dir='ltr'>veri-</span> 
     </span>
     <span class='ocr_line' id='line_1_47' title="bbox 1100 2659 1906 2714; baseline 0.002 -16"><span class='ocrx_word' id='word_1_352' title='bbox 1100 2668 1209 2700; x_wconf 82' lang='lat' dir='ltr'>tatem</span> <span class='ocrx_word' id='word_1_353' title='bbox 1223 2661 1431 2700; x_wconf 83' lang='lat' dir='ltr'>historicam</span> <span class='ocrx_word' id='word_1_354' title='bbox 1439 2662 1710 2714; x_wconf 82' lang='lat' dir='ltr'>evangeliorum</span> <span class='ocrx_word' id='word_1_355' title='bbox 1720 2659 1906 2700; x_wconf 79' lang='lat' dir='ltr'>velutiba-</span> 
     </span>
     <span class='ocr_line' id='line_1_48' title="bbox 1097 2724 1905 2778; baseline 0.001 -14"><span class='ocrx_word' id='word_1_356' title='bbox 1097 2727 1164 2764; x_wconf 86' lang='lat' dir='ltr'>sim</span> <span class='ocrx_word' id='word_1_357' title='bbox 1177 2739 1249 2765; x_wconf 72' lang='lat' dir='ltr'>suae</span> <span class='ocrx_word' id='word_1_358' title='bbox 1259 2726 1509 2778; x_wconf 75' lang='lat' dir='ltr'>inquisitionis</span> <span class='ocrx_word' id='word_1_359' title='bbox 1517 2726 1714 2776; x_wconf 76' lang='lat' dir='ltr'>assumpsit</span> <span class='ocrx_word' id='word_1_360' title='bbox 1735 2738 1746 2776; x_wconf 84' lang='lat'>3</span> <span class='ocrx_word' id='word_1_361' title='bbox 1760 2724 1905 2765; x_wconf 71' lang='lat' dir='ltr'>Sti-ause</span> 
     </span>
     <span class='ocr_line' id='line_1_49' title="bbox 1097 2794 1902 2845; baseline 0.002 -15"><span class='ocrx_word' id='word_1_362' title='bbox 1097 2797 1223 2830; x_wconf 85' lang='lat' dir='ltr'>autem</span> <span class='ocrx_word' id='word_1_363' title='bbox 1254 2806 1334 2832; x_wconf 87' lang='lat' dir='ltr'>eam</span> <span class='ocrx_word' id='word_1_364' title='bbox 1351 2794 1499 2845; x_wconf 83' lang='lat' dir='ltr'>rejecit,</span> <span class='ocrx_word' id='word_1_365' title='bbox 1521 2794 1596 2832; x_wconf 87' lang='lat' dir='ltr'>imo</span> <span class='ocrx_word' id='word_1_366' title='bbox 1622 2799 1781 2831; x_wconf 81' lang='lat' dir='ltr'>evertere</span> <span class='ocrx_word' id='word_1_367' title='bbox 1799 2794 1902 2832; x_wconf 78' lang='lat' dir='ltr'>nisus</span> 
     </span>
     <span class='ocr_line' id='line_1_50' title="bbox 1097 2856 1902 2910; baseline 0.002 -15"><span class='ocrx_word' id='word_1_368' title='bbox 1097 2865 1171 2905; x_wconf 88' lang='lat' dir='ltr'>est,</span> <span class='ocrx_word' id='word_1_369' title='bbox 1203 2865 1243 2896; x_wconf 88' lang='lat' dir='ltr'>ut</span> <span class='ocrx_word' id='word_1_370' title='bbox 1276 2858 1475 2910; x_wconf 80' lang='lat' dir='ltr'>mythicam</span> <span class='ocrx_word' id='word_1_371' title='bbox 1507 2859 1541 2895; x_wconf 86' lang='lat' dir='ltr'>ei</span> <span class='ocrx_word' id='word_1_372' title='bbox 1563 2856 1681 2895; x_wconf 79' lang='lat' dir='ltr'>basim</span> <span class='ocrx_word' id='word_1_373' title='bbox 1706 2856 1902 2897; x_wconf 80' lang='lat' dir='ltr'>sufficeret.</span> 
     </span>
     <span class='ocr_line' id='line_1_51' title="bbox 1095 2921 1903 2976; baseline 0.002 -16"><span class='ocrx_word' id='word_1_374' title='bbox 1095 2921 1156 2962; x_wconf 90' lang='lat' dir='ltr'>Sic</span> <span class='ocrx_word' id='word_1_375' title='bbox 1178 2925 1325 2976; x_wconf 87' lang='lat' dir='ltr'>utrique</span> <span class='ocrx_word' id='word_1_376' title='bbox 1347 2924 1584 2963; x_wconf 85' lang='lat' dir='ltr'>inveniuntur</span> <span class='ocrx_word' id='word_1_377' title='bbox 1603 2922 1684 2961; x_wconf 80' lang='lat' dir='ltr'>falsi</span> <span class='ocrx_word' id='word_1_378' title='bbox 1710 2930 1817 2964; x_wconf 76' lang='lat' dir='ltr'>testes</span> <span class='ocrx_word' id='word_1_379' title='bbox 1838 2923 1903 2963; x_wconf 78' lang='lat' dir='ltr'>ad-</span> 
     </span>
     <span class='ocr_line' id='line_1_52' title="bbox 1096 2988 1381 3028; baseline -0.004 -1"><span class='ocrx_word' id='word_1_380' title='bbox 1096 3001 1221 3028; x_wconf 82' lang='lat' dir='ltr'>versus</span> <span class='ocrx_word' id='word_1_381' title='bbox 1237 2988 1381 3028; x_wconf 82' lang='lat' dir='ltr'>Jesum.</span> 
     </span>
    </p>
   </div>
  </div>
 </body>
</html>
