2028 3354
1676 169 1770 216 189

446 186 569 217 PART.
606 187 640 214 1.
679 187 777 216 CAP.
816 186 884 214 111.
923 186 976 214 DE
1011 185 1226 214 ECCLESIAE
1259 185 1399 215 NOTls.

155 301 264 349 300.
302 301 372 348 Ad
419 301 514 358 3¹¹¹,
572 301 698 347 Dist.
748 316 885 346 sensu
921 299 1276 363 uniuscujusque
1311 300 1493 364 privato
1526 301 1731 366 exposita
1753 337 1768 360 ⁷

90 395 244 432 conc.,·
273 395 298 424 a
319 376 519 442 legitima
546 376 849 433 auctoritate,
882 392 985 438 neq.
1017 374 1188 421 Mirum
1220 384 1290 422 est
1320 377 1633 424 Protestantes
1665 387 1770 443 post

90 464 160 500 tot
204 453 459 501 seculorum
494 452 869 516 experimentum
911 451 1064 498 adhuc
1096 454 1270 512 jactare
1300 452 1583 517 Scripturam
1626 454 1770 502 veluti

91 547 357 595 supremum
390 529 807 578 controversiarum
838 528 1046 590 judicem
1084 543 1137 574 ac
1175 527 1384 575 tribunal
1418 529 1773 594 inappellabile,

91 625 196 654 cum
224 607 321 671 ipsa
352 623 408 652 ex
438 606 744 671 privatorum,
762 601 1146 668 interpretatione
1175 604 1338 667 quovis
1377 604 1529 651 seculo
1556 608 1770 654 omnium

90 681 447 740 discordiarum,
471 683 564 728 imo
592 691 638 728 et
656 681 893 728 haereseon
921 693 1092 742 parens
1112 673 1331 724 extiterit.
1355 679 1472 726 Cum
1501 681 1628 727 enim
1649 683 1770 729 Scri-

87 767 224 824 ptura
251 757 367 806 liber
389 759 447 805 sit
470 767 679 804 mortuus
696 792 709 814 ,
741 759 928 818 ejusque
948 753 1103 800 littera
1124 753 1323 813 occidat,
1349 763 1400 800 ut
1416 754 1626 820 loquitur
1648 760 1770 823 Apo-

88 834 254 894 stolus,
285 834 475 883 evidens
505 843 601 891 est,
626 831 746 878 illius
773 845 963 877 sensum
991 830 1115 876 inter
1143 830 1454 878 protestantes
1473 849 1498 878 a
1517 830 1771 895 subjectiva

88 911 446 974 uniuscujusque
467 908 760 976 persuasione
778 905 997 971 pendere.
1019 905 1216 970 Spiritus
1238 910 1334 968 ejus
1354 916 1466 954 tunc
1485 908 1636 956 solum
1660 911 1770 960 vivi-

86 985 191 1032 ficat
203 1022 216 1045 7
240 1003 347 1032 cum
365 985 610 1049 Scripturae
625 982 838 1044 adjicitur
854 982 1083 1045 legitimus
1102 990 1242 1046 atque
1259 982 1512 1031 infallibilis
1524 985 1769 1051 interpres.

87 1062 256 1108 Verum
280 1061 337 1108 de
362 1061 448 1107 hoc
479 1067 754 1123 argumento
788 1068 965 1123 postea.
990 1057 1120 1105 Idem
1150 1058 1224 1105 dic
1245 1060 1304 1107 de
1329 1059 1549 1124 symbolis
1570 1062 1657 1127 (in
1683 1063 1772 1128 hy-

85 1137 265 1203 pothesi
276 1136 401 1201 quod
412 1153 465 1183 ea
476 1134 785 1182 admittantur
798 1155 812 1193 ς
835 1134 1064 1200 siquidem
1079 1134 1289 1200 plerique
1303 1153 1357 1183 ea
1369 1154 1496 1183 nunc
1508 1139 1721 1201 reJ‘ieiunt
1736 1142 1773 1204 ),

87 1230 189 1277 quae
217 1229 323 1259 cum
353 1212 540 1258 nonnisi
567 1211 794 1276 implicite
829 1210 985 1275 plures
1006 1210 1221 1258 articulos
1256 1212 1556 1274 contineant,
1586 1214 1644 1262 de
1672 1215 1770 1263 aliis

85 1306 195 1336 vero
234 1287 374 1353 plane
412 1287 578 1334 sileant
614 1287 711 1352 (l)7
749 1288 802 1334 fit
835 1296 888 1334 ut
917 1288 1242 1335 controversiis
1284 1289 1542 1337 innumeris
1577 1309 1770 1359 campus

84 1382 267 1430 semper
284 1364 509 1413 latissime
529 1373 701 1430 pateat.

147 1441 259 1488 301.
300 1440 371 1488 Ad
391 1440 484 1501 411¹,
511 1443 635 1487 Dz'st.
666 1442 777 1498 Quae
807 1451 967 1488 tamen
997 1441 1183 1488 comitia
1215 1440 1344 1488 nulla
1385 1443 1638 1492 intrinseca
1687 1464 1770 1493 au-

84 1517 293 1563 ctoritate
311 1515 492 1580 pollent
510 1552 522 1572 ,
548 1515 630 1562 sed
650 1515 800 1562 solum
828 1517 1084 1563 extrinseca
1106 1525 1154 1563 et
1176 1517 1405 1564 directim
1417 1553 1434 1575 ,
1463 1528 1614 1567 trans.
1626 1538 1643 1574 ‚·
1665 1540 1769 1586 quae

85 1715 237 1754 tulimus
261 1715 307 1753 de
334 1712 408 1753 hoc
430 1723 659 1766 argumento.
686 1714 892 1753 Dissensio-

85 1794 192 1829 num,
207 1794 286 1833 qnae
300 1782 397 1819 inter
414 1781 703 1833 presbyterianos
717 1782 891 1820 Americae

85 1845 378 1897 septentrionalis
425 1848 665 1885 exardescunt
698 1876 709 1895 ‚
767 1861 892 1886 recens

87 1912 296 1962 exemplum
312 1912 423 1950 refert
439 1912 496 1950 Cl.
525 1912 685 1950 Kenrick
701 1941 715 1961 ,
738 1911 891 1964 coadju-

88 1987 143 2015 tor
164 1977 330 2029 Episcopi
349 1978 613 2030 philadelphiae
628 2006 642 2026 ,
670 1981 710 2016 in
728 1992 794 2031 op.
827 1981 890 2018 cit.

96 2042 134 2080 T
132 2042 308 2095 heoloqioe
358 2044 578 2095 doqmaticoe
607 2075 617 2092 ,
663 2045 890 2097 Philadelph.

96 2106 196 2162 1839
209 2141 223 2158 ‚
238 2117 344 2149 tract.
359 2124 409 2157 11,
439 2109 500 2148 De
522 2109 698 2150 Ecclesia
717 2141 727 2159 ‚
743 2126 825 2164 cap.
840 2111 865 2150 8
881 2143 892 2159 ,

91 2175 154 2212 De
164 2176 328 2214 unitatis
339 2176 485 2228 defectu
505 2180 545 2215 in
559 2179 681 2223 sectis,
696 2191 779 2228 pag.
803 2176 892 2228 184,

93 2239 290 2290 ubirefert,
304 2244 343 2280 in
354 2242 655 2281 calvinianorum
667 2244 822 2280 comitiis
832 2257 894 2293 ge-

93 2305 280 2343 neralibus
294 2335 305 2353 ,
323 2309 474 2359 singulis
500 2309 581 2347 fere
603 2311 724 2356 annis,
748 2314 895 2347 senten-

94 2372 162 2407 tias
177 2370 378 2410 obtinuisse
398 2382 432 2411 et
445 2374 609 2412 obtinere
624 2403 634 2420 ‚
659 2387 739 2425 quae
759 2374 895 2413 alterna

94 2440 172 2476 vice
197 2437 295 2475 illius
329 2437 462 2477 scholoe
497 2452 601 2477 novoe
617 2469 627 2486 ‚
654 2452 736 2491 quae
762 2454 783 2477 a
807 2453 896 2477 con-

93 2504 262 2542 fessionis
296 2504 353 2543 vel
380 2507 566 2556 principiis
593 2505 802 2557 longissime
829 2507 897 2544 ab-

93 2570 206 2608 scedit
234 2599 244 2617 ,
280 2570 338 2608 vel
370 2568 502 2607 acholoe
535 2572 651 2607 veteri
683 2571 896 2610 calviniana!

93 2636 230 2673 favent.
253 2634 375 2686 Quum
387 2643 507 2673 autem
520 2638 842 2675 commentationes
855 2638 895 2674 in

93 2700 292 2751 Epistolam
309 2701 355 2739 ad
370 2701 554 2740 Romanos
567 2731 577 2748 ‚
595 2716 615 2739 a
632 2702 791 2754 quodam
805 2702 893 2740 Bar-

93 2766 193 2803 nesio
228 2765 475 2818 Philadephiae
501 2776 584 2805 ante
613 2781 747 2818 paucos
779 2781 893 2806 annos

93 2830 224 2879 editae,
256 2832 430 2872 haereseos
466 2833 623 2872 fuissent
645 2833 888 2880 insimulatae,

91 2897 241 2947 ipseque
258 2911 298 2935 ex
316 2899 443 2949 synodi
460 2901 682 2937 auctoritate
699 2912 719 2936 a
742 2913 894 2938 munere

91 2962 310 3012 praedicandi
341 2978 536 3016 suspensus
560 2995 570 3013 ‚
610 2965 756 3004 comitia
779 2978 890 3015 gene-

955 1716 1042 1754 ralia
1064 1714 1261 1767 Pittsburgi
1284 1730 1381 1755 anno
1409 1716 1509 1757 1836
1532 1734 1618 1758 eum
1647 1720 1770 1759 absol-

955 1789 1112 1830 verunt3
1145 1795 1243 1819 anno
1273 1796 1356 1820 vero
1381 1784 1593 1836 insequenti
1622 1788 1769 1825 comitia

957 1847 1151 1897 generalia,
1173 1846 1436 1900 Philadelphiae
1457 1850 1582 1888 habita
1598 1881 1608 1898 ‚
1640 1866 1768 1891 omnes

958 1927 1065 1951 novae
1086 1913 1221 1952 scholae
1250 1915 1412 1954 fautores
1442 1925 1477 1954 et
1506 1918 1702 1967 ecclesias,
1728 1923 1768 1958 in

959 1978 1095 2032 quibus
1110 1994 1158 2018 eae
1180 1980 1533 2021 circumferebantur
1558 1986 1764 2036 opinioneS‚
1797 2035 1800 2040 s

959 2059 979 2083 a
999 2047 1179 2083 consortio
1209 2060 1275 2084 suo
1309 2046 1568 2098 absciderunt;
1605 2065 1677 2101 qua
1709 2066 1747 2089 ra

961 2112 1060 2148 tione
1095 2113 1257 2149 sexcenti
1289 2112 1365 2151 fere
1392 2113 1603 2163 evanqelici
1633 2129 1768 2166 praeco-

960 2192 1025 2216 nes
1058 2178 1168 2216 simul
1188 2179 1337 2218 abscissi
1365 2180 1551 2226 dicuntur.
1584 2182 1684 2221 Talis
1715 2194 1768 2223 est

960 2257 1027 2293 pax
1040 2249 1075 2280 et
1087 2244 1293 2292 concordia,
1313 2258 1395 2297 quae
1412 2248 1507 2284 inter
1523 2250 1690 2286 sectarios
1713 2250 1767 2288 ef-

960 2309 1133 2347 florescit.

1018 2372 1072 2422 (l)
1098 2373 1204 2413 Nihil
1226 2389 1314 2414 sane
1334 2378 1374 2414 in
1404 2378 1579 2429 symbolis
1603 2394 1767 2431 expresse

962 2438 1094 2477 dicitur
1105 2441 1151 2479 de
1160 2442 1434 2493 justificatione,
1449 2444 1493 2481 de
1506 2443 1764 2493 sacramentis,

961 2505 1007 2542 ‹le
1029 2507 1115 2543 reali
1148 2506 1281 2545 Christi
1315 2511 1507 2559 praesentia
1541 2511 1583 2548 in
1621 2511 1767 2551 Eucha-

961 2573 1061 2609 ristia
1086 2572 1238 2625 aliisque
1263 2576 1444 2626 ejusmodi
1474 2578 1665 2627 permultis
1684 2608 1695 2626 ‚
1721 2579 1768 2617 de

961 2637 1097 2690 quibus
1106 2643 1196 2678 acris
1216 2643 1311 2679 inter
1330 2641 1559 2690 Catholicos‚
1582 2646 1765 2696 atquein-

960 2712 1014 2741 ter
1049 2708 1216 2745 sectarios
1249 2707 1296 2745 ad
1334 2708 1492 2746 invicem
1526 2713 1770 2749 controversia

960 2777 1028 2807 est.
1048 2767 1234 2810 Soeiniani
1252 2772 1456 2811 abutuntur
1482 2775 1649 2826 symbolo
1681 2789 1770 2826 apo-

959 2836 1084 2874 stolico
1108 2837 1154 2875 ad
1178 2852 1241 2877 sua
1272 2852 1436 2889 perversa
1458 2839 1628 2891 dogmata
1650 2840 1771 2879 vindi-

959 2899 1093 2938 canda.
