2028 3354
218 158 313 206 322

712 174 870 203 TaAc'r.
911 175 965 203 DE
1001 175 1118 205 LOCIS
1152 176 1452 206 THEOtOGlms.

218 309 350 349 mus7
376 304 591 353 suprema
616 287 901 350 significatur
923 291 1136 352 potestas*
1151 291 1201 336 in
1218 291 1412 338 domurn
1429 328 1441 350 ‚
1463 295 1532 353 cuj
1540 309 1589 337 us
1611 291 1764 338 claves
1790 283 1946 345 alters
1972 341 1977 346 ,

218 367 483 415 traduntur.

285 442 397 488 479.
440 438 508 486 Ad
543 439 628 496 4¹1¹,
661 440 787 486 Dist.
820 438 997 500 Etiam,
1024 456 1182 495 conc.,·
1211 441 1360 490 solum
1383 480 1395 502 a
1428 462 1534 508 neq.
1574 445 1758 492 Etenim
1795 453 1952 510 post--

219 536 359 584 quam
378 516 586 578 objectus
604 515 739 562 nobis
766 524 930 562 auctor
957 516 1111 564 dixit:
1138 517 1285 564 Petra
1315 524 1443 566 enim
1477 521 1669 568 dicitur
1686 559 1699 576 ,
1730 538 1778 568 eo
1800 522 1930 585 quod
1975 556 1977 559 .
2007 519 2028 527 ‘⁷

210 598 413 659 primus
441 596 496 639 in
518 594 803 639 nationibus
815 592 936 655 fidei
948 594 1278 656 fundamenta
1297 601 1543 657 posuerit,
1566 598 1778 662 protinus
1802 635 1815 657 7
1846 597 1928 646 vix
1953 618 1956 621 ⁴

217 680 447 719 commate
465 669 766 734 interposito7
794 670 1093 734 prosequitur
1119 688 1128 715 :
1153 670 1222 717 Et
1250 679 1484 735 tanquam
1497 690 1672 720 samum
1684 675 1929 721 immobile

218 753 362 796 totius
386 750 541 810 operis
582 748 845 792 christiani
883 763 1156 809 compayem
1199 749 1461 811 molemque
1486 751 1737 797 contineat.
1778 751 1927 797 Petra

217 842 324 889 erqo
339 839 432 887 pro
466 824 704 869 devotione
722 821 899 869 Petrus
918 823 1105 870 dicitur
1121 861 1134 878 ,
1164 832 1208 869 et
1220 832 1364 886 petra
1376 842 1470 888 pro
1491 829 1666 872 virtute
1688 827 1930 874 Dominus

218 907 605 963 nuncupatur...
630 899 771 946 Recte
792 901 1086 945 consortium
1114 909 1328 946 meretur
1350 904 1563 949 nominis
1579 938 1591 961 7
1616 906 1708 964 qui
1733 918 1929 950 consor-

219 982 345 1024 tium
383 983 595 1022 meretur
637 982 680 1020 et
716 978 873 1036 operis
910 975 999 1038 (l).
1050 974 1156 1023 Ideo
1183 977 1321 1039 igitur
1355 980 1488 1039 juxta
1524 977 1650 1025 hunc
1692 988 1931 1026 auctorem

220 1055 384 1099 Petrus
421 1050 575 1103 dictus
612 1060 683 1097 est
701 1058 872 1113 petru,
910 1068 958 1097 eo
983 1053 1112 1113 quod
1131 1056 1330 1116 primus
1359 1058 1413 1099 in
1442 1057 1724 1102 nationibus
1743 1057 1930 1118 funda-

221 1138 381 1176 menta
410 1130 657 1192 posuerit,
692 1127 799 1191 quia
828 1130 928 1189 jam
963 1128 1238 1175 constitutus
1270 1137 1369 1176 erat
1401 1147 1425 1175 a
1450 1130 1635 1177 Christo
1673 1133 1849 1196 primas
1880 1133 1932 1179 in

220 1205 421 1253 Ecclesia
464 1221 545 1250 sua
567 1240 578 1263 ⁷
616 1212 664 1250 et
715 1202 924 1250 adinstar
970 1203 1223 1251 immobilis
1275 1205 1373 1252 saxi
1411 1207 1680 1254 universam
1729 1208 1934 1256 debebat

220 1281 472 1329 Ecclesiam
507 1297 560 1327 ex
598 1279 772 1327 virtute
805 1279 977 1326 Christi
1013 1281 1245 1327 sustinere
1277 1281 1360 1345 (2).
1396 1281 1530 1339 Quod
1559 1283 1597 1328 si
1617 1282 1933 1331 Tertullianus

218 1362 320 1420 jam
341 1357 632 1404 montanista
662 1356 717 1402 iis
740 1355 1018 1402 contradicit
1041 1391 1054 1415 ,
1091 1373 1192 1420 quae
1216 1356 1469 1403 catholicus
1499 1359 1771 1423 scripserat,
1791 1377 1932 1407 causa

223 1443 294 1482 est
323 1438 420 1496 eJus
450 1432 658 1498 capitalis
680 1449 811 1478 error
828 1468 839 1483 .
878 1430 1004 1496 quod
1027 1431 1197 1479 scilicet
1216 1450 1314 1479 non
1334 1434 1572 1481 transierit
1600 1433 1662 1481 ad
1684 1435 1935 1483 Ecclesiam

222 1519 428 1576 potestas
462 1527 487 1555 a
522 1508 707 1555 Christo
735 1510 873 1555 Petro
896 1518 943 1554 et
967 1508 1199 1573 Apostolis
1224 1509 1386 1558 collata
1410 1509 1583 1573 ligandi
1619 1521 1665 1558 et
1688 1512 1902 1560 solvendi
1920 1550 1932 1571 .,

222 1605 304 1634 seu
333 1584 607 1634 remittendi
630 1594 837 1650 peccata.
877 1585 1024 1632 Nimis
1064 1594 1310 1651 propterea
1342 1586 1563 1651 probaret
1581 1623 1594 1646 ‚
1629 1605 1771 1653 quam
1795 1589 1936 1637 vellet

223 1663 515 1712 adversarius
540 1661 628 1727 (3).
656 1661 768 1708 Ruit
797 1661 996 1726 proinde
1025 1663 1214 1727 Dupinii
1249 1662 1502 1712 conclusio.

291 1738 403 1786 480.
444 1736 561 1785 Inst.
587 1739 840 1802 Pet-peram
866 1756 922 1785 ex
943 1740 1064 1785 Joan
1087 1740 1193 1786 XXI
1220 1740 1431 1787 inserunt
1456 1757 1756 1789 romanenses
1791 1742 1936 1790 verbo

216 1832 415 1879 pascere
442 1814 688 1877 significari
716 1822 1000 1878 potestatem
1024 1815 1216 1879 regendi
1240 1825 1288 1862 et
1313 1816 1605 1880 gubernandi
1620 1852 1636 1874 ,
1660 1827 1708 1865 et
1745 1818 1935 1866 vocibus

218 1907 454 1955 'agnorum
480 1899 527 1937 et
556 1891 714 1937 ovium
749 1891 992 1938 universos
1019 1891 1252 1955 designari
1293 1893 1578 1941 Christianos
1594 1930 1609 1951 ,
1641 1897 1851 1959 pastores
1884 1912 1937 1942 ac

283 2112 333 2162 (l)
364 2110 475 2150 Tom.
503 2126 541 2157 v,
574 2124 650 2162 pag.
689 2109 790 2160 104,
835 2108 927 2159 105,
956 2125 1041 2163 opp.
1111 2113 1417 2152 annuntiaturus
1456 2115 1501 2151 id
1533 2116 1657 2167 ipsum
1695 2146 1705 2163 ‚
1743 2116 1844 2167 quod
1875 2116 1938 2155 hic

226 2177 265 2216 S.
294 2176 463 2215 Ambros.
477 2177 563 2215 edit.
589 2175 699 2214 Rom.
1105 2178 1360 2230 profitebatur
1378 2211 1388 2227 ,
1403 2193 1538 2233 nempe
1559 2179 1693 2219 Jesum
1723 2195 1801 2220 esse
1822 2182 1936 2221 Chri-

282 2243 334 2294 (2)
375 2243 445 2282 Hic
471 2242 625 2282 observo
646 2271 655 2288 ‚
678 2243 1041 2293 interpretationem,
1113 2251 1214 2281 stum
1230 2245 1476 2295 uniqenitum
1496 2243 1576 2284 Dei
1586 2246 1730 2297 silium.
1755 2247 1936 2287 Eamdem

228 2323 341 2362 quam
370 2308 515 2348 Palmer
534 2310 660 2347 asserit
688 2321 765 2346 esse
787 2307 1043 2358 probabilem,
1113 2313 1453 2361 interpretationem
1493 2314 1660 2364 sequitur
1697 2310 1864 2353 Kuinoel
1895 2316 1953 2366 in?

229 2388 473 2413 communem
513 2374 614 2425 apud
642 2372 885 2411 rationalistas
912 2374 1045 2412 saetam
1114 2376 1216 2413 hunc
1246 2376 1317 2413 loc.
1343 2377 1455 2415 etalii
1481 2379 1633 2427 passim.

230 2453 331 2483 esse;
365 2442 501 2478 etenim
524 2439 782 2477 Rosenmi‘iller
805 2441 857 2476 sio
877 2439 1048 2490 explanat
1172 2441 1226 2492 (3)
1256 2442 1313 2480 En
1337 2445 1416 2495 ejus
1436 2444 1545 2482 verba
1568 2474 1577 2491 ‚
1614 2459 1656 2483 ex
1683 2445 1752 2484 lib.
1780 2449 1844 2485 cit.
1869 2444 1932 2482 De

230 2508 312 2545 haec
338 2504 476 2543 Christi
504 2505 615 2544 verba
647 2517 658 2543 ε
687 2502 867 2556 Efficiam
899 2511 934 2543 te
959 2506 1048 2557 pri-

230 2585 336 2611 mum
354 2577 590 2609 constantem
615 2568 816 2620 reliqionis
847 2583 940 2608 meoe
958 2584 1048 2622 pro-

224 2638 405 2689 fessorem
421 2664 433 2683 ‚
474 2636 586 2687 cujus
622 2636 842 2673 ministerio
870 2634 1048 2675 Ecclesia

231 2717 315 2742 mea
340 2699 620 2753 fundabitur...
656 2699 788 2753 Quum
824 2713 910 2751 erqo
952 2701 1050 2741 dicit

235 2769 413 2808 Christus
425 2766 650 2817 οἰκοδομήσω
662 2797 673 2817 ,
701 2774 851 2819 tem-pus
862 2766 960 2806 illud
972 2782 1048 2807 res-

224 2837 347 2889 picit,
361 2847 434 2887 quo
452 2834 591 2873 Petrus
598 2835 756 2887 primus
776 2836 951 2873 omnium
969 2834 1048 2874 Ju-

230 2901 325 2940 doeis
342 2899 458 2952 (Act.
479 2913 508 2938 11
526 2929 536 2947 ‚
569 2898 669 2951 1431
686 2898 829 2951 seqq.)‚
852 2900 990 2939 deinde
1013 2908 1049 2940 et

228 2966 458 3018 alieniyenis
478 2964 494 3017 (
511 2963 600 3005 Act.
629 2978 653 3003 x
674 2995 684 3013 ‚
721 2972 758 3003 et
775 2980 820 3004 xv
838 2994 848 3013 ‚
885 2966 931 3017 7)
966 2972 1049 3006 erat

1111 2507 1281 2559 pudicit.
1304 2523 1389 2561 cap.
1419 2522 1463 2547 21
1487 2510 1603 2559 ‚edit.
1619 2510 1756 2563 Rigalt.
1773 2527 1812 2564 p.
1826 2509 1930 2564 574:

1117 2572 1224 2612 Adeo
1248 2574 1354 2612 nibil
1387 2575 1438 2612 ad
1460 2575 1597 2614 delicta
1615 2576 1791 2626 fidelium
1818 2578 1930 2627 capi-

1117 2638 1212 2678 talia
1225 2647 1391 2691 potestas
1416 2641 1588 2680 solvendi
1600 2649 1633 2680 et
1653 2640 1839 2692 alliqandi
1855 2638 1931 2680 Pe-

1117 2711 1175 2743 tro
1205 2707 1494 2758 enzancipata...
1543 2707 1656 2761 Quid
1685 2720 1789 2744 nunc
1821 2714 1856 2744 et
1881 2707 1934 2745 ad

1118 2768 1160 2807 E
1161 2769 1357 2817 eclesiam,
1380 2778 1416 2808 et
1424 2771 1580 2823 quidem
1595 2777 1716 2817 tuam,
1731 2772 1931 2823 psychice?

1115 2833 1340 2873 Secundum
1363 2838 1467 2874 enim
1499 2835 1607 2874 Petri
1623 2849 1828 2888 personam
1850 2840 1931 2890 spi·-

1115 2900 1298 2939 ruatibus
1317 2907 1482 2953 potestas
1511 2901 1580 2940 illa
1612 2904 1833 2951 conveniet,
1864 2911 1934 2942 aut

1116 2964 1296 3017 Apo-stolo
1311 2995 1323 3014 ,
1350 2973 1418 3006 aut
1433 2966 1643 3020 prophetae.
