2028 3354
1732 171 1821 219 531

432 188 556 220 PART.
592 188 625 215 1.
663 185 785 216 SECT.
823 186 874 216 11.
914 184 1011 216 GAP.
1049 183 1114 215 lv.
1149 184 1203 212 DE
1237 183 1380 214 noun.
1419 183 1541 214 Plum-

132 303 386 368 perhihens
418 324 432 349 .·
464 302 581 364 Ayz't
615 301 745 346 enim
776 307 982 362 utraque
1012 299 1206 360 forma,
1238 305 1326 345 etc.
1357 297 1446 360 (1).
1488 298 1636 345 Nemo
1670 305 1830 345 tamen

136 388 386 446 propterea
414 375 623 439 Sergium
652 392 678 421 a
710 373 1074 422 monothelismo
1103 370 1329 441 absolvet.
1360 373 1491 436 Ergo.

200 454 314 503 784.
350 456 484 518 Resp.
505 451 626 515 Negl.
654 459 755 498 ant.
776 450 844 498 Ad
867 451 930 497 1ΠΙ
948 447 1084 515 prob.
1116 450 1244 496 Dz'st.
1273 450 1342 496 lta
1361 457 1522 496 tamen
1543 458 1597 495 ut
1620 449 1827 514 epistolae

135 532 225 580 illae
235 530 417 578 nullum
430 527 741 592 dogmaticum
759 526 999 574 decretum
1010 534 1090 573 aut
1101 524 1211 572 fidei
1224 524 1544 573 definitionem
1555 525 1825 586 exhibeant,

134 609 204 656 uti
229 626 287 656 ex
306 606 439 654 dictis
459 603 718 651 luculenter
740 612 896 669 patet,
920 612 1084 655 tran85
1107 617 1234 647 secus
1251 636 1264 659 ,
1295 618 1400 665 neq.
1425 600 1563 649 Aliud
1582 611 1739 649 autem
1759 611 1829 650 est

133 684 356 749 scriptum
383 680 572 747 aliquod
598 697 696 728 esse
729 680 1073 743 dogmaticum,
1100 673 1229 723 aliud
1257 691 1371 722 vero
1396 677 1445 723 in
1469 678 1570 740 ipso
1601 678 1833 725 contineri

134 759 441 824 dogmaticam
478 758 818 805 definitionem.
859 754 1071 803 Alterum
1110 767 1220 797 cum
1255 749 1403 798 altero
1438 753 1706 817 permisceri
1747 771 1832 802 ne-

135 837 236 901 quit
264 836 353 898 (2).

200 912 313 960 785.
349 909 421 959 Ad
450 911 537 970 211¹,
584 911 709 958 Dis-c.
741 903 914 952 Probat
956 901 1202 950 consilium
1231 903 1374 966 Sergii
1403 911 1451 950 et
1480 904 1587 968 Cyri
1623 905 1681 952 de
1707 906 1833 954 indi-

134 987 285 1037 cendo
330 987 512 1035 silentio
547 1001 601 1031 ex
635 979 898 1029 inconsulta
936 996 988 1027 ac
1021 978 1283 1043 improvida
1322 981 1603 1041 oeconomia,
1645 981 1834 1030 illorum

137 1064 317 1113 vafritie
354 1064 599 1126 deceptus.
643 1074 807 1110 conc.,·
844 1054 1013 1122 probat
1053 1072 1255 1119 pravum
1293 1071 1346 1101 ac
1389 1054 1638 1103 subdolum
1670 1074 1833 1106 eorum

136 1141 379 1190 consilium
418 1137 469 1183 in
497 1135 713 1182 haeretico
742 1132 957 1197 dogmate
988 1130 1244 1192 tradendo,
1275 1132 1492 1196 quodque
1527 1132 1677 1180 adhuc
1713 1133 1836 1183 late-

133 1216 216 1264 bat
239 1252 253 1275 ,
287 1232 390 1278 nef).
431 1212 568 1275 Argui
610 1210 736 1258 enim
774 1208 938 1274 nequit
970 1207 1203 1256 Honorius
1246 1206 1294 1253 in
1327 1224 1409 1253 sua
1452 1208 1619 1271 agendi
1652 1210 1833 1259 ratione

135 1309 240 1339 cum
277 1289 367 1337 illis
404 1287 593 1336 occultis
631 1285 860 1334 haereticis
907 1285 997 1331 nisi
1037 1283 1194 1329 nimiae
1240 1282 1559 1344 credulitatis,
1603 1293 1744 1350 atque
1782 1296 1836 1334 ut

135 1368 270 1416 aiunt
285 1403 297 1425 ,
328 1367 462 1411 honoe
477 1365 618 1426 fidei,
636 1363 755 1410 dum
774 1362 959 1427 putavit
975 1360 1078 1407 illos
1099 1359 1276 1407 sincere
1297 1376 1432 1424 agere
1445 1395 1458 1420 7
1483 1360 1671 1425 quando
1690 1352 1834 1428 impia

80 1442 82 1444 ¹
133 1441 469 1491 moliebantur.

198 1519 312 1566 786.
351 1516 423 1565 Ad
453 1516 538 1576 3¹²¹,
563 1514 687 1579 Ney.
716 1513 809 1563 Sed
836 1531 943 1562 cum
972 1513 1207 1562 Honorius
1237 1511 1390 1559 fallaci
1417 1514 1714 1578 persuasione
1744 1515 1836 1564 sibi

133 1593 486 1642 adblandiretur
510 1609 608 1640 sese
635 1590 939 1640 orientalibus
961 1607 1126 1656 pacem
1152 1589 1430 1648 allaturum,
1463 1589 1502 1636 si
1532 1590 1677 1638 semel
1707 1591 1834 1640 obti-

135 1671 315 1717 nuisset
335 1669 572 1718 silentium
585 1669 703 1716 circa
718 1684 853 1718 voces
873 1667 1010 1714 unius
1028 1675 1110 1713 aut
1128 1665 1323 1731 duplicis
1342 1666 1647 1730 operationiS‚
1667 1668 1834 1716 eodem

134 1747 276 1794 modo
301 1761 353 1792 ac
379 1744 530 1794 vetuit
549 1745 706 1806 Sergio
727 1753 775 1790 et
801 1745 920 1808 Cyro
936 1778 949 1802 ‚
980 1742 1229 1808 quominus
1258 1758 1412 1788 unam
1445 1741 1754 1806 praedicarent
1782 1745 1833 1791 in

134 1822 313 1871 Christo
347 1819 668 1885 operationem
686 1854 698 1878 ,
744 1819 811 1866 ita
840 1818 990 1868 vetuit
1016 1818 1305 1883 Sophronio,
1331 1834 1393 1864 ne
1421 1817 1667 1866 adhiberet
1694 1838 1832 1869 voca-

133 1898 299 1946 bulum
324 1897 535 1961 duplicis
564 1894 874 1960 operationis,
909 1903 964 1941 ut
993 1911 1050 1942 ex
1081 1893 1194 1958 ipsis
1220 1897 1318 1955 ejus
1338 1893 1493 1944 verbis
1523 1894 1673 1943 elucet
1696 1896 1787 1961 (3).

189 2062 247 2113 (l)
275 2061 373 2101 ibid.
393 2062 435 2100 in
453 2063 558 2114 epist.
572 2060 689 2112 Sergii
701 2090 712 2109 ‚
734 2061 808 2100 col.
824 2059 943 2101 1318.

190 2127 243 2177 (Ξ)
274 2127 359 2165 Non
382 2128 463 2165 sine
482 2126 801 2166 animadversione
816 2126 946 2165 dimit-

136 2191 292 2231 tendum
325 2200 403 2241 est,
439 2193 539 2245 quod
571 2191 741 2245 Synodus
770 2205 837 2240 vr,
864 2204 947 2244 quae

136 2270 230 2309 saepe
264 2257 353 2297 adeo
389 2257 605 2310 doqmatica
640 2259 782 2298 vocavit
814 2260 947 2310 scripta

138 2322 279 2374 Sergii,
307 2322 394 2376 Cyri
414 2324 665 2377 aliorumque,
691 2338 878 2376 nusquam
892 2331 949 2362 ta-

140 2402 229 2427 men
245 2388 398 2440 loquens
414 2391 603 2442 speciatim
627 2389 673 2428 de
697 2389 859 2430 Honorii
873 2391 950 2442 epi-

141 2454 243 2492 stolis
257 2467 316 2492 eas
328 2453 558 2505 doqmaticas
579 2455 729 2494 dixerit.
747 2454 848 2495 Hinc
860 2455 948 2494 Nat.

140 2518 247 2559 Alex.
279 2521 319 2558 in
351 2522 412 2558 cit.
437 2518 600 2558 Dissert.
623 2521 668 2557 in
705 2520 797 2560 hist.
820 2520 949 2560 eccles.

140 2598 217 2624 sec.
239 2597 313 2633 vu,
336 2599 443 2637 prop.
468 2596 518 2633 11,
534 2585 733 2637 privatam
753 2594 859 2625 vocat
871 2588 951 2639 epi-

142 2650 273 2694 stolam
287 2678 299 2701 ,
325 2664 438 2702 quam
452 2649 499 2688 ad
519 2649 687 2701 Sergium
702 2652 845 2703 scripsit
871 2650 950 2689 Ho-

143 2717 271 2754 norius
288 2745 299 2763 ‚
345 2715 448 2767 quod
497 2729 542 2754 ex
582 2716 744 2767 professo
793 2716 953 2755 ostendit

141 2779 342 2833 Roncaglia
371 2782 412 2818 in
436 2781 625 2820 animadv.
650 2781 696 2820 ad
720 2783 782 2820 cit.
811 2781 951 2821 Natalis

141 2844 454 2895 dissertationem,
472 2846 646 2899 quodque
662 2848 795 2899 pariter
811 2849 949 2899 praesti-

141 2910 186 2947 tit
204 2909 489 2960 Thomassinus,
517 2912 606 2953 diss.
633 2925 683 2952 xx
704 2913 745 2951 in
760 2909 850 2965 Syn.
865 2927 950 2953 sex-

141 2983 241 3025 tam,
262 2990 305 3016 n.
325 2975 352 3016 8
375 2986 413 3017 et
434 2992 538 3031 seqq.

1042 2058 1094 2110 (3)
1107 2059 1238 2098 Praeter
1248 2058 1356 2098 allata
1370 2058 1525 2099 Honorii
1533 2060 1659 2109 verba,
1671 2075 1749 2101 non
1760 2064 1833 2102 mi-

1013 2139 1084 2164 nus
1097 2125 1207 2173 clare,
1224 2125 1325 2177 quod
1336 2126 1612 2175 contendimus,
1626 2129 1802 2167 evincunt
1817 2159 1828 2177 ,

1011 2203 1092 2244 quae
1116 2189 1286 2229 Pontifex
1302 2191 1465 2242 profert,
1488 2199 1532 2229 ut
1553 2191 1677 2244 Sergio
1698 2207 1741 2232 ao
1762 2194 1830 2233 So-

1011 2258 1170 2311 phronio
1195 2257 1348 2296 suadeat
1363 2258 1554 2310 repudiare
1571 2272 1684 2298 novas
1699 2274 1826 2309 voces,

1013 2336 1094 2376 quae
1108 2327 1335 2370 noscuntur,
1356 2331 1398 2361 ut
1429 2325 1507 2375 ipse
1532 2324 1697 2376 loquitur
1710 2355 1721 2374 ,
1737 2339 1829 2366 san-

1013 2390 1084 2427 ctis
1110 2386 1186 2427 Dei
1201 2386 1391 2428 Ecclesiis
1412 2388 1596 2427 scandala
1614 2404 1827 2442 qenerar23

1013 2468 1061 2493 ne
1083 2453 1245 2508 parvuli
1268 2460 1338 2492 aut
1364 2454 1530 2492 duarum
1561 2458 1826 2507 operationum

1013 2519 1194 2568 vocabulo
1206 2520 1355 2573 offensi,
1367 2527 1548 2558 sectantes
1560 2520 1825 2572 Nestorianoe,

1015 2601 1084 2627 ‘nos
1114 2600 1255 2626 vesana
1289 2599 1420 2639 sapere
1453 2587 1714 2637 arbitremur5
1758 2597 1828 2627 aut

1015 2657 1112 2691 certe
1127 2682 1138 2700 ‚
1180 2653 1218 2690 si
1256 2665 1392 2690 rursus
1420 2665 1540 2690 unam
1572 2655 1826 2705 operationem

1017 2719 1073 2757 D.
1095 2717 1151 2757 N.
1175 2716 1207 2753 J
1209 2744 1220 2757 .
1247 2716 1294 2756 C.
1310 2717 1511 2768 fatendam
1533 2731 1611 2756 esse
1632 2722 1825 2758 censueri-

1016 2795 1102 2820 mus
1112 2809 1124 2827 ,
1154 2781 1308 2820 stultam
1323 2781 1716 2833 Eutychianistarum
1725 2791 1823 2823 atto-

1015 2849 1111 2886 nitis
1135 2847 1295 2888 auribus
1328 2847 1558 2886 dementiam
1576 2848 1698 2901 fateri
1712 2855 1825 2901 pute-

1015 2927 1118 2954 mur.
1144 2912 1255 2967 Apud
1276 2911 1396 2954 Hard.
1420 2913 1493 2953 loc.
1516 2915 1579 2954 cit.
1599 2915 1673 2954 col.
1704 2913 1822 2955 1323.

1490 3041 1568 3088 34.
