2028 3354
1660 188 1751 236 113

421 209 546 239 PART.
582 209 612 238 1.
652 208 746 240 GAP.
767 204 855 237 *111.
885 208 941 238 DE
975 206 1192 239 ECCLESIAE
1227 206 1369 236 NOTIS.

70 322 334 371 dubitatum
354 322 509 380 fuerit,
538 329 696 368 utrum
727 329 845 368 esset
862 320 985 368 inter
1005 320 1287 368 oecumenica
1313 318 1677 382 accensendum,
1700 337 1753 368 re

68 399 257 447 demum
288 398 448 445 melius
476 396 678 444 discussa
694 434 706 457 7
743 413 880 443 omne
908 396 1102 443 dubium
1122 396 1385 461 depositum
1411 395 1499 442 fuit
1514 431 1527 455 .,
1548 404 1596 443 et
1620 414 1750 445 com-

67 475 200 521 muni
221 473 390 521 calculo
408 474 530 520 inter
548 489 656 520 vere
671 472 955 520 oecumenica
966 481 1231 521 recensetur
1242 489 1266 518 a
1281 471 1515 534 gallicanis
1532 472 1640 536 ipsis
1657 473 1747 536 (1).

67 550 236 596 Contra
272 566 379 597 vero
413 547 614 595 Concilia
653 547 1005 595 Constantiense
1037 557 1083 594 et
1121 546 1415 603 Basileense,
1460 547 1612 610 quoad
1647 547 1749 595 illas

67 615 291 672 sessiones
312 624 360 671 in
384 623 551 689 quibus
572 632 726 670 actum
746 632 815 670 est
838 621 896 668 de
927 621 1248 685 superior-itate
1269 619 1462 668 Concilii
1480 639 1617 687 supra
1637 625 1753 671 Pon-

66 700 263 758 tificem,
293 700 581 763 apertissime
618 706 795 744 constat
819 711 1062 758 nunquam
1096 693 1154 741 ab
1192 694 1392 742 Ecclesia
1418 697 1669 747 universali
1698 708 1753 747 ut

66 770 345 823 oecumenica
365 775 516 838 agnita
537 774 674 820 fuisse
691 809 703 832 ‚
731 771 887 836 plures
911 769 970 816 ob
990 787 1173 829 causas,
1201 788 1314 836 quas
1339 788 1422 818 suo
1449 771 1549 820 loco
1573 790 1752 840 expen-

65 850 245 898 demus.
1724 845 1727 848 ¹

133 927 241 972 193.
282 926 352 972 Ad
385 925 478 982 41¹²,
512 921 686 969 Eadem
716 929 815 967 esto
852 920 1114 981 distinctio,
1155 923 1193 968 si
1233 932 1393 971 tamen
1425 923 1474 971 id
1503 923 1753 989 aliquando

69 1002 231 1048 saltem
257 1000 315 1047 ad
340 1001 530 1060 longum
565 1005 751 1062 tempus
783 997 1053 1060 contingere
1086 1006 1260 1063 potest.
1300 999 1433 1047 Addo
1470 1001 1522 1047 in
1554 1009 1753 1083 utroque

70 1093 175 1123 casu
203 1074 379 1122 nullam
406 1089 613 1136 unquam
637 1071 913 1120 divisionem
936 1081 1181 1137 propterea
1209 1072 1363 1121 locum
1387 1073 1618 1124 habuisse.

139 1150 243 1197 194.
281 1148 351 1196 Ad
371 1148 465 1207 5¹¹²,
490 1147 571 1196 Vel
589 1165 692 1211 neq.
708 1148 783 1196 vel
804 1150 915 1195 disc
950 1151 1003 1195 In
1029 1148 1230 1196 articulis
1250 1150 1460 1198 nondum
1481 1152 1753 1202 solemniter

68 1226 126 1274 ab
150 1225 343 1272 Ecclesia
365 1224 591 1282 definitis,
615 1233 784 1283 trans.;
813 1225 862 1270 in
890 1223 1110 1285 definitis,
1138 1242 1241 1289 neq.
1264 1226 1349 1273 Tot
1368 1226 1496 1274 enim
1520 1236 1684 1276 extant
1700 1230 1751 1277 in

68 1302 202 1349 sacris
220 1301 399 1348 Litteris
419 1299 504 1347 hac
531 1300 589 1347 dc
616 1317 666 1347 re
685 1301 1012 1366 promissiones
1027 1336 1040 1360 ,
1070 1310 1185 1366 quot
1210 1301 1422 1351 Ecclesiae
1443 1303 1754 1353 infallibilita-

67 1386 162 1424 tem
188 1376 435 1424 adstruunt
450 1412 463 1436 ,
490 1393 603 1441 quas
625 1376 800 1440 pariter
823 1376 968 1442 paulo
991 1385 1098 1440 post
1124 1376 1390 1425 afferemus.

134 1452 243 1500 195.
281 1452 349 1499 Ad
373 1453 439 1499 61¹²
456 1488 468 1511 7
500 1453 618 1515 Ney.
649 1451 916 1499 Dummodo
943 1452 1060 1499 ratio
1088 1450 1315 1500 habeatur
1342 1454 1575 1515 notioniS,
1607 1474 1750 1522 quam

69 1527 279 1575 dedimus
305 1528 522 1586 unitatis,
546 1536 686 1592 prout
705 1536 816 1574 nota
843 1544 924 1574 scu
941 1529 1126 1591 signum
1144 1544 1263 1577 vcrae
1280 1529 1485 1577 Ecclesiae
1505 1538 1575 1578 est
1590 1567 1602 1590 ³
1624 1541 1751 1596 pate-

68 1602 165 1661 bit,
184 1612 264 1650 aut
289 1602 555 1667 negandum
583 1603 810 1650 unitatem
832 1619 928 1651 csse
953 1603 1123 1651 Christi
1147 1603 1356 1653 Ecclesiae
1383 1607 1716 1671 proprietatem
1732 1644 1745 1668 .‚

125 1819 176 1873 (l)
204 1819 299 1858 Sane
319 1832 396 1857 non
426 1819 537 1857 modo
561 1817 770 1858 Concilium
791 1819 875 1857 Flo-

71 1888 255 1925 rentinum
287 1887 381 1923 inter
413 1885 636 1924 oecumenica
666 1892 875 1923 recensetur

70 1966 89 1990 a
108 1951 209 2002 gallis
235 1950 487 1989 Conciliorum
523 1949 725 1988 editoribus
743 1978 754 1997 ‚
774 1949 873 1988 Lab-

69 2017 138 2056 beo
165 2025 200 2055 et
222 2016 400 2055 Cossartio
417 2045 427 2063 ‚
448 2015 639 2054 Harduino
654 2045 666 2066 ‚
690 2014 871 2054 Cabassu-

72 2084 122 2122 tio
145 2111 156 2130 ‚
178 2090 266 2132 etc.‚
291 2081 355 2120 sed
376 2081 569 2133 peculiaris
597 2080 709 2120 Card.
734 2081 870 2120 Lotha-

72 2148 195 2199 ringiae
231 2148 461 2199 aliorumque
494 2159 694 2198 paucorum
722 2146 873 2197 gallica-

73 2226 206 2251 norum
230 2214 410 2250 sententia
440 2210 605 2264 rejicitur
631 2225 674 2250 ac
695 2211 873 2250 refellitur

75 2291 95 2314 a
123 2276 241 2315 Natali
260 2277 469 2317 Alexandro
492 2307 504 2325 ‚
526 2278 591 2329 qui
618 2278 660 2314 in
683 2277 827 2315 dissert.
849 2291 872 2315 x

74 2342 120 2381 ad
141 2355 212 2381 sec.
234 2357 280 2381 xv
306 2351 341 2381 et
365 2357 424 2382 xvi
439 2372 449 2391 ‚
475 2357 555 2395 quae
583 2350 635 2381 est
653 2340 711 2381 De
731 2341 872 2393 synodo

74 2407 327 2454 Florentino,
359 2416 423 2446 art.
460 2419 475 2445 x
497 2437 508 2456 ,
533 2414 656 2458 aperte
691 2409 871 2455 ostendit,

74 2486 155 2511 vere
177 2474 439 2511 oecumenicam
463 2486 540 2512 esse
553 2474 650 2512 hanc
678 2472 873 2525 Synodum

73 2551 115 2576 ac
138 2535 185 2575 ab
206 2539 373 2575 universa
394 2537 553 2576 Ecclesia
567 2546 764 2589 receptam.
781 2538 874 2577 Prae-

70 2610 170 2642 terea
195 2601 430 2640 difficultates
448 2605 581 2652 petitas
611 2604 782 2642 adversus
802 2605 874 2643 hu-

68 2670 130 2719 jus
140 2665 295 2705 Concilii
308 2668 639 2705 oecumenicitatem
663 2682 704 2706 ex
724 2668 875 2707 decretis

74 2731 190 2770 Conc.
217 2731 435 2770 Basileensis
464 2740 573 2770 etex
606 2732 769 2771 absentia
793 2733 881 2785 Epi-

73 2809 265 2847 scoporum
289 2797 466 2848 gallorum
485 2810 637 2836 nervose
649 2798 777 2845 solvit,
798 2811 881 2837 con·

16 2863 18 2867 '
75 2861 263 2913 cluditque
290 2874 301 2899 e
333 2861 482 2900 Verum
501 2868 704 2915 poetquam
738 2868 882 2901 attenta

75 2927 201 2977 maqis
228 2926 529 2967 consideratione
558 2927 731 2965 innotuit
745 2955 757 2975 ,
788 2927 880 2965 Flo-

77 2991 271 3030 rentinum
292 2990 508 3032 Concilium
524 2991 754 3044 synodorum
781 2991 881 3031 Con-

141 3055 193 3104 T.
237 3055 347 3102 VIII.

936 1821 1160 1858 stamiensis
1180 1827 1217 1859 et
1232 1820 1473 1862 Basileensis
1496 1830 1749 1877 sacrosanctis

936 1885 1093 1925 decretis
1123 1886 1169 1924 de
1189 1899 1368 1938 suprema
1394 1888 1655 1931 Conciliorum
1681 1908 1747 1946 qe-

933 1949 1124 1989 metalium
1159 1953 1384 1991 auctoritate
1424 1967 1503 1993 non
1536 1970 1748 2009 repuqnare

937 2016 950 2066 (
976 2025 1084 2068 prout
1119 2016 1180 2054 hic
1213 2025 1341 2056 auctor
1371 2020 1510 2070 rigidus
1548 2023 1748 2073 gallicanus

935 2081 1125 2131 autumat)
1154 2110 1166 2130 ‚
1202 2083 1331 2133 ipsum
1367 2091 1404 2121 et
1444 2084 1539 2136 qalli
1568 2087 1744 2140 plerique

935 2158 1061 2183 omnes
1103 2145 1263 2199 theologi
1284 2177 1295 2195 ‚
1333 2160 1488 2187 eoecusso
1525 2152 1705 2204 scrupulo
1731 2184 1743 2202 ‚

934 2212 1207 2249 oecumenicum
1237 2212 1377 2263 absque
1405 2212 1643 2253 hoesitatione
1671 2230 1744 2269 ap-

927 2274 1274 2327 pellaruntAEidem
1289 2280 1743 2335 assentiunturTouruely,

934 2341 1022 2380 edit.
1045 2341 1158 2381 Paris.
1177 2357 1241 2382 seu
1264 2345 1384 2394 potius
1410 2343 1578 2394 Venetae‚
1597 2354 1689 2388 tom.
1703 2363 1742 2398 v,

933 2414 1027 2457 part.
1043 2420 1086 2455 11,
1099 2421 1184 2459 pag.
1205 2406 1280 2447 158
1296 2421 1308 2458 3
1329 2408 1385 2447 De
1395 2408 1520 2449 Marca
1536 2440 1548 2459 ‚
1567 2411 1738 2462 Bossuet‚

933 2472 962 2510 F
965 2473 1097 2512 acultas
1121 2475 1322 2528 theologica
1338 2475 1545 2516 parisiensis
1564 2486 1599 2517 et
1622 2480 1741 2521 clerus

934 2538 1131 2588 gallicanus
1152 2541 1251 2591 apud
1280 2540 1444 2580 Berthier
1459 2572 1469 2590 ‚
1496 2543 1675 2584 Histoire
1698 2546 1746 2587 de

920 2601 1071 2653 'l'eqlise
1092 2604 1282 2656 qallicane
1298 2634 1308 2653 ‚
1341 2614 1434 2645 tom.
1468 2621 1554 2656 xvi,
1580 2609 1645 2650 liv.
1670 2609 1743 2662 48.

934 2667 992 2705 Ad
1015 2668 1090 2707 haec
1111 2671 1273 2718 accedit,
1296 2671 1391 2709 nihil
1417 2672 1609 2713 definitum
1629 2676 1742 2716 fuisse

944 2735 985 2771 in
1010 2733 1081 2772 hoc
1104 2733 1267 2774 Concilio
1282 2763 1295 2785 ‚
1319 2736 1418 2788 quod
1440 2738 1633 2779 definitum
1648 2743 1744 2794 jam-

945 2799 1009 2837 diu
1034 2810 1115 2837 non
1144 2800 1254 2839 fuerit
1274 2800 1314 2838 in
1337 2803 1582 2853 superioribus
1610 2804 1745 2845 Conci·

946 2865 1003 2902 liis
1018 2891 1029 2910 ‚
1066 2863 1238 2917 quodque
1258 2872 1299 2903 ut
1323 2865 1572 2918 dogmaticum
1597 2872 1747 2921 professi

945 2942 1020 2969 uon
1044 2928 1176 2969 fuerint
1189 2930 1358 2982 gallicani
1380 2932 1555 2972 universi.

1500 3031 1503 3034 ’
1522 3059 1553 3105 8
