2028 3354
1675 230 1770 280 417

317 245 441 278 PART.
480 246 512 275 1.
550 246 669 276 SEGT.
711 246 760 275 11.
795 245 893 275 CAl‘.
932 246 981 276 11.
1017 246 1070 274 DE
1106 243 1285 276 PRlMA'r.
1326 245 1499 278 PERPET.

69 359 381 425 applicemus7
419 377 474 407 ex
512 358 670 406 divina
708 358 1032 418 institutione,
1066 360 1164 408 sive
1198 358 1360 407 divino
1385 363 1492 423 jure
1527 362 1767 410 institutus

68 444 138 483 est
167 436 218 483 in
249 434 441 483 Ecclesia
465 435 692 501 primatus
720 436 771 481 in
798 452 995 500 persona
1019 437 1171 496 Petri,
1210 437 1285 484 cui
1319 436 1544 485 divinitus
1574 438 1767 488 collatus

69 520 140 559 est
168 515 357 576 ejusque
383 511 598 575 legitimis
636 510 971 559 successoribus
995 520 1224 577 perpetuo
1257 512 1540 576 duraturus;
1572 516 1620 561 in
1646 516 1773 564 Petri

68 586 258 635 arbitrio
286 597 385 635 erat
404 586 491 634 sibi
519 588 688 651 eligere
715 588 764 633 in
787 586 946 634 sedem
980 587 1298 651 episcopam,
1328 605 1380 635 ac
1404 600 1653 655 propterea
1677 593 1772 657 pri-

68 673 220 710 matus
254 664 352 723 sui7
400 663 497 711 sive
533 665 759 722 Romam,
798 663 893 712 sive
933 661 1252 709 Mediolanum
1292 663 1392 727 (1);
1430 666 1581 728 posito
1611 676 1770 716 autem

67 739 192 804 quod
214 739 264 785 in
283 739 441 787 sedem
464 740 605 786 fixam
633 740 703 786 sui
735 739 1025 803 episcopatus
1050 746 1196 802 atque
1223 737 1454 802 primatus
1477 743 1674 791 Romam
1691 753 1773 792 aut

68 814 382 862 Mediolanum
414 815 636 879 delegerit
656 851 669 873 ,
701 814 963 877 rexeritque
995 829 1143 878 usque
1173 812 1232 859 acl
1263 812 1444 861 obitum
1479 833 1615 864 suum
1627 853 1645 875 ,
1671 823 1772 882 jam

68 892 117 938 in
144 891 317 938 nullius
339 902 406 939 est
428 900 659 957 potestate
679 907 705 937 a
727 888 1064 936 successoribus
1097 890 1146 935 in
1170 888 1292 938 hanc
1326 890 1488 939 sedem
1519 894 1644 940 Petri
1678 897 1772 961 epi-

68 978 310 1034 scopatum
328 978 376 1016 et
395 969 648 1033 primatum
673 964 932 1030 dispescere
962 974 1103 1030 atque
1128 964 1374 1014 divellere.
1396 968 1426 1013 J
1430 985 1481 1014 us
1506 970 1633 1016 enim
1656 970 1775 1018 divi-

68 1063 213 1104 num,
250 1046 479 1093 verificata
510 1042 776 1090 conditione
811 1059 895 1106 per
935 1042 1109 1089 factum
1139 1043 1354 1108 quamvis
1387 1043 1590 1092 liberum
1617 1048 1771 1109 Petri,

68 1120 127 1168 ab
148 1121 234 1169 hac
257 1121 364 1168 sede
394 1117 704 1185 inseparabile
724 1126 812 1165 est.
839 1119 959 1164 Hinc
985 1119 1268 1184 quicumque
1289 1118 1495 1183 legitime
1517 1123 1773 1172 succedunt

68 1198 118 1245 in
153 1199 276 1245 Petri
304 1195 488 1257 sedem,
519 1195 681 1243 divino
704 1199 809 1257 jure
839 1194 1095 1242 succedunt
1124 1195 1174 1242 in
1206 1198 1305 1258 ejus
1334 1197 1609 1261 primatum.
1639 1198 1770 1248 Idem

68 1275 140 1322 dic
176 1274 233 1321 de
253 1272 477 1321 electione
507 1272 742 1338 personali
774 1273 973 1334 cujusvis
994 1271 1253 1328 Pontificis‚
1283 1289 1384 1337 quae
1413 1273 1465 1319 fit
1495 1291 1518 1320 a
1546 1275 1771 1323 Cardina-

67 1351 200 1398 libus.
236 1349 408 1398 Electio
442 1350 615 1414 quippe
645 1347 837 1411 alicujus
869 1347 1113 1414 peculiaris
1142 1347 1377 1396 individui
1410 1349 1461 1395 in
1497 1351 1771 1400 Pontificem

67 1436 136 1475 est
172 1426 350 1474 factum
393 1443 519 1472 mere
564 1424 854 1483 humanum3
905 1433 976 1471 ast
1017 1441 1126 1472 vero
1173 1423 1260 1471 hoc
1307 1424 1491 1490 posito,
1530 1426 1703 1474 electus
1743 1446 1769 1476 a

67 1503 250 1551 Christo
286 1501 555 1549 immediate
579 1509 726 1548 totam
755 1517 887 1549 suam
920 1500 1104 1548 obtinet
1133 1501 1458 1549 auctoritatem
1477 1503 1565 1567 (2).

132 1578 259 1629 600„
285 1578 355 1626 Ad
391 1579 488 1637 211¹,
527 1578 652 1625 Disc.
689 1576 743 1623 Id
771 1585 865 1634 est,
898 1581 974 1638 jus
1005 1577 1223 1623 divinum
1265 1578 1437 1624 summi
1472 1580 1770 1644 pontificatus

66 1672 148 1703 seu
187 1655 415 1721 primatus
447 1655 496 1700 in
529 1670 577 1700 se
617 1653 811 1718 spectati
847 1650 1175 1717 independens
1207 1661 1277 1700 est
1308 1669 1335 1699 a
1374 1653 1493 1700 facto
1535 1653 1767 1716 humane,

66 1748 224 1785 cono.;
248 1740 319 1778 est
349 1729 674 1795 independens
707 1747 732 1776 a
756 1729 877 1776 facto
910 1728 1117 1775 humano
1148 1729 1210 1776 ad
1242 1729 1572 1779 verificandam
1595 1749 1770 1781 succes-

69 1808 245 1856 sionem
274 1807 595 1873 personalem,
635 1824 736 1870 περ.
758 1805 1014 1870 Responsio
1038 1811 1167 1870 patet
1185 1822 1242 1852 ex
1265 1805 1401 1853 dictis
1419 1806 1505 1871 (3).

70 1986 279 2025 concludit:
300 1985 390 2024 Non
402 1992 455 2024 est
465 1999 552 2037 erqo
574 1984 889 2037 confundendum

65 2047 215 2099 factum
229 2053 414 2104 cumjure
430 2082 440 2099 ‚
463 2051 563 2103 quod
579 2082 589 2099 ‚
607 2052 732 2104 posito
752 2051 859 2102 facco
873 2079 885 2098 ‚

71 2116 206 2155 divina
242 2117 485 2155 institutione
519 2118 718 2162 moritum
741 2117 889 2166 factum

71 2181 223 2233 quidem
238 2184 510 2234 interponitur,
532 2181 646 2233 idque
659 2180 888 2229 humanum,-

72 2246 138 2285 sed
165 2260 206 2285 eo
223 2252 377 2300 posito,
406 2249 556 2300 proevia
593 2247 742 2285 Christi
775 2248 889 2284 insti-

73 2313 296 2364 tutionejus
322 2316 452 2366 ipsum
473 2314 650 2352 divinum
672 2315 792 2351 exerit
810 2326 888 2351 sese

75 2385 108 2416 et
127 2376 304 2429 explicat.

131 2442 182 2494 (1)
213 2442 291 2481 cfr.
321 2443 492 2483 Bellarm.
520 2443 576 2483 De
600 2455 748 2481 auntmo
781 2443 885 2480 Pon-

75 2509 136 2560 tis.
154 2508 223 2547 lib.
246 2522 305 2556 iv,
324 2522 405 2560 cap.
421 2508 467 2559 4,
487 2524 526 2548 n.
553 2509 615 2550 13.
643 2508 884 2555 Bellarmiuo,

75 2574 177 2627 quod
214 2575 394 2623 mireris,
428 2576 623 2612 assentitur
661 2573 844 2624 Dupinius
875 2603 885 2619 ‚

76 2640 163 2679 diss.
190 2638 242 2689 4,
271 2637 328 2677 De
360 2644 443 2677 ant.
462 2637 614 2689 discipl.
645 2652 802 2690 eamque
823 2638 889 2676 ad-

78 2707 186 2745 struit
212 2705 384 2743 adversus
410 2703 614 2742 Amesium.
646 2703 775 2754 Quoad
802 2716 890 2741 aue-

80 2779 174 2810 tores
184 2770 383 2810 catholicos
393 2798 403 2813 ,
420 2770 450 2807 si
462 2770 619 2820 excipias
634 2781 769 2820 paucos
781 2767 863 2805 illos
877 2794 890 2814 ,

79 2849 171 2888 quoe
209 2836 320 2874 modo
356 2836 608 2874 recensuimus
624 2861 637 2883 ,
677 2834 891 2871 communis

79 2900 244 2940 doctrina
264 2909 317 2938 est
339 2913 414 2939 non
429 2900 588 2951 amplius
610 2901 767 2951 separari
787 2911 892 2950 posse

80 2969 279 3020 primatum
304 2982 325 3006 a
350 2980 447 3006 rom.
482 2966 575 3006 Sede
608 2976 729 3019 neque
752 2964 797 3003 ab
823 2963 893 3002 Ec-

81 3034 188 3073 clesia
212 3048 333 3086 neque
350 3048 372 3074 a
399 3049 492 3074 rom.
523 3033 714 3072 Pontifice.
742 3031 888 3071 Horum

147 3110 197 3158 Tu
245 3110 357 3157 V111.

961 1982 1156 2022 elenchum
1179 1984 1329 2022 exhibet
1347 1984 1530 2033 zaccaria,
1547 1984 1769 2026 Ami—Feb-

958 2051 1123 2096 bronio,
1158 2052 1246 2090 diss.
1287 2064 1339 2098 ιι,
1393 2065 1477 2103 pag.
1517 2065 1562 2104 17
1600 2061 1635 2091 et
1661 2067 1768 2107 seqq.

957 2117 1037 2155 Cfr.
1078 2119 1189 2155 etiam
1227 2116 1378 2166 Bolgeni
1402 2146 1411 2163 ,
1452 2115 1765 2170 ΕἘρέεοοραίο,

957 2195 1041 2233 cap.
1070 2182 1120 2229 3,
1150 2190 1218 2220 art.
1244 2180 1286 2231 4.

1014 2247 1067 2298 (2)
1099 2246 1176 2286 Cfr.
1202 2246 1389 2293 zaccaria,
1406 2245 1766 2297 Anti-Febbrom‘o,

958 2321 1048 2350 tom.
1082 2326 1134 2360 11,
1166 2314 1229 2350 cit.
1263 2313 1348 2350 diss.
1382 2325 1433 2360 11,
1466 2325 1551 2363 cap.
1588 2327 1632 2359 1,
1659 2312 1679 2364 §
1706 2312 1767 2364 43
1838 2329 1845 2335 ’

957 2376 1098 2415 Bened.
1117 2388 1197 2426 xlv,
1228 2375 1290 2414 De
1300 2375 1444 2426 synodo
1464 2375 1614 2420 dioeces,
1640 2377 1707 2415 lib.
1720 2391 1766 2425 u,

956 2456 1041 2494 cap.
1068 2456 1080 2479 ι
1104 2470 1115 2489 ,
1144 2441 1165 2494 ὃ
1190 2456 1236 2488 13
1268 2441 1324 2480 De
1350 2441 1498 2488 Marna,
1535 2443 1621 2481 diss.
1645 2457 1678 2490 1,
1710 2442 1768 2483 De

954 2508 1149 2560 sinqulari
1156 2510 1332 2561 primatu
1346 2507 1460 2546 Petri
1476 2537 1485 2555 ‚
1501 2522 1542 2547 n.
1562 2521 1633 2556 203
1654 2509 1768 2549 Marc.

956 2575 1040 2612 Ant.
1084 2574 1279 2626 Cappellus
1296 2603 1306 2621 ‚
1331 2573 1427 2625 disp.
1456 2587 1483 2611 ιι
1497 2601 1509 2622 ,
1534 2572 1590 2613 De
1618 2588 1767 2613 succes-

956 2642 1062 2677 sione
1081 2637 1273 2692 Episcopi
1300 2651 1397 2676 rom.
1423 2641 1466 2676 in
1494 2635 1733 2690 Pontificem
1755 2668 1767 2687 ‚

956 2704 1087 2743 colon.
1102 2703 1227 2755 Agrip.
1250 2699 1344 2740 1621
1368 2733 1378 2750 ‚
1399 2717 1482 2754 cap.
1506 2716 1538 2741 1.
1555 2703 1633 2742 Cfr.
1656 2706 1767 2743 eliam

956 2768 1090 2808 Suarez
1114 2799 1125 2816 ,
1164 2766 1346 2819 Defensio
1375 2768 1469 2818 fidei
1507 2768 1597 2808 adv.
1638 2768 1766 2820 anyli-

956 2847 1064 2873 came
1090 2840 1196 2873 sectoe
1217 2846 1363 2873 errores
1377 2862 1390 2882 ‚
1423 2833 1488 2872 lib.
1518 2847 1561 2872 ιιι
1579 2863 1590 2882 ,
1619 2848 1698 2887 cap.
1719 2847 1766 2874 12

957 2906 995 2939 et
1018 2911 1121 2953 seqq.
1147 2912 1262 2953 usque
1282 2899 1331 2939 ad
1346 2912 1428 2950 cap.
1459 2911 1525 2937 20.

1014 2964 1072 3017 (3)
1099 2964 1208 3004 Haud
1235 2966 1340 3017 pauci
1364 2977 1433 3002 nec
1447 2962 1630 3015 ignobiles
1653 2965 1767 3014 scrip-

955 3041 1050 3072 tores
1078 3038 1228 3072 censent
1245 3060 1256 3080 ‚
1281 3043 1357 3070 non
1392 3030 1532 3082 absque
1558 3027 1691 3068 Christi
1712 3041 1768 3067 vo·

1512 3102 1576 3149 27
