2028 3354
193 191 283 239 100

658 201 816 232 miror.
858 198 912 226 nn
946 185 1064 227 meis
1098 194 1397 226 Tneoioemis.

192 337 249 369 ea·
281 319 512 382 Apostolis
542 315 613 359 vel
634 310 913 373 Apostolicis
930 317 1166 355 auctorem
1186 324 1327 354 suum
1342 309 1600 370 proferant
1609 340 1626 362 ‚
1649 314 1703 351 ut
1724 306 1861 351 multo

188 398 486 460 posteriores,
504 404 608 451 quae
626 386 827 448 denique
848 384 1054 446 quotidie
1075 386 1424 441 instituuntur,
1452 391 1608 428 tamen
1628 384 1683 428 in
1704 381 1864 427 eadem

191 474 280 537 fide
304 471 655 531 conspirantes,
693 479 787 509 non
819 462 982 507 minus
1016 458 1276 520 apostolicae
1309 459 1607 520 deputantur
1636 473 1727 519 pro
1754 472 1865 503 con-

191 546 515 608 sanquinitate
533 542 777 588 doctrinoe.
799 537 878 584 Ita
897 550 1055 582 omues
1076 533 1285 589 lacere-ses,
1310 535 1377 578 ad
1393 542 1645 596 utramque
1651 535 1868 595 formam

193 642 224 671 a
260 622 430 669 nostris
463 619 691 665 Ecclesiis
712 619 1001 676 provocatae,
1024 609 1226 671 probent
1256 623 1301 653 se
1332 624 1528 670 quaqua
1546 618 1728 672 putam
1754 625 1868 671 apo-

195 698 397 745 stolicas.
424 694 513 741 Sed
527 693 643 740 adeo
660 706 744 736 nec
758 695 894 740 siim,-
920 702 1004 732 nec
1021 685 1231 746 probare
1247 692 1462 744 possunt,
1483 686 1608 745 quod
1618 701 1712 731 non
1732 692 1869 738 sun&

195 790 278 821 nec
294 774 602 833 recipiuntur
617 770 673 813 in
688 780 858 829 pacem
881 770 926 809 et
941 761 1418 807 communicationem
1439 760 1502 805 ab
1522 759 1566 805 E
1570 761 1746 806 eclesiis
1764 777 1873 822 qao-

194 865 284 913 quo
318 848 450 893 modo
470 844 760 908 apostolicis,
787 839 969 886 vscilicet
994 836 1050 882 ob
1072 836 1392 880 diversitatem
1422 836 1724 882 Sacramenti
1743 836 1874 882 nullo

195 924 330 971 modo
362 922 625 984 apostolicae
648 918 734 981 (1)
766 913 941 962 Eodem
971 911 1110 958 modo
1137 909 1394 974 loquuntur
1424 911 1625 957 Irenaeus
1645 910 1716 972 (2)
1738 945 1751 968 .,
1787 911 1875 974 Cy-

195 999 384 1064 prianus
401 996 494 1060 (3),
519 992 784 1042 Ambrosius
802 989 872 1053 (4)
889 1025 902 1039 q
930 986 1127 1034 Hilarius
1137 984 1242 1048 (5),
1272 985 1547 1048 Augustinus
1562 986 1633 1049 (6)
1647 1021 1658 1043 ,
1681 1001 1879 1049 quorum

197 1074 459 1123 testimonia
476 1070 614 1136 paulo
639 1075 743 1133 post
763 1063 1102 1113 exhibebimus.
1800 1107 1804 1109 ι

264 1149 372 1197 170.
414 1147 605 1195 Interim
633 1162 689 1191 ex
715 1140 961 1208 postremis
996 1136 1269 1185 Tertulliani
1299 1136 1451 1184 verbis
1482 1145 1639 1201 patet,
1682 1135 1742 1182 ad
1769 1152 1881 1182 con-

198 1223 482 1273 stituendam
496 1220 881 1286 apostolicitatem
898 1233 993 1261 non
1013 1213 1221 1260 absolute
1238 1213 1428 1276 requiri,
1456 1221 1507 1258 ut
1525 1211 1677 1276 aliqua
1689 1210 1883 1258 Ecclesia

202 1301 260 1349 ab
282 1299 508 1366 Apostolis
532 1294 800 1344 immediate
824 1300 903 1338 aut
930 1290 1037 1338 viris
1049 1287 1314 1353 apostolicis
1333 1288 1544 1333 instituta
1571 1288 1657 1345 sit3
1683 1287 1765 1333 sed
1789 1285 1884 1332 suf-

202 1380 336 1425 ficere
357 1413 368 1434 ‚
404 1384 457 1422 ut
493 1373 552 1420 ab
589 1368 834 1436 apostolica
869 1366 1060 1413 Ecclesia
1084 1364 1308 1426 originem
1342 1363 1585 1421 habuerit,
1615 1371 1661 1410 et
1696 1379 1803 1408 cum
1835 1378 1887 1407 ea

203 1453 515 1502 communicet
539 1450 589 1508 in
617 1443 718 1493 fide'
738 1454 784 1491 et
817 1442 1055 1489 charitate.
1091 1440 1161 1486 Sic
1196 1439 1323 1486 enim
1349 1439 1608 1485 innumerae
1641 1454 1760 1502 pen-e
1802 1438 1886 1483 Ec-

205 1528 357 1576 clesiae
381 1526 467 1573 hac
494 1531 604 1571 nota
636 1522 884 1576 fruuntur,
917 1518 1024 1580 quia
1058 1516 1106 1560 in
1134 1513 1381 1578 apostolica
1421 1513 1614 1560 Ecclesia
1648 1512 1889 1559 inoculatae

207 1613 318 1652 sunt
349 1602 435 1666 (7).

264 1805 317 1854 (l)
349 1802 411 1840 De
450 1799 672 1849 Proescript.
711 1809 790 1847 cap.
830 1795 895 1833 32.
923 1791 1020 1843 Quid

214 1871 274 1907 hic
294 1866 471 1918 significet
497 1862 748 1902 Tertullianus
778 1857 1024 1896 Sacramenta·

221 1934 395 1978 nomine,
424 1931 538 1968 critici
574 1930 668 1965 inter
706 1939 743 1963 ee
777 1938 854 1961 non
890 1935 1023 1960 conve—

217 2000 343 2037 niunt.
381 1993 561 2033 Nonnulli
600 1990 860 2045 jusjurandum
887 1986 1023 2025 intelli·

220 2050 345 2115 gunt.;v
360 2060 421 2099 alii
453 2059 730 2097 Sacramentum
754 2054 956 2105 Baptismi‚
987 2060 1027 2089 ut

224 2129 275 2167 La
299 2126 447 2174 Cerda3
484 2124 547 2163 alii
573 2121 809 2161 verisimilius
846 2132 931 2156 cum
966 2116 1028 2154 Al-

224 2195 404 2245 baspinaeo
435 2191 622 2241 accipiunt
647 2199 726 2225 eam
763 2197 888 2221 vocem
914 2183 960 2220 de
976 2195 1032 2220 re-

225 2262 360 2311 ligione
381 2259 460 2309 ipsa
478 2286 488 2303 ,
507 2269 570 2293 seu
594 2251 779 2303 religionis
794 2240 1030 2300 professione.

228 2324 307 2364 Gfr.
332 2321 515 2361 Pamelius
539 2321 580 2357 in
606 2318 709 2355 hunc
742 2315 815 2353 loc.

285 2388 339 2438 (2)
369 2387 455 2432 Lib,
480 2401 521 2432 v,
551 2398 630 2435 cap.
658 2393 708 2419 πο
725 2408 737 2429 ,
763 2393 800 2417 ιι.
831 2391 845 2417 ι
872 2385 908 2415 et
930 2390 1033 2429 seqq.

287 2451 340 2502 (3)
370 2451 484 2503 Epist.
508 2459 620 2488 inin
634 2477 644 2494 ‚
669 2446 756 2484 etin
774 2443 845 2482 lib.
860 2440 917 2481 De
931 2442 1033 2479 unit.

236 2515 443 2559 Εοοῑεεὶω,
490 2514 584 2552 edit.
627 2510 747 2548 Maur.
783 2521 865 2558 pag.
908 2504 978 2558 ¹95
1005 2513 1040 2544 et

235 2581 325 2620 alibi
351 2582 501 2631 passim.

289 2645 344 2696 (h)
374 2643 459 2682 Lib.
510 2642 570 2681 De
602 2642 805 2679 lucarnat.
839 2636 1040 2674 dominicae

236 2715 473 2748 sacramento
492 2736 503 2753 ‚
529 2719 614 2757 cap.
643 2704 666 2742 5
686 2734 696 2752 ‚
734 2718 775 2742 n.
803 2699 880 2752 δᾴς
910 2709 946 2739 et
968 2700 1037 2739 lib.

238 2773 295 2813 De
311 2775 450 2827 poenit.
474 2784 556 2823 cap.
582 2784 604 2823 7
625 2799 635 2818 ‚
661 2783 699 2807 n.
729 2767 796 2806 33.

295 2839 349 2890 (ὅ)
381 2837 591 2876 Comment.
613 2836 660 2872 in
685 2831 828 2872 Matth.
855 2844 935 2881 cap.
968 2842 1040 2879 10,

240 2920 280 2944 n.
297 2917 325 2957 9
345 2910 382 2943 et
401 2914 465 2947 ιο,
498 2901 592 2939 edit.
615 2899 738 2946 Maur,
764 2904 799 2936 et
821 2895 925 2935 alibi.

289 2969 348 3019 (6)
378 2968 490 3007 Cont.
517 2966 624 3017 epist.
646 2961 764 3010 Petit,
791 2961 899 3000 lib.n
917 2990 928 3009 ‚
955 2973 1040 3011 cap.

1088 1790 1155 1838 38;
1179 1790 1245 1829 lib.
1262 1788 1317 1828 De
1327 1792 1430 1828 unit.
1445 1788 1555 1829 Eccl.
1577 1803 1657 1841 cap.
1675 1802 1696 1827 2
1711 1802 1722 1839 ς
1738 1788 1895 1827 Brevic.

1087 1855 1212 1894 collat.
1255 1868 1345 1892 cum
1379 1854 1593 1893 Donatistis
1611 1885 1621 1900 ‚
1664 1868 1744 1906 cap.
1785 1854 1806 1892 3
1865 1862 1899 1892 et

1089 1935 1194 1973 seqq.
1217 1928 1289 1958 etc.

1144 1986 1194 2036 (7)
1225 1984 1397 2024 Ecclesiae
1440 1993 1558 2023 tractu
1584 1985 1791 2024 seculorum
1811 1985 1900 2023 fun·

1092 2052 1184 2088 datae
1220 2050 1302 2088 ideo
1336 2050 1539 2101 apostolicae
1571 2058 1767 2096 vocantur,
1798 2049 1901 2100 quod

1093 2116 1139 2153 ab
1163 2115 1324 2153 Ecclesia
1348 2112 1547 2165 apostolica
1568 2117 1667 2152 missi
1691 2114 1829 2151 fuerint
1854 2114 1902 2152 ad

1096 2179 1400 2219 annunciandum
1417 2179 1657 2230 Evangelium
1678 2185 1714 2217 et
1739 2178 1903 2216 fundan-

1098 2245 1161 2283 das
1180 2244 1361 2282 Ecclesias
1389 2245 1455 2282 viri
1476 2244 1521 2281 ad
1537 2243 1608 2281 hoc
1630 2242 1760 2281 delecti
1778 2270 1790 2290 ,
1819 2243 1905 2280 ethi

1098 2310 1278 2348 Ecclesiae
1298 2324 1318 2347 a
1335 2324 1372 2348 se
1391 2310 1564 2347 fundatas
1582 2310 1623 2346 in
1639 2310 1905 2349 communione

1099 2374 1184 2413 fidei
1224 2382 1260 2412 et
1286 2375 1473 2412 charitatis
1507 2388 1592 2412 cum
1621 2373 1781 2412 Ecclesia
1814 2388 1904 2425 apo-

1097 2439 1226 2477 stolica
1254 2441 1491 2478 instituerint.
1517 2438 1598 2476 Hoc
1613 2438 1725 2490 igitur
1748 2440 1900 2478 interest

1103 2505 1301 2543 discrimen
1320 2506 1417 2543 inter
1438 2504 1616 2542 Ecclesias
1629 2503 1839 2542 immediate
1851 2502 1897 2541 ab

1103 2568 1291 2621 Apostolis
1316 2569 1486 2608 fundatas
1505 2578 1558 2615 ‚et
1592 2583 1650 2607 eas
1665 2597 1676 2616 ‚
1701 2581 1783 2619 quae
1806 2569 1904 2606 inse-

1105 2634 1303 2686 quentibus
1334 2634 1566 2685 temporibus
1600 2635 1771 2671 institutae
1791 2640 1877 2670 sunt
1892 2660 1905 2681 ‚

1106 2700 1207 2751 quod
1239 2699 1311 2737 illae
1351 2713 1436 2739 vere
1465 2708 1501 2738 et
1527 2700 1670 2751 proprie
1702 2697 1910 2749 apostolicae

1106 2773 1279 2803 vocentur
1293 2772 1330 2803 et
1355 2767 1429 2803 sint
1446 2794 1457 2812 ‚
1480 2766 1554 2802 istae
1576 2770 1695 2801 autem
1729 2775 1791 2813 per
1825 2776 1910 2814 par-

1106 2830 1358 2881 ticipationem
1376 2860 1386 2878 ‚
1413 2836 1455 2867 ut
1479 2836 1603 2879 postea
1623 2826 1770 2865 uberius
1796 2839 1910 2879 expo-

1109 2907 1252 2933 nemus.
