2028 3354
700 190 861 221 TRAGT.
900 191 955 220 ΒΕ
991 192 1108 224 Locls
1143 193 1439 225 THEOLOGlCls.

208 172 303 220 280

277 304 391 351 422.
434 304 628 350 Constat
653 303 811 365 igitur7
837 303 966 367 quod
983 305 1280 369 probandum
1310 310 1644 374 assumpsimus
1665 345 1678 368 7
1715 320 1818 358 tum
1847 330 1904 360 ex

210 381 310 446 ipsa
335 377 546 425 Ecclesiae
566 378 911 426 constitutionis
933 388 1102 430 natura
1121 417 1134 440 7
1166 389 1269 430 tum
1293 401 1350 431 ex
1376 385 1703 449 Apostolorum
1727 403 1905 435 eorum·

209 472 299 521 que
326 470 640 501 successorum
667 455 768 518 jugi
796 472 849 502 ac
882 457 1144 506 continenti
1171 459 1332 521 praxi7
1368 478 1447 508 seu
1482 479 1565 526 pei
1566 471 1710 526 petuo
1738 480 1826 509 usu
1859 470 1907 510 et

168 523 182 529 ‘
210 530 457 589 exercitio7
488 529 736 578 Ecclesiam
764 530 990 579 divinitus
1011 533 1243 600 accepisse
1271 543 1549 598 potestatem
1576 538 1906 604 independen-

206 616 305 654 tem
332 615 473 671 atque
496 624 765 672 supremam
788 608 1027 656 sanciendi
1045 627 1129 674 per
1148 609 1271 674 leges
1288 612 1563 660 exteriorem
1582 614 1876 680 disciplinam
1893 652 1906 676 7

213 683 502 748 cogendique
537 682 697 730 fideles
731 683 790 730 ad
821 701 983 731 earum
1030 685 1406 746 observantiam
1448 705 1628 737 necnon
1670 691 1911 740 coercendi

205 758 484 806 salutaribus
513 759 667 824 poenis
689 759 847 808 devios
869 771 914 807 et
939 771 1252 810 contumaces.

274 835 385 883 423.
426 837 561 883 Nunc
580 853 691 883 vero
715 837 945 884 coronidis
970 840 1114 901 g1atia
1141 838 1413 900 adjicimus7
1440 859 1537 888 non
1559 843 1745 893 aliunde
1766 846 1905 909 origi-

207 929 320 959 nem
343 913 539 959 traxisse
569 913 851 959 contrariam
877 913 1167 975 doctrinam
1202 932 1343 981 quam
1368 934 1423 964 ex
1447 929 1727 984 praepostero
1750 931 1910 986 prote-

207 988 436 1035 stantium
455 997 656 1052 systema
682 988 740 1035 de
760 981 1007 1037 identitate
1024 992 1180 1038 Status
1203 1001 1249 1038 et
1265 993 1500 1053 Ecclesiae7
1523 996 1588 1043 ita
1611 1005 1663 1043 ut
1678 996 1791 1044 ille
1778 1014 1879 1063 lpse
1895 1034 1909 1059 7

208 1065 289 1130 qui
319 1064 643 1112 moderaretur
674 1081 747 1112 les
778 1065 964 1126 civiles7
998 1067 1322 1115 moderaretur
1351 1087 1424 1116 res
1453 1071 1812 1133 ecclesiasticas7
1839 1091 1913 1121 es-

208 1150 372 1205 setque
384 1142 523 1188 simul
539 1159 750 1189 summus
768 1142 980 1189 Pontifex
998 1152 1045 1190 et
1059 1144 1332 1209 Imperator.
1348 1146 1446 1192 Hoc
1459 1148 1762 1213 principium7
1785 1150 1913 1215 quod

207 1234 366 1265 servos
401 1218 509 1265 feeit
547 1235 599 1265 ac
634 1218 937 1266 territoriales
978 1229 1124 1267 coetus
1153 1230 1489 1285 protestantes,
1527 1224 1734 1288 primum
1770 1226 1913 1291 coepit

212 1294 264 1340 in
306 1296 554 1342 Germania
574 1330 586 1354 7
621 1304 930 1360 propagatum
971 1295 1141 1344 deinde
1166 1305 1233 1343 est
1264 1297 1312 1344 in
1340 1299 1555 1361 Angliam
1587 1317 1639 1347 ac
1669 1302 1912 1351 Russicum

208 1371 494 1435 Imperium7
527 1370 609 1418 ubi
639 1389 663 1417 a
701 1372 928 1437 Principis
966 1382 1086 1419 nutu
1112 1390 1164 1420 ac
1194 1373 1433 1422 voluntate
1472 1377 1629 1423 omnia
1666 1376 1906 1442 pendent,

209 1464 314 1512 quae
337 1448 396 1495 ad
424 1447 608 1511 negotia
636 1447 847 1511 religiosa
875 1458 1088 1513 spectant,
1116 1448 1203 1514 (l).
1240 1450 1417 1498 Exinde
1447 1452 1674 1516 regalistae
1698 1453 1912 1502 catholici

206 1601 410 1641 Ecclesiam
442 1605 572 1656 quovis
593 1610 758 1655 tempore
786 1605 974 1655 agnovisse
989 1612 1024 1642 et

208 1671 417 1707 exercuisse
438 1676 655 1721 potestatem
670 1668 741 1706 sibi
757 1684 777 1707 a
795 1668 940 1708 Christo
952 1670 1028 1721 eol-

1093 1618 1136 1643 ac
1178 1605 1374 1657 deperiunt
1412 1607 1585 1646 nonnulli
1632 1609 1727 1660 juris
1768 1607 1911 1660 publici

1095 1673 1288 1722 scriptores
1302 1678 1558 1723 protestantes·
1575 1673 1686 1712 Juxta
1699 1673 1912 1714 Catholicos

206 1731 323 1771 latam
357 1748 570 1785 supremam
593 1762 605 1784 7
646 1734 961 1786 independentem
990 1743 1028 1774 et

207 1801 409 1838 coactivam
422 1801 462 1838 in
475 1800 616 1851 legibus
628 1799 929 1851 disciplinaribus
941 1815 1025 1840 san-

208 1865 361 1903 ciendis.

262 1930 319 1982 (l)
351 1929 499 1982 Optime
524 1934 562 1970 in
586 1931 685 1971 hanc
714 1947 793 1972 rem
816 1933 936 1972 aiebat
949 1948 1024 1972 non

205 1994 256 2033 ita
294 1997 438 2047 pridem
476 1997 524 2036 D.
559 1996 785 2037 saint-Maro
826 1998 995 2038 Girardin
1011 2031 1021 2047 7

208 2063 411 2110 unionem,
440 2077 504 2101 seu
535 2065 655 2115 potius
686 2064 924 2103 identitatem
955 2066 1024 2104 Ec-

205 2126 324 2165 clesiae
341 2140 382 2165 ac
399 2135 512 2167 status
536 2128 652 2167 civilis
674 2132 897 2169 constituere
919 2133 1022 2182 prin-

204 2192 343 2244 cipium
370 2202 588 2244 protestans.
621 2193 808 2245 Separatio
834 2199 1021 2247 potestatis

204 2259 415 2309 temporalis
436 2273 456 2297 a
481 2264 659 2312 potestate
680 2262 861 2312 spirituali
879 2263 1023 2301 videtur

204 2325 491 2374 protestantibus
528 2325 779 2377 paradoxum,
808 2341 850 2365 ac
880 2329 1020 2367 malum

202 2389 367 2439 periculo
393 2391 563 2442 plenum.
589 2391 720 2429 Unitas
748 2395 866 2431 status
892 2401 946 2431 cst
965 2396 1021 2446 ip-

205 2467 332 2493 sorum
359 2457 558 2507 pulchrum
575 2455 741 2495 idealein
762 2458 925 2509 politica.
944 2459 1020 2499 Hac

202 2522 344 2559 ratione
366 2523 532 2561 instituta
548 2531 602 2561 est
620 2523 846 2571 reformatio,
866 2539 946 2577 quae
959 2527 1019 2565 di-

203 2587 287 2625 visit
311 2600 348 2625 se
371 2601 415 2625 ae
438 2588 619 2628 subtraxit
643 2603 664 2626 a
687 2597 863 2641 potestate
890 2591 1020 2632 Eccle-

203 2654 263 2690 siae
283 2666 459 2691 romanas.
485 2653 624 2692 Verum
649 2654 720 2693 hoc
745 2654 793 2692 ab
820 2655 908 2707 ipsis
925 2658 1016 2697 effe-

203 2725 303 2755 ctum
331 2726 412 2765 est,
444 2727 485 2757 ut
516 2734 554 2758 se
589 2719 815 2772 subjicerent
851 2726 1015 2773 potestati

200 2783 410 2834 temporali.
438 2783 573 2823 Contra
591 2798 677 2824 vero
704 2788 929 2838 principium
954 2803 1015 2828 ca-

199 2848 398 2888 tholicismi
418 2859 473 2890 est
484 2853 637 2891 omniuo
655 2853 842 2892 diversum
855 2869 896 2893 ae
907 2856 1016 2907 plane

202 2918 453 2967 contrarium;
482 2931 603 2971 neque
639 2919 801 2957 admittit
831 2921 1013 2972 ejusmodi

202 2987 316 3020 status
331 2983 669 3037 unitatem,„quam
691 2984 784 3024 adeo
808 2985 1014 3037 suspiciunt

1095 1737 1175 1774 duae
1195 1744 1282 1774 sunt
1316 1745 1524 1789 potestates,
1547 1738 1629 1777 duae
1650 1752 1830 1791 supremae
1844 1754 1911 1778 au-

1094 1804 1294 1848 ctoritates,
1315 1811 1472 1854 potestas
1491 1805 1629 1843 scilicet
1653 1805 1853 1857 spiritualis
1867 1820 1911 1845 ac

1093 1876 1249 1919 potestas
1275 1870 1508 1920 temporalis,
1537 1884 1670 1922 corpus
1694 1880 1730 1910 et
1757 1873 1908 1921 anima,

1091 1934 1183 1969 actio
1208 1940 1241 1970 et
1258 1935 1449 1985 cogitatio.
1477 1934 1767 1987 Independentia
1782 1935 1912 1975 Eccle-

1093 1999 1156 2035 siae
1180 1998 1368 2036 catholicae
1387 2001 1686 2051 personificatur
1710 2004 1751 2040 in
1784 2001 1912 2040 Ponti-

1091 2065 1160 2102 fice
1175 2094 1184 2112 7
1202 2063 1373 2117 Principe
1389 2067 1653 2118 independenti
1665 2082 1707 2107 ac
1723 2081 1909 2120 supremo,

1091 2133 1155 2184 qui
1177 2145 1219 2169 ex
1246 2130 1340 2170 Sede
1365 2145 1516 2170 romana
1531 2163 1541 2180 7
1570 2133 1638 2171 ubi
1660 2136 1793 2173 residet
1808 2163 1818 2182 7
1838 2136 1912 2172 im-

1090 2205 1192 2248 perat
1220 2199 1393 2237 omnibus
1431 2200 1665 2237 conscientiis
1704 2199 1907 2239 catholicis.

1092 2263 1277 2303 Gubernia
1301 2267 1538 2315 protestantia
1559 2271 1755 2317 nequeunt
1781 2279 1819 2304 se
1846 2279 1909 2305 ac-

1090 2330 1322 2369 commodare
1344 2332 1435 2370 ideae
1448 2358 1462 2380 ‚
1490 2331 1590 2384 quod
1608 2346 1684 2370 non
1711 2333 1851 2385 possint
1865 2346 1909 2371 ex

1057 2391 1061 2396 ’
1088 2397 1234 2448 proprio
1267 2395 1445 2434 arbitratu
1473 2396 1705 2449 disciplinam
1737 2396 1908 2436 Ecclesiae

1089 2470 1230 2499 mutare
1245 2490 1256 2508 7
1280 2476 1322 2500 ac
1336 2463 1537 2513 reperiatur
1560 2464 1600 2500 in
1622 2464 1790 2514 ipsorum
1807 2469 1904 2500 statu

1087 2527 1169 2575 lex,
1192 2540 1274 2579 quae
1299 2528 1346 2567 ab
1371 2530 1458 2580 ipsis
1481 2543 1558 2566 non
1576 2529 1736 2580 pendeat
1751 2557 1763 2578 ‚
1791 2534 1906 2579 potes-

1087 2600 1142 2631 tas
1164 2607 1185 2630 a
1201 2606 1264 2631 sua
1283 2594 1467 2632 distincta.
1492 2594 1723 2646 Principium
1752 2591 1905 2631 catholi-

1086 2672 1172 2698 cum
1189 2673 1254 2711 pro
1269 2660 1375 2698 nobis
1390 2669 1443 2699 est
1463 2675 1590 2700 verum
1611 2660 1902 2699 fundamentum

1084 2725 1201 2764 civilis
1223 2725 1374 2764 culturae
1394 2731 1404 2777 (
1417 2725 1697 2774 civilz'aasz'on),
1721 2725 1900 2777 quoniam

1081 2790 1206 2842 ipsum
1236 2799 1289 2829 est
1310 2792 1475 2831 defensio
1497 2805 1538 2829 ac
1563 2789 1672 2829 tutela
1704 2789 1893 2848 dignitatis

1080 2855 1273 2896 humanae.
1297 2856 1351 2895 Ita
1376 2859 1417 2895 in
1441 2854 1608 2896 Journal
1632 2854 1697 2894 des
1715 2854 1861 2923 Debats
1877 2884 1890 2904 ‚

1081 2932 1131 2958 22
1150 2921 1242 2961 Juil.
1273 2919 1389 2961 1838.
