2028 3354
168 214 228 262 38
639 226 799 256 muer.
837 224 893 252 :nn
926 222 1042 252 Locis
1075 220 1377 252 THEOLOGthS.

171 344 358 410 Optima
387 350 606 408 praeterea
630 334 868 400 dispositio
898 343 969 381 est
991 335 1089 382 haec
1118 333 1232 381 fides
1253 370 1266 393 ,
1297 349 1430 397 quae,
1457 329 1641 377 afflante
1673 325 1851 390 gratia,

170 421 329 468 statim
346 417 603 482 germinare
618 428 803 459 rursum
818 417 989 475 potest,
1010 418 1058 456 et
1074 409 1288 458 amissam
1303 408 1578 457 charitatem
1598 420 1649 451 ac
1666 402 1854 468 plenam

172 497 316 548 vitam
334 506 607 556 recuperare
631 489 720 551 (l).

819 640 1131 682 ARTICULUS
1163 639 1218 679 II.

743 770 813 814 De
846 768 894 814 E
896 768 1074 814 cclesz'oe
1103 780 1312 827 corpore.

240 917 321 963 62.
359 915 405 961 Si
426 930 483 960 ex
507 911 641 959 dictis
669 908 879 957 Christus
905 906 966 953 ad
986 905 1178 952 modum
1203 902 1403 950 humani
1431 899 1662 948 individui
1682 899 1866 945 societa-

175 1003 271 1040 tem
293 1008 424 1038 suam
443 1025 455 1047 ,
479 1004 651 1052 nempe
671 984 918 1032 Ecclesiam
942 982 1144 1029 instituit
1160 1017 1172 1039 ,
1197 979 1401 1043 legitime
1419 977 1637 1031 infertur,
1657 992 1760 1021 eam
1773 990 1869 1020 non

173 1068 269 1116 sola
304 1068 486 1124 anima,
518 1063 601 1110 sed
632 1072 679 1110 et
711 1078 903 1125 corpore
929 1067 1166 1116 constare,
1196 1073 1248 1103 ac
1274 1063 1522 1120 propterea
1553 1053 1752 1097 formam
1784 1066 1871 1097 ex·-

171 1145 391 1192 teriorem
411 1140 584 1188 habere
601 1175 614 1198 ,
637 1154 688 1185 ac
717 1134 947 1186 visibilem
972 1139 1096 1191 esse,
1124 1141 1263 1198 prout
1286 1130 1496 1195 superius
1523 1125 1870 1174 adnotavimus.

239 1221 316 1267 63.
357 1219 459 1266 Pari
488 1224 711 1282 praeterea
728 1218 834 1275 jure
856 1211 1183 1276 consequitur,
1219 1206 1488 1264 Ecclesiam,
1514 1201 1639 1267 quod
1667 1201 1726 1247 ad.
1750 1200 1874 1246 hanc

173 1299 373 1346 formam
395 1294 674 1343 exteriorem
700 1291 797 1338 sive
828 1305 993 1352 corpus
1015 1287 1211 1343 attinet,
1238 1283 1402 1329 nonin
1425 1297 1554 1327 mera
1575 1277 1783 1325 fidelium
1801 1292 1876 1339 ag—

176 1374 445 1441 gregatione
476 1369 753 1425 consistere,
772 1365 855 1413 sed
874 1365 1043 1411 intimo
1067 1372 1113 1409 et
1138 1359 1371 1408 essentiali
1400 1357 1563 1404 ordine
1581 1391 1593 1414 .,
1619 1363 1787 1418 atque,
1824 1360 1876 1398 ut

177 1454 242 1499 ita
267 1451 418 1497 dicam
433 1484 445 1505 ,
472 1449 697 1510 orgyam'ce
722 1460 820 1490 esse
845 1441 1148 1489 constitutam
1165 1474 1178 1496 ,
1209 1437 1272 1484 sic
1295 1444 1347 1482 ut
1365 1441 1547 1482 constet
1569 1448 1625 1478 ex
1650 1427 1873 1477 membris

180 1528 383 1576 invicem
406 1522 586 1571 sociatis
614 1529 661 1568 et
685 1518 902 1581 subjectis
928 1534 1014 1581 pro
1045 1512 1315 1561 diversitate
1335 1509 1617 1565 officiorum,
1642 1521 1743 1570 quae
1767 1503 1876 1549 uni-

181 1605 346 1669 cuique
384 1598 599 1648 membro
636 1603 913 1661 competunt
942 1596 1076 1655 juxta
1117 1587 1288 1637 Christi
1328 1584 1686 1633 institutionem.
1732 1581 1879 1627 Immo

183 1697 320 1738 verO,
354 1673 753 1743 quemadmodum
777 1673 826 1717 in
846 1667 1055 1735 qualibet
1075 1667 1162 1712 rite
1180 1663 1394 1710 instituta
1418 1660 1660 1716 societate,
1687 1656 1880 1703 omnino

183 1771 368 1803 necesse
394 1761 465 1800 est
479 1787 492 1812 ,
513 1760 566 1796 ut
582 1748 658 1796 alii
672 1746 863 1813 praesint
880 1782 892 1804 ,
916 1744 992 1790 alii
1013 1751 1169 1789 autem
1183 1739 1506 1800 subjiciantur,
1534 1749 1791 1797 omnesque
1807 1749 1876 1778 ar·

186 1831 390 1879 ctissimo
424 1829 547 1874 inter
565 1843 612 1873 se
640 1841 761 1871 nexu
783 1821 1108 1869 consocientur
1138 1833 1223 1881 per
1248 1813 1443 1861 modum
1466 1810 1601 1857 unius
1625 1845 1636 1868 ,
1660 1818 1713 1854 ut
1738 1824 1880 1853 unam

185 1909 455 1956 societatem
479 1911 559 1949 aut
589 1918 753 1966 corpus
773 1896 946 1945 morale
970 1894 1197 1950 efficiant,
1226 1890 1434 1954 illudque
1457 1884 1754 1933 individuum
1774 1882 1883 1929 red-

187 1984 321 2042 dant,
341 1983 406 2028 ita
423 1980 565 2046 plane
579 1976 808 2040 ejusmodi
831 1973 1078 2022 Ecclesiam
1100 1967 1270 2016 Christi
1289 1983 1404 2024 esse,
1420 1963 1694 2011 societatum
1712 1958 1883 2007 scilicet

189 2060 401 2108 omnium
430 2054 812 2122 perfectissimam
842 2069 894 2098 ac
922 2047 1259 2097 nobilissimam
1281 2080 1293 2103 ,
1327 2057 1512 2090 necesse
1537 2047 1621 2085 est.

260 2135 339 2183 64.
375 2136 477 2182 Duo
509 2132 583 2179 hic
615 2128 810 2196 proinde
840 2134 1059 2192 praestare
1088 2121 1337 2178 debemus,
1361 2132 1559 2183 quorum
1588 2112 1788 2159 alterum
1815 2117 1884 2156 est

192 2211 478 2279 patefacere,
501 2206 669 2274 quibus
690 2204 912 2267 coalescat
935 2218 1040 2267 pars
1061 2199 1159 2246 haec
1188 2195 1390 2244 exterior
1421 2189 1661 2249 Ecclesiae}
1684 2187 1884 2233 alterum

197 2307 307 2338 vero
324 2324 335 2346 .‚
363 2296 524 2334 utrum
547 2291 594 2331 et
611 2284 659 2329 in
681 2299 793 2346 quas
814 2278 997 2332 classeS,
1023 2276 1102 2341 qui
1119 2274 1240 2321 hanc
1262 2270 1506 2318 Ecclesiam
1520 2283 1600 2313 seu
1619 2263 1885 2311 societatem

198 2365 499 2413 christianam
517 2359 790 2416 conficiunt,
816 2353 1173 2402 distribuantur.
1197 2346 1363 2409 Quoad
1374 2345 1583 2412 primum
1605 2357 1717 2387 vero
1732 2346 1893 2385 osten—

197 2440 361 2487 demus
378 2475 392 2497 ,
411 2456 514 2485 eam
529 2435 784 2484 coalescere
799 2441 895 2478 tam
909 2447 963 2477 ex
975 2428 1110 2491 justis
1127 2442 1268 2491 quam
1289 2440 1346 2470 ex
1369 2416 1711 2486 peccatoribus,
1736 2412 1889 2479 quoad

198 2514 458 2563 secundum
496 2511 793 2568 evincemus,
833 2523 937 2553 eam
973 2505 1022 2550 in
1056 2503 1171 2551 duos
1200 2498 1384 2546 ordines
1409 2493 1659 2551 distribui,
1701 2490 1887 2538 clericos

258 2692 310 2741 (1)
340 2689 474 2727 Exhoc
495 2686 718 2737 colligimuS,
742 2694 918 2732 magnum
935 2693 1010 2718 esse
1077 2678 1210 2729 piscat,
1249 2681 1284 2712 et
1315 2673 1557 2725 pharmacum
1586 2667 1722 2706 morbis
1756 2666 1888 2703 animae

205 2756 429 2796 beneficium
451 2752 507 2791 vel
524 2751 571 2789 ad
592 2751 713 2788 solum
738 2760 833 2788 verae
860 2745 1012 2784 Ecclsiae
1079 2754 1152 2780 suae
1169 2770 1179 2788 ,
1203 2743 1257 2779 uti
1279 2739 1504 2791 experientia
1524 2733 1885 2788 quotidiana'osten-

208 2834 338 2874 corpus
349 2819 548 2870 pertinere.
565 2815 733 2861 Etenim,
752 2813 921 2866 quamvis
938 2824 1017 2848 non
1080 2807 1149 2845 dit.
1163 2805 1298 2844 Contra
1311 2817 1412 2849 vero,
1426 2804 1492 2855 qui
1503 2808 1602 2838 extra
1615 2811 1740 2836 veram
1749 2795 1890 2835 Christi

205 2902 287 2926 raro
310 2886 497 2934 contingat
507 2883 746 2935 quempiam,
768 2880 807 2916 in
837 2877 1018 2928 pecccatis
1083 2872 1286 2912 Ecclesiam
1317 2876 1507 2910 versantur
1530 2874 1566 2905 et
1596 2878 1680 2904 vera
1706 2863 1779 2902 fide
1806 2863 1888 2902 des-

206 2952 415 2991 sordescerc
430 2978 441 2999 ‚
459 2946 663 2987 dummodo
681 2938 806 2983 tamen
828 2956 953 2981 veram
969 2941 1014 2980 fi-
1080 2940 1178 2976 tituti
1200 2945 1286 2976 sunt
1302 2967 1313 2986 ,
1334 2936 1391 2975 his
1414 2946 1560 2987 quoquc
1588 2930 1758 2971 remediis
1780 2928 1890 2967 desti-

207 3018 291 3057 dem
316 3022 470 3063 teneat,
491 3010 784 3064 semper'habet,
810 3008 910 3049 unde
930 3008 1017 3046 resi·
1083 3011 1252 3043 tuuntur.
