2028 3354
219 176 312 223 346

683 190 837 222 TRAC‘r-
878 192 931 220 DE
966 193 1088 223 mels
1124 194 1422 225 THEOLOGIGIS.

220 324 311 371 qua
336 305 410 355 vel
440 304 684 366 significari
700 312 879 367 queunt
897 304 1090 366 privatae
1115 322 1167 352 ac
1188 307 1383 371 propriae
1402 306 1546 353 animi
1573 306 1704 353 dotes
1726 315 1773 353 et
1791 324 1907 372 qua‘

217 383 372 430 litates
402 380 624 441 alicujus,
668 379 745 427 vel
782 379 1025 443 significari
1054 389 1208 444 potest
1241 399 1408 429 munus
1427 419 1438 441 ,
1462 382 1780 447 privilegium,
1799 399 1907 430 auc-

218 459 380 504 toritas
403 492 415 514 ,
453 472 553 521 quae
579 456 642 502 ita
678 454 812 503 alicui
846 455 1018 502 tributa
1050 456 1108 502 sit
1125 493 1136 514 a
1160 466 1212 503 ut
1235 457 1293 503 sit
1317 458 1413 504 aliis
1433 456 1878 505 incommunicabilis
1894 494 1906 511 q

216 543 358 598 atque
388 532 512 578 illius
544 533 736 579 omnino
766 532 973 596 propria.
1013 533 1058 579 Si
1087 531 1174 578 hoc
1212 534 1452 597 posteriori
1488 535 1738 599 accipiatur
1771 551 1910 581 sensu

210 610 474 674 personalis
493 609 635 655 Petri
650 610 1012 671 praeeminentia
1024 643 1044 665 ,
1078 608 1372 656 verissimum
1397 618 1491 670 est,
1513 627 1689 675 nosque
1716 610 1808 675 ipsi
1824 609 1911 656 hac
1955 623 1958 625 ’

215 686 290 732 usi
313 703 423 734 voce
454 702 612 732 sumus
638 684 699 730 ad
730 683 1068 733 secernendam
1090 684 1367 747 dignitatem
1391 693 1439 732 et
1467 687 1786 734 auctoritatem
1812 688 1913 751 pri-

215 771 372 810 matus
405 779 429 808 a
459 760 642 808 Christo
672 762 755 807 uni
781 763 918 807 Petro
943 760 1158 807 collatam
1191 760 1249 807 ab
1282 760 1358 807 illa
1385 769 1643 808 ceterorum
1668 762 1913 827 Apostolo—

220 857 342 888 rum.
361 838 496 898 Quod
510 839 547 885 si
560 837 721 885 eadem
738 855 827 885 vox
843 838 892 884 in
914 838 1057 902 priori
1078 837 1410 901 significatione
1429 846 1703 900 usurpetur5
1725 839 1917 886 assertio

216 927 290 963 est
303 916 417 963 falsa
435 936 446 974 ς
468 916 591 980 quia,
615 932 722 962 cum
737 914 947 961 Christus
962 949 974 971 a
990 919 1124 975 Juxta
1138 912 1398 960 doctrinam
1418 915 1607 960 Patrum
1625 950 1637 969 ,
1663 914 1914 961 instituerit

218 994 476 1059 primatum
501 994 551 1038 in
583 991 763 1037 bonum
794 990 1001 1037 Ecclesiae
1024 1025 1036 1047 a
1068 1006 1238 1054 nempe
1269 988 1327 1035 ad
1352 993 1447 1051 ejus
1478 990 1708 1047 unitatem
1741 991 1915 1036 consti—

218 1068 444 1116 tuendam
472 1075 520 1115 et
535 1066 907 1114 conservandam
923 1102 935 1121 ἢ
958 1064 1149 1112 evidens
1169 1074 1239 1111 est
1253 1067 1408 1111 Patres
1423 1064 1510 1110 illis
1527 1064 1694 1123 titulis,
1714 1064 1916 1112 noluisse

219 1145 476 1209 significare
494 1144 704 1208 proprias
726 1159 778 1190 ac
797 1141 1103 1190 individuales
1127 1141 1244 1187 Petri
1271 1158 1479 1206 personas
1508 1140 1662 1201 dotes,
1687 1158 1790 1206 quae
1807 1159 1915 1188 cum

219 1222 320 1286 ipso
350 1221 501 1287 perire
536 1219 773 1267 debebant
808 1219 898 1282 (l).
930 1220 1227 1281 Quapropter
1258 1234 1504 1282 nunquam
1545 1216 1631 1264 hoc
1658 1234 1796 1264 sensu
1827 1217 1921 1282 ipsi>

277 1417 328 1468 (i)
361 1416 448 1455 Haec
485 1425 537 1455 est
561 1418 747 1468 potissima
776 1417 896 1463 ratio,
923 1429 1036 1468 quare

220 1483 432 1534 Dupinius‚
461 1483 525 1534 qui
548 1510 560 1530 ,
587 1490 628 1519 ut
655 1482 840 1528 vidimus,
868 1483 1036 1533 quamvis

220 1548 388 1586 videatur
413 1560 606 1598 agnoscere
632 1545 673 1584 in
695 1546 800 1584 Petro
834 1546 1035 1598 primatum

219 1613 488 1666 jurisdictionis
506 1640 518 1660 ,
543 1614 660 1664 reipsa
683 1621 805 1650 tamen
830 1626 914 1650 eum
937 1612 1035 1650 redi-

221 1682 272 1730 git
289 1680 335 1718 ad
367 1681 568 1731 primatum
593 1681 686 1716 meri
712 1679 849 1716 ordinis
875 1692 936 1716 seu
968 1678 1036 1715 ho—

221 1746 346 1794 nori53
372 1746 460 1783 hinc
486 1746 564 1795 ipse
600 1743 754 1781 subdole
787 1743 833 1781 ad
864 1745 1036 1781 evincen-

221 1809 313 1848 dum
327 1809 623 1862 primatumPetri
634 1810 773 1857 respuit
789 1808 1034 1858 probationes,

226 1888 309 1927 quae
332 1890 375 1914 ex
393 1873 528 1912 Matth.
557 1885 623 1911 xv1
642 1881 676 1911 et
691 1873 797 1912 Joan.
819 1887 880 1911 xxi
902 1887 1037 1911 eruun-

228 1948 290 1978 tur
305 1971 315 1987 ‚
334 1948 369 1979 et
381 1939 500 1978 solnm
521 1939 627 1977 illum
650 1939 787 1990 colligit
803 1953 843 1976 ex
857 1952 914 1984 eo,
936 1939 1035 1991 qnod

221 2006 349 2044 Petrus
367 2006 522 2057 primus
547 2018 688 2055 semper
712 2006 756 2042 sit
783 2003 928 2042 habitus
944 2033 955 2053 ‚
983 2013 1038 2042 at-

224 2086 297 2123 que
323 2085 343 2108 a
370 2071 519 2109 Christo
555 2069 748 2119 decretus,
780 2078 815 2107 et
848 2069 950 2121 quod
973 2084 1037 2107 ne-

224 2151 322 2176 cesse
346 2138 392 2174 sit
413 2167 422 2185 ‚
442 2144 483 2174 ut
498 2137 569 2183 ait,
595 2136 685 2173 diss.
703 2149 740 2173 iv
756 2163 766 2182 ‚
789 2149 868 2185 cap.
891 2148 904 2171 1
922 2164 931 2182 ‚
955 2132 974 2186 §
1000 2148 1033 2182 1,

222 2203 388 2255 aliquem
415 2204 592 2256 primum
626 2203 730 2239 inter
764 2201 896 2252 plures
934 2214 1037 2250 esse,-

223 2272 363 2321 primus
388 2282 448 2307 res
473 2274 550 2316 est,
577 2281 662 2318 quoe
686 2268 757 2304 urzi
781 2273 930 2304 tamum
949 2279 1037 2304 eon-

223 2337 353 2383 venit‚
382 2349 451 2373 nec
470 2334 583 2373 alteri
604 2323 727 2386 potest
745 2334 1036 2371 communicari.

223 2399 363 2439 Eadem
387 2402 529 2439 ratione
544 2413 582 2438 se
605 2401 713 2451 gessit
732 2398 936 2453 Launojus,
958 2397 1034 2436 Cfc.

225 2462 438 2513 Gerdilius,
473 2467 513 2503 in
546 2478 676 2516 opusc.
711 2462 873 2500 Analisz'
906 2469 1037 2500 contra

223 2529 427 2583 Launqjo,
453 2544 540 2582 opp.
576 2530 665 2567 edit.
697 2528 807 2566 Rom.
843 2536 934 2566 tom.
959 2517 1040 2566 ιιιιι.Δ

224 2595 327 2634 Idem
365 2604 523 2633 senserat
558 2594 612 2634 M.
645 2593 733 2632 Ant.
773 2594 819 2632 de
841 2593 1035 2642 Dominis,

224 2660 291 2700 De
327 2660 459 2712 repub.
501 2660 568 2699 lib.
596 2663 635 2706 i,
675 2674 758 2711 cap.
788 2657 829 2708 4.
867 2659 1038 2698 Ceterum

226 2729 479 2765 auctoritatem
515 2727 590 2764 veri
629 2726 790 2763 nominis
825 2738 887 2763 seu
926 2725 1038 2775 juris-

227 2791 398 2830 dictionis
421 2793 658 2830 neeessariam
682 2805 758 2830 esse
786 2790 832 2828 ad
858 2793 1037 2830 unitatem

1110 1413 1170 1452 De
1195 1413 1543 1451 l’etablissememet
1566 1413 1630 1451 dee
1654 1414 1914 1465 preroqatives

1105 1480 1150 1518 de
1172 1478 1332 1531 l’quise
1364 1480 1409 1516 de
1437 1480 1552 1518 Rome
1575 1487 1608 1517 et
1641 1479 1704 1517 des
1728 1481 1882 1531 emique&
1898 1509 1910 1526 ‚

1107 1544 1203 1582 Paris
1234 1542 1331 1583 1685
1348 1574 1358 1591 ‚
1375 1544 1485 1595 chap.
1508 1543 1532 1594 4
1550 1574 1561 1591 ,
1583 1559 1667 1595 pag.
1687 1542 1735 1595 57
1758 1553 1794 1582 et
1811 1558 1915 1597 seqq.

1105 1609 1153 1647 Je
1176 1610 1282 1647 dz'rai
1321 1609 1547 1658 seulement,
1574 1610 1731 1658 scribit,
1765 1623 1804 1647 ce
1826 1609 1921 1647 dont

1105 1681 1187 1713 tous
1211 1675 1262 1712 les
1296 1673 1526 1726 catholz'ques
1550 1676 1829 1720 conviermem,
1847 1688 1918 1726 que

1105 1739 1373 1778 Jews-Christ
1400 1740 1537 1778 olcoisit
1553 1743 1658 1778 saint
1671 1737 1804 1778 Pierre
1816 1747 1919 1778 entre

1104 1813 1187 1844 toas
1213 1819 1269 1843 ses
1285 1803 1437 1856 apo'tree
1454 1819 1558 1858 pour
1571 1805 1629 1842 lui
1655 1805 1800 1843 donner
1822 1817 1911 1842 non-

1104 1870 1307 1909 seulement
1323 1871 1359 1908 la
1375 1872 1571 1923 primaute
1584 1871 1731 1908 d'ordre
1749 1900 1759 1917 ‚
1781 1869 1915 1907 d’llon-

1104 1950 1203 1974 ηραν
1224 1943 1258 1973 et
1290 1935 1335 1973 de
1363 1949 1484 1986 raray,
1521 1949 1569 1973 en
1594 1935 1653 1973 lui
1684 1935 1856 1973 donnum
1886 1933 1919 1972 le

1097 2004 1268 2053 premier
1288 1999 1365 2039 lieu
1381 2030 1391 2047 ‚
1408 2015 1550 2039 comme
1574 2001 1598 2039 ὰ
1619 2000 1716 2038 celui
1736 2002 1806 2052 qui
1818 2006 1872 2038 eat
1886 1998 1918 2038 le

1097 2068 1270 2118 premier
1279 2074 1381 2104 entre
1392 2080 1449 2104 ses
1458 2070 1582 2118 equum
1598 2096 1608 2114 ‚
1621 2073 1656 2103 et
1672 2079 1719 2104 en
1736 2078 1796 2103 ces
1804 2064 1914 2113 done,

1103 2146 1162 2171 ces
1184 2134 1368 2185 pouvoirs
1402 2140 1435 2170 et
1468 2145 1526 2170 ces
1560 2132 1716 2182 φάσθε,
1743 2132 1813 2182 qui
1834 2136 1921 2168 som

1106 2197 1364 2250 inseparables
1381 2197 1474 2235 etde
1498 2196 1709 2249 l’apostolat
1729 2202 1764 2234 et
1784 2196 1829 2235 de
1851 2195 1917 2234 Γό-

1098 2265 1298 2316 Ρίεοοραί,
1328 2265 1428 2301 mais
1454 2264 1561 2300 aussi
1586 2261 1624 2299 la
1648 2263 1846 2315 primaute
1874 2261 1919 2299 de

1096 2328 1358 2381 jurisdiction
1376 2357 1387 2379 ‚
1415 2328 1460 2366 de
1477 2330 1687 2381 puisse-nce
1710 2335 1746 2365 et
1769 2326 1918 2365 d’auto-

1104 2395 1177 2432 rite
1190 2407 1259 2432 sicr
1280 2401 1364 2431 tous
1378 2393 1429 2431 les
1451 2393 1581 2444 fideles
1594 2393 1693 2431 dans
1716 2399 1815 2431 toute
1833 2390 1918 2429 PE-

1108 2459 1226 2511 9bise,
1249 2459 1339 2498 dont
1357 2458 1388 2496 il
1408 2459 1440 2496 Ie
1462 2461 1652 2497 constitua
1674 2458 1707 2496 le
1735 2457 1832 2509 chesi
1854 2455 1914 2494 Sic

1105 2524 1232 2564 Nicole
1248 2555 1258 2573 ‚
1288 2524 1478 2564 Instruct.
1509 2541 1529 2562 x
1554 2555 1563 2573 ,
1589 2538 1658 2562 sur
1680 2523 1713 2561 le
1734 2520 1908 2576 symbok,

1105 2589 1127 2643 ξ
1157 2603 1202 2628 10
1234 2604 1244 2628 :
1272 2590 1332 2628 La
1363 2590 1546 2628 tradition
1569 2621 1578 2638 ‚
1630 2591 1781 2642 inquit,
1817 2599 1914 2624 nous

1106 2657 1285 2710 apprena'
1315 2671 1386 2709 que
1422 2656 1531 2695 Dieu
1550 2687 1560 2704 ‚
1587 2669 1690 2708 pour
1720 2666 1916 2691 conserver

1105 2736 1174 2761 son
1186 2721 1317 2774 quise
1330 2736 1377 2761 en
1389 2725 1514 2772 unite,
1527 2736 1550 2759 a
1561 2720 1676 2759 etabli
1686 2732 1769 2770 une
1784 2718 1914 2756 chaire

1107 2796 1142 2826 et
1164 2791 1329 2828 autorite
1346 2790 1566 2841 superiecere
1575 2799 1679 2838 pour
1698 2783 1826 2823 veiller
1838 2785 1861 2822 ὰ
1875 2784 1913 2822 la

227 2857 520 2895 constituendam
535 2865 570 2895 et
584 2856 887 2903 conservandam,
901 2858 960 2895 vel
974 2856 1045 2909 ipsi
1111 2856 1346 2903 maintenir,
1371 2855 1441 2905 qui
1464 2859 1517 2890 est
1529 2850 1617 2890 celle
1637 2850 1682 2888 de
1700 2849 1853 2901 l’quise
1872 2849 1917 2887 de

232 2922 328 2961 Petri
368 2926 545 2974 primatus
582 2924 774 2961 adversarii
819 2921 905 2960 fassi
943 2931 1041 2961 sunt.

229 2988 325 3029 Sanc
337 2988 570 3040 Maimbourg
585 2990 623 3026 in
637 2987 833 3040 op,gallice
849 2989 1042 3040 inscripto:

1113 2919 1253 2968 Rome,
1278 2927 1350 2958 etc.
1377 2919 1455 2956 Alia
1484 2916 1640 2956 inferius
1673 2915 1916 2969 suinciemus

1115 2987 1334 3024 testimonia.
