2028 3354
1723 171 1818 219 287

446 189 575 216 PART.
615 186 647 217 1.
687 187 785 218 CAP.
829 187 889 216 lv.
929 188 985 216 DE
1022 188 1242 218 ECGLESIAE
1278 188 1479 218 DOTIBUS.

184 304 296 351 432.
336 301 406 349 Ad
432 302 501 348 2¹1¹
520 338 532 361 7
570 302 696 349 Dist.
727 301 1014 367 Quamplura
1037 302 1241 350 Concilia
1263 311 1364 349 acta
1397 319 1478 349 sua
1507 302 1736 351 miserunt
1757 304 1818 352 ad

115 382 453 446 Imperatores,
486 387 539 425 ut
566 380 959 427 confirmarentur
995 380 1045 426 in
1074 379 1238 428 ordine
1269 379 1330 427 ad
1362 397 1525 428 eorum
1557 380 1818 429 custodiam

114 468 163 506 et
189 457 539 516 executionem,
575 473 728 511 conc.;
747 457 798 503 in
813 455 978 504 ordine
996 455 1057 504 ad
1083 456 1393 504 intrinsecum
1421 456 1566 504 robur
1590 475 1643 506 ac
1669 460 1820 506 firmi-

115 543 260 582 tatem
289 534 343 580 iis
375 531 704 593 tribuendam,
739 551 841 597 neq.
875 532 984 580 Ideo
1014 533 1144 580 enim
1168 531 1411 580 interdum
1439 543 1647 598 potestas
1672 535 1819 584 civilis

112 610 343 657 canonicis
364 608 682 657 sanctionibus
707 609 885 673 adjecta
904 618 974 655 est
990 644 1003 667 ,
1028 625 1123 655 non
1152 617 1204 654 ut
1217 608 1315 655 istis
1338 609 1434 656 vim
1446 611 1683 660 conferret
1697 610 1821 660 obli-

112 686 253 750 gandi
288 676 478 745 fideles.
513 704 605 751 qua
640 704 697 735 ex
734 684 993 749 semetipsis
1021 692 1262 742 carerent.
1302 700 1468 731 verum
1500 695 1553 733 ut
1587 704 1819 736 canonum

111 762 374 810 custodiam
411 763 710 810 confirmaret
743 771 1107 825 transgressores
1138 759 1382 826 puniendo
1402 797 1414 821 ‚
1452 762 1522 808 uti
1550 762 1821 813 declaratur

112 841 161 888 in
190 840 435 905 capitulari
463 838 751 888 childeberti
786 838 904 902 regis
931 855 943 884 τ
990 838 1052 886 Ut
1064 839 1228 902 plebs,
1260 856 1367 901 quoe
1399 841 1657 888 sacerdotis
1681 859 1822 906 pree-

112 926 247 981 cepta
278 935 374 965 non
402 920 475 963 ita
499 924 556 963 ut
585 923 765 979 oportet
789 915 1022 974 custodit,
1048 924 1206 963 nostro
1239 917 1387 963 etiam
1416 921 1699 982 corriyatur
1721 921 1820 966 im—

105 997 249 1058 perio
267 993 354 1059 (1).
380 992 513 1052 Quod
532 992 708 1057 pariter
722 990 873 1057 liquet
897 1008 955 1039 ex
974 990 1146 1039 celebri
1167 992 1483 1041 Valentiniani
1506 996 1569 1042 111
1596 994 1818 1057 Novella,

113 1071 164 1116 in
199 1088 289 1135 qua
313 1069 482 1132 legitur
505 1086 515 1114 :
544 1069 675 1117 Erat
698 1069 893 1132 quidem
920 1071 1028 1132 ipsa
1060 1072 1294 1117 sententia
1318 1087 1413 1133 per
1443 1071 1632 1119 Gallias
1673 1076 1820 1120 etiam

113 1149 217 1194 siue
243 1146 496 1210 imperiali
521 1143 758 1192 sanctione
797 1147 1030 1193 valitura.
1068 1146 1205 1209 Quid
1236 1150 1368 1194 enim
1408 1152 1539 1195 tanti
1569 1151 1819 1214 pontificis

113 1223 307 1286 (Leonis
337 1222 432 1285 M.)
463 1224 747 1268 auctoritati
767 1238 865 1268 uon
898 1221 1091 1268 liceret?
1118 1223 1215 1269 Sed
1234 1231 1454 1271 nostram
1485 1243 1670 1289 quoque
1682 1245 1819 1291 prce-

112 1302 371 1363 ceptionem
394 1298 492 1344 hoec
518 1301 643 1345 ratio
662 1299 948 1361 probavit...
977 1315 1062 1345 uec
1086 1316 1295 1362 usquam
1317 1301 1464 1348 alteri
1490 1303 1819 1352 ecclesiasticis

111 1376 255 1423 rebus
283 1392 429 1422 arma
457 1376 652 1421 miseere
679 1382 766 1420 aut
786 1377 1041 1438 proeeeptis
1072 1377 1267 1422 romani
1293 1376 1543 1426 Antistitis
1575 1381 1717 1428 liceat
1745 1382 1821 1428 oh-

114 1455 249 1500 viare
279 1451 366 1515 (2)
401 1453 553 1515 Atque
582 1450 668 1497 hac
694 1450 754 1497 de
785 1467 919 1497 causa
948 1451 1183 1516 Principes
1213 1469 1298 1518 pro
1326 1455 1622 1517 synodalium
1641 1459 1817 1505 consti-

114 1529 355 1574 tutionum
384 1526 736 1574 confirmatione
771 1526 976 1574 concilia
1017 1536 1064 1573 et
1097 1528 1312 1592 Episcopi
1348 1547 1698 1598 nonnunquam
1736 1552 1818 1582 ro·-

116 1613 301 1668 garunt.
328 1604 447 1650 Sane
474 1602 689 1650 Conciliis
712 1603 1009 1651 oecumenicis
1038 1621 1160 1668 pene
1179 1604 1397 1653 omnibus
1424 1607 1815 1672 efflagitantibUS‚

115 1680 351 1745 Principes
383 1679 444 1725 ad
474 1680 650 1726 tuenda
687 1679 948 1742 dogmatica
988 1678 1202 1740 decreta,
1235 1690 1375 1746 atque
1403 1683 1463 1730 ad
1492 1684 1819 1736 haereticorum

114 1755 503 1822 compescendam
529 1756 772 1804 audaciam
806 1754 957 1803 edicta
985 1757 1375 1821 promulgarunt3
1419 1778 1536 1808 num
1570 1763 1711 1828 igitur
1741 1767 1818 1830 ip-

106 1900 154 1939 Et
179 1899 315 1938 clarius
334 1899 457 1937 adhuc
471 1898 667 1937 Masculus
681 1929 691 1946 ‚
716 1898 808 1937 Loo.
824 1911 927 1936 oom-

107 1964 259 2004 manib.
283 1978 364 2016 cap.
392 1964 438 2002 de
472 1965 700 2015 Magistrat.
732 1973 819 2004 sect.
854 1964 926 2002 ult.

107 2030 208 2069 Hoec
221 2058 232 2077 ‚
269 2030 418 2082 inquit,
449 2030 670 2067 constitutio
704 2028 924 2082 discipline„

106 2095 371 2135 ecclesiastica?
381 2108 454 2148 per
474 2094 677 2148 Principes
689 2097 794 2136 nihil
814 2096 927 2134 aliud

110 2168 225 2206 esset,
251 2175 366 2213 quam
391 2162 605 2200 versionem
623 2161 775 2213 facere,
798 2168 834 2200 et
860 2176 924 2201 ar-

110 2225 310 2265 bitrariam
334 2227 535 2277 reliqionis
560 2228 837 2266 constituendae
853 2242 925 2281 po-

111 2296 279 2331 testatem
292 2322 304 2341 ,
319 2291 558 2345 ,Pontificum
574 2295 795 2345 magisterio
816 2307 924 2347 erep-

110 2365 206 2404 tam,
216 2359 504 2410 mayistratibus
515 2359 735 2412 adsiqnare.
750 2360 925 2407 Domum,

112 2424 240 2462 ceteris
251 2425 410 2470 omissis,
419 2423 682 2477 Wegscheider
695 2428 786 2477 ipse,
799 2423 823 2477 ὃ
837 2424 924 2470 183,

112 2488 243 2528 scribit
262 2488 614 2540 :Reformatoree...
639 2490 829 2530 Ecclesiae
850 2492 928 2544 ipsi

106 2556 334 2608 facultatem
368 2555 585 2595 tribuerunt
603 2587 616 2607 ‚
643 2559 806 2599 minime
840 2571 927 2598 vero

112 2634 200 2663 cum
236 2621 348 2660 civili
371 2628 555 2673 potestate
572 2652 582 2671 ‚
627 2637 716 2675 quoe
744 2625 797 2663 ad
832 2627 926 2677 jus-

112 2682 242 2726 titiam
270 2693 466 2725 externam
490 2696 657 2741 spectat,
684 2692 929 2730 commiscen-

113 2750 203 2789 dam
219 2781 231 2799 ,
263 2760 346 2791 tum
367 2753 615 2794 ministros...
641 2756 829 2802 vocandi,
859 2754 927 2793 eli-

114 2816 233 2866 qendi
252 2825 288 2856 et
308 2817 547 2869 ordinandi,
572 2827 655 2859 tum
678 2823 929 2862 coeremonias

116 2888 227 2934 atque
249 2886 349 2924 ritus
363 2915 373 2934 ‚
389 2888 492 2925 sicut
513 2900 663 2926 omnem
676 2888 930 2943 disciplinam

118 2947 425 3000 eeclesiasticam,
440 2952 494 2991 ad
502 2952 545 2991 E
545 2953 717 3006 vanqeli‘i
735 2962 930 3009 praecepta

117 3018 400 3068 temporumque
419 3021 586 3058 rationes
607 3020 847 3061 immutandi
858 3036 874 3072 ;
894 3031 931 3062 et

994 1900 1033 1936 in
1045 1907 1123 1937 not.
1136 1898 1203 1950 (L)
1218 1900 1328 1939 refert
1340 1901 1445 1941 artic.
1459 1902 1661 1944 Smalcald.
1676 1906 1718 1945 E
1719 1920 1818 1945 van-

995 1963 1094 2003 lium
1116 1966 1256 2004 tribuit
1277 1965 1364 2015 his,
1390 1969 1460 2020 qui
1478 1978 1657 2022 praesunt
1680 1972 1816 2012 Eccle-

991 2032 1090 2080 siis,
1120 2032 1347 2070 mandatum
1380 2034 1546 2074 docendi
1578 2035 1786 2090 Evanqelii
1804 2070 1814 2088 ‚

991 2097 1209 2135 remittendi
1218 2106 1377 2151 peccata
1391 2130 1402 2148 ,
1415 2101 1726 2142 administrandi
1741 2106 1816 2143 Sa-

992 2171 1212 2214 eramenta,
1245 2171 1435 2217 praeterea
1460 2169 1782 2219 jurisdictionem
1803 2201 1814 2219 ‚

991 2228 1167 2268 videlicet
1196 2231 1421 2271 mandatum
1451 2237 1817 2276 excommunicandi

992 2307 1052 2332 eos
1071 2325 1082 2343 ,
1125 2310 1288 2348 quorum
1326 2305 1418 2336 nota
1444 2308 1534 2338 sunt
1560 2303 1756 2353 erimina,
1784 2311 1819 2342 et

992 2362 1256 2412 resipiscentes
1292 2376 1446 2402 rursum
1481 2365 1718 2408 absolvendi.
1754 2369 1817 2409 Ac

994 2425 1228 2477 &quastione
1234 2435 1458 2481 potestatem·
1459 2433 1554 2482 jure
1565 2433 1701 2474 divino
1712 2448 1815 2474 com-

994 2506 1148 2533 munem
1172 2510 1249 2535 esse
1275 2497 1454 2537 omnibus
1469 2529 1479 2546 ,
1512 2502 1583 2551 qui
1601 2510 1784 2553 proesuut
1800 2534 1810 2551 ‚

993 2560 1075 2598 sive
1085 2570 1268 2601 vocentur
1277 2572 1452 2617 pastores
1468 2597 1479 2616 ,
1492 2568 1574 2606 sive
1580 2569 1811 2622 presbyteri,

994 2625 1076 2664 sive
1095 2625 1299 2682 Episcopi.
1314 2630 1438 2678 Quam
1454 2632 1551 2672 male
1575 2635 1635 2672 isti
1655 2635 1727 2673 sibi
1749 2649 1815 2674 co-

994 2691 1171 2742 haereant,
1189 2703 1288 2747 patet
1302 2710 1345 2735 ex
1367 2698 1427 2745 iis,
1448 2713 1528 2751 quae
1546 2700 1593 2739 de
1608 2709 1814 2752 protestan-

995 2760 1090 2798 tium
1116 2767 1313 2820 systemate
1338 2763 1553 2812 scripsimus
1573 2797 1583 2814 ‚
1617 2782 1702 2806 cum
1730 2781 1815 2821 age·

996 2839 1121 2865 remus
1145 2827 1191 2867 de
1210 2828 1469 2868 ecclesiastica
1495 2830 1729 2872 hierarchia.

1048 2892 1108 2941 (1)
1135 2892 1246 2933 Tom.
1272 2907 1312 2942 1,
1343 2894 1516 2947 Capitul.
1541 2912 1627 2950 pag.
1656 2897 1701 2937 6.

1052 2956 1102 3009 (2)
1130 2958 1229 3000 Inter
1251 2963 1360 3012 epist.
1376 2958 1417 3002 S.
1431 2961 1564 3001 Leonis
1580 2993 1591 3010 ‚
1621 2964 1711 3003 edit.
1730 2963 1814 3003 Bal-

998 3022 1214 3065 leriniorum
1240 3040 1298 3078 ep.
1320 3040 1355 3065 xi
1371 3056 1382 3075 ‚
1409 3041 1493 3079 pag.
1515 3026 1609 3078 643.
