2028 3354
224 193 321 241 278
695 206 849 236 TRAcr.
892 207 946 237 »Ε
982 208 1103 238 Locis
1150 206 1453 237 THEOLOGICIS.

294 325 403 372 419.
444 319 653 386 Apostoli
672 328 831 366 autem
852 319 1080 382 ejusmodi
1108 325 1411 374 autonomz'a,
1439 336 1519 366 seu
1537 323 1768 383 potestate
1786 315 1922 379 legis-

227 402 369 449 lativa
387 435 399 458 7
427 407 653 463 tanquam
669 399 883 460 propria
905 399 1040 457 juxta
1070 394 1242 441 Christi
1262 396 1607 442 institutionem
1625 430 1637 452 7
1670 409 1775 439 usos
1798 408 1923 451 esse,

229 487 361 544 patet
383 493 440 523 ex
460 492 515 522 eo
533 511 546 535 7
580 473 708 540 quod
725 474 815 539 ipsi
835 490 933 519 non
959 488 1102 536 pauca
1126 464 1490 535 praescripserint
1511 472 1630 519 circa
1650 470 1927 517 exteriorem

231 551 543 619 disciplinam.
571 551 624 598 In
653 550 857 598 Concilio
885 546 1304 611 Hierosolymitano
1322 547 1498 594 collecti
1515 584 1528 607 7
1550 554 1815 594 statuerunt
1841 562 1929 610 po-

229 631 380 678 litiam
400 638 645 676 externam
675 626 828 692 quoad
854 625 1022 689 legales
1046 624 1332 671 ceremonias
1355 632 1404 671 et
1427 623 1577 687 legem
1607 621 1871 670 abstinendi
1903 639 1928 668 a

230 706 456 771 sanguine
488 714 535 752 et
560 703 798 750 suffocato,
822 702 1020 760 Paulus7
1047 701 1065 747 Ι
1095 701 1198 747 Cor.
1235 701 1344 756 VII,
1376 699 1547 746 indixit
1581 699 1804 758 modum7
1837 714 1930 763 quo

231 781 437 831 ineunda
465 790 631 828 essentis
654 778 867 826 fidelium
897 777 1106 840 conjugia
1141 793 1247 823 cum
1277 774 1545 822 infidelibus
1564 811 1576 834 7
1610 784 1657 823 et
1688 774 1802 822 ibid.
1839 776 1928 834 XI,

235 857 471 925 quomodo
500 857 721 904 decenter
763 855 958 919 cogendi
993 861 1150 901 essent
1188 852 1361 917 publici
1397 850 1605 899 fidelium
1633 860 1892 903 conventus
1915 886 1929 909 7

208 936 417 1002 *aliaque
453 933 694 980 exterioris
727 931 982 997 disciplinae
1020 929 1170 995 capita
1208 937 1425 976 oretenus
1465 926 1773 985 stabilienda7
1821 926 1936 973 sub-

236 1014 354 1062 dens
378 1030 388 1058 :
418 1011 600 1059 Caetera
620 1017 809 1069 autem,
830 1025 941 1055 cum
968 1023 1158 1059 venero,
1185 1006 1439 1069 disponam
1468 1005 1558 1068 (1).
1582 1003 1808 1051 Instruxit
1826 1018 1938 1068 prae·

236 1099 365 1137 terea
388 1086 690 1134 Timotheum
710 1102 762 1132 ac
791 1084 948 1131 Titum
970 1084 1018 1130 in
1039 1081 1246 1147 epistolis
1276 1081 1337 1128 ad
1360 1097 1436 1128 eos
1463 1079 1610 1140 datis7
1643 1097 1732 1146 qua
1756 1079 1937 1127 ratione
1977 1112 1981 1114 -

238 1181 397 1231 gerere
423 1181 471 1211 se
500 1162 730 1210 deberent
756 1161 876 1208 circa
899 1162 1231 1225 Episcoporum
1247 1194 1259 1217 7
1284 1158 1596 1205 Diaconorum
1618 1167 1667 1204 et
1688 1157 1940 1205 viduarum

241 1242 520 1291 electionem
542 1276 554 1298 7
592 1247 813 1302 arcetque
844 1236 1105 1302 neophytos
1137 1252 1190 1282 ac
1223 1233 1432 1298 bigamos
1465 1232 1523 1279 ab
1554 1232 1939 1279 Ordinationibus

243 1320 400 1366 sacris·
425 1316 696 1364 Absurdum
719 1323 877 1361 autem
902 1322 949 1361 et
974 1313 1205 1360 absonum
1231 1320 1302 1357 est
1327 1309 1401 1358 vel
1421 1310 1640 1375 suspicari
1658 1345 1670 1368 7
1696 1309 1942 1374 Apostolos

240 1393 561 1459 disciplinares
580 1392 663 1438 has
678 1391 799 1453 leges
816 1389 1111 1437 constituisse
1125 1405 1180 1435 ex
1198 1387 1469 1453 Principum
1486 1386 1625 1434 seculi
1640 1386 1912 1433 auctoritate
1926 1421 1938 1442 7

246 1473 381 1520 venia
411 1479 492 1517 aut
514 1467 830 1534 dependentia
851 1466 940 1531 (2).

310 1547 423 1595 420.
449 1545 584 1604 Quod
604 1546 640 1591 si
662 1544 760 1592 haec
778 1543 1035 1607 legislativa
1055 1550 1258 1607 potestas
1284 1558 1308 1587 a
1336 1539 1520 1587 Christo
1539 1537 1703 1586 collata
1726 1535 1814 1582 fuit
1827 1536 1945 1601 Apo-

245 1624 374 1672 stolis
396 1624 444 1669 in
467 1622 677 1669 Ecclesiae
696 1637 788 1667 suae
808 1620 1059 1667 utilitatem
1076 1655 1088 1678 7
1109 1627 1237 1683 patet
1255 1654 1267 1677 7
1293 1634 1395 1664 eam
1413 1615 1471 1662 ad
1489 1615 1651 1662 eorum
1667 1630 1946 1661 successores

246 1699 514 1747 transfundi
534 1697 766 1745 debuisse.
789 1696 999 1743 Profecto
1016 1733 1029 1755 7
1060 1695 1098 1741 si
1118 1684 1384 1743 viventibus
1407 1691 1558 1739 adhuc
1577 1690 1804 1757 Apostolis
1821 1726 1833 1750 7
1858 1707 1944 1755 pro

248 1774 559 1840 multiplicata
590 1773 801 1820 fidelium
829 1773 959 1838 copia
977 1808 989 1831 7
1021 1779 1068 1818 et
1097 1780 1228 1817 aucta
1263 1778 1311 1817 et
1346 1777 1524 1816 mutata
1556 1769 1643 1814 fuit
1669 1766 1940 1831 disciplina7

251 1861 430 1918 quanto
449 1851 592 1914 magis
618 1858 724 1915 post
753 1858 824 1895 tot
843 1847 1109 1895 discrimina
1134 1863 1291 1894 rerum
1313 1862 1461 1911 usque
1483 1844 1543 1891 ad
1562 1844 1702 1892 seculi
1723 1860 1945 1890 consum-

250 1930 507 1976 mationem
536 1927 690 1990 augeri
719 1925 979 1989 variarique
1006 1922 1170 1971 debuit
1200 1932 1339 1987 atque
1362 1920 1587 1968 debebit?

315 2005 426 2051 421.
466 2003 586 2049 Hinc
616 2001 789 2050 factum
819 2010 890 2048 est
910 2038 923 2060 7
963 2009 1016 2046 ut
1049 2007 1156 2064 post
1184 1997 1513 2063 Apostolorum
1543 2005 1746 2044 mortem
1780 2003 1884 2041 tum
1918 2012 1944 2040 a

252 2084 385 2128 Rom.
416 2079 718 2126 Pontificibus
754 2086 857 2124 tum
884 2095 910 2124 a
936 2075 1151 2124 conciliis
1179 2075 1317 2122 editae
1356 2090 1541 2138 semper
1568 2073 1741 2119 fuerint
1770 2070 1944 2117 consti-

252 2159 456 2205 tutiones
479 2155 797 2221 disciplinares
818 2191 829 2213 7
865 2171 979 2218 quas
1007 2170 1034 2199 a
1061 2151 1157 2199 sola
1185 2151 1458 2198 auctoritate
1483 2148 1691 2196 Ecclesiae
1719 2155 1947 2211 tanquam

252 2253 278 2281 a
304 2233 514 2299 legitimo
540 2232 671 2279 fonte
707 2238 754 2277 et
784 2229 1028 2293 originario
1054 2232 1159 2290 jure
1189 2242 1469 2292 promanare
1500 2225 1702 2272 affirmat
1726 2224 1771 2270 S.
1792 2223 1947 2286 Augu-

250 2312 400 2359 stinus
419 2310 508 2374 (3).
526 2310 626 2368 Quo
644 2323 849 2371 namque
875 2305 1030 2353 tendit
1049 2304 1256 2352 Ecclesiae
1275 2302 1519 2368 disciplina
1536 2337 1549 2361 7
1577 2301 1665 2347 nisi
1688 2298 1764 2348 vel
1786 2298 1847 2346 ad
1865 2315 1948 2345 ex-

194 2398 196 2401 ·
253 2388 473 2436 teriorem
510 2384 743 2449 religionis
777 2382 953 2430 cultum
971 2420 983 2442 7
1019 2380 1097 2430 vel
1131 2379 1190 2428 ad
1224 2397 1409 2428 morum
1443 2375 1774 2426 sanctitatem?
1808 2373 1948 2440 Atqui

299 2554 355 2605 (1)
382 2552 401 2589 Ι
422 2552 505 2590 Cor.
530 2565 588 2598 xi,
614 2548 680 2600 34.
1126 2545 1283 2583 suetudo
1301 2573 1313 2592 ‚
1348 2556 1434 2595 quoe
1461 2555 1589 2580 errare
1614 2553 1693 2580 non
1716 2544 1857 2591 potest,
1883 2542 1945 2573 ut-

306 2618 359 2671 (2)
391 2617 489 2655 Hinc
501 2617 630 2656 merito
643 2613 683 2654 S.
698 2613 859 2651 Thomas
875 2643 885 2660 7
904 2615 946 2651 151
963 2619 1058 2665 part.
1124 2617 1213 2664 pote
1241 2625 1265 2648 a
1289 2610 1443 2664 Spiritu
1466 2607 1511 2647 S.
1537 2609 1739 2646 instructa.

249 2700 289 2738 q.
325 2682 404 2728 83,
436 2690 504 2721 art.
542 2682 564 2720 3
584 2711 594 2728 ,
627 2694 736 2732 agens
774 2679 820 2717 de
858 2679 988 2717 ritibus
1013 2677 1061 2717 ab
1184 2676 1236 2729 (3)
1260 2677 1302 2715 In
1316 2675 1460 2715 duabus
1472 2668 1939 2727 Epioe.adJanaarium‚

249 2750 411 2790 Ecclesia
432 2749 649 2801 praescriptis
672 2749 713 2784 in
744 2745 953 2783 divinorum
981 2759 1062 2797 my·
1128 2746 1260 2799 quaenin
1283 2745 1371 2783 edit.
1387 2742 1505 2781 Maur.
1533 2748 1620 2778 sunt
1642 2750 1698 2776 uv
1716 2743 1751 2774 et
1775 2748 1818 2772 zv
1836 2764 1845 2781 ‚
1860 2748 1941 2786 quae
2012 2735 2015 2737 ’

247 2818 441 2856 steriornm
466 2814 712 2852 celebratione
726 2841 736 2859 7
762 2811 889 2848 scribit
918 2825 928 2849 :
948 2808 1063 2862 Quod
1128 2810 1246 2848 ambae
1257 2818 1342 2849 sunt
1354 2809 1400 2847 de
1411 2808 1542 2846 eodem
1555 2807 1790 2855 argumentO,
1807 2813 1941 2851 nempe

246 2896 291 2921 ea
309 2894 393 2935 quoe
410 2893 485 2932 per
506 2877 720 2918 Ecclesiam
740 2882 986 2925 statuuntur,
1015 2874 1064 2913 ab
1130 2877 1175 2914 de
1202 2876 1393 2928 disciplina
1421 2880 1457 2911 et
1489 2870 1620 2909 ritibus
1639 2868 1685 2907 ab
1709 2866 1868 2906 Ecclesia
1884 2867 1941 2904 in·
2019 2863 2021 2866 ⁴

241 2949 326 2999 ipso
357 2944 510 2984 Christo
542 2944 802 2990 ordinantur,
834 2951 869 2980 et
897 2947 967 2981 art.
999 2939 1024 2980 5
1050 2953 1061 2977 ε
1130 2943 1279 2980 stitutis.
2009 2928 2014 2937 ”

240 3011 321 3051 Sed
346 3013 391 3051 in
423 3011 659 3050 contrarium
683 3015 737 3049 est
762 3006 945 3047 Ecclesioe
969 3018 1060 3046 con-
