2028 3354
396 205 522 237 PART.
558 207 589 234 1.
625 203 747 234 SEGT.
782 204 833 234 11.
872 204 970 234 CAP.
1003 204 1032 233 l.
1073 204 1126 232 DE
1162 203 1289 234 PETRI
1325 202 1538 232 PRIMATU.

1706 185 1803 232 355

121 317 196 364 hic
230 317 488 383 specialiter
521 317 659 364 fuisse
702 317 924 377 Petrum,
969 333 1073 363 cum
1109 315 1258 385 dixit:
1296 317 1354 362 Si
1384 318 1651 378 peccaverit
1672 318 1727 361 in
1765 323 1805 361 te

115 396 276 456 frater
299 404 408 441 tuus
427 429 439 452 ,
467 403 576 451 etc.;
602 392 683 440 sed
706 393 875 439 Christi
902 392 1041 440 verba
1064 391 1295 456 generalia
1316 401 1427 439 sunt
1443 428 1456 451 7
1482 400 1620 456 atque
1639 390 1706 437 >ad
1727 408 1803 438 eos

120 488 283 517 omnes
305 478 544 534 spectant,
576 470 654 533 qui
692 470 742 516 in
769 469 992 530 ejusmodi
1021 485 1127 514 casu
1159 477 1405 516 versantur
1439 468 1528 531 (l).
1557 468 1772 514 Ceterum
1791 503 1803 526 ,

119 564 226 593 cum
257 545 464 592 Christus
489 544 656 591 dixerit
686 563 696 590 2
719 547 775 591 Si
791 546 1057 593 Ecclesiam
1084 561 1179 589 non
1203 545 1441 600 audierit,
1476 548 1540 589 sic
1561 544 1652 589 tibi
1680 547 1807 589 sicut

116 623 329 667 ethnicus
339 623 694 683 etpublicanus,
708 629 855 685 patet,
871 620 1057 667 eumhis
1074 617 1226 665 verbis
1239 619 1517 681 significasse
1533 635 1806 665 excommu-

116 698 396 744 nicationem
413 734 425 756 7
440 714 491 743 ac
505 705 750 762 propterea
775 696 1000 742 Ecclesiae
1012 693 1202 739 nomine
1222 710 1298 740 eos
1311 693 1572 756 designasse
1590 729 1601 751 .,
1628 696 1708 758 qui
1727 694 1808 741 tali

116 782 344 838 potestate
388 772 640 831 fruuntur,
676 789 752 819 eos
798 770 999 828 scilicet,
1030 769 1108 833 qui
1137 767 1195 814 ab
1232 768 1398 816 eodem
1432 768 1616 815 Christo
1656 769 1808 818 claves

116 859 423 915 acceperunt7'
450 851 636 896 Petrum
665 846 889 893 nimirum
910 855 957 916 et
980 843 1221 910 Apostolos
1241 880 1253 903 .,
1298 843 1467 910 quibus
1500 843 1699 908 proinde
1717 846 1810 891 im·-

116 926 317 973 mediate
335 924 542 972 subdidit
561 942 570 971 :
587 925 741 970 Amen
762 923 866 968 dico
879 924 1028 977 vohis,
1041 938 1351 984 quaecumque
1368 922 1701 985 allz'yavervices·5
1721 930 1808 968 etc.

181 1001 290 1048 523.
328 1001 398 1048 Ad
432 1000 497 1046 3ῑΠ
523 1037 535 1060 a
573 1003 693 1047 Dz'st.
728 999 939 1064 Episcopi
985 1015 1033 1044 se
1069 1014 1233 1044 vocare
1269 1006 1614 1045 consueverunt
1664 1000 1812 1044 mz'm’·

114 1168 193 1193 cem
207 1155 409 1205 superiores
420 1181 429 1199 ‚
444 1153 548 1191 nulla
562 1153 779 1191 auctoritate
793 1151 927 1189 fruun-

114 1219 318 1258 turinalios
332 1218 401 1256 sibi
428 1219 600 1271 aequales,
631 1217 737 1269 Quod
768 1217 862 1255 vidit
890 1225 927 1255 et

113 1287 190 1337 ipse
213 1284 389 1322 Calvinus
404 1311 416 1330 ‚
449 1286 513 1336 qui
537 1292 616 1321 tum
641 1286 681 1321 in
706 1282 929 1320 Harmonia

114 1349 285 1402 evanqel.
303 1352 342 1387 in
355 1348 456 1387 hunc
476 1350 551 1387 loc.
568 1361 651 1400 pag.
672 1348 749 1386 213
767 1356 800 1385 et
822 1361 925 1399 seqq.

113 1416 202 1455 edit.
228 1414 426 1453 Amstelod.
450 1413 547 1467 1667
564 1443 574 1460 ‚
599 1422 679 1452 tum
694 1416 733 1450 in
747 1412 925 1450 Jmeitm.

114 1480 180 1519 lib.
217 1493 276 1528 iv,
308 1494 387 1531 cap.
415 1477 441 1517 8
459 1508 469 1526 ‚
496 1478 517 1531 ἓ
550 1477 623 1526 15,
651 1478 761 1516 verba
801 1491 812 1516 ε
847 1476 928 1515 Dic

115 1545 302 1583 Ecclesioe
317 1573 328 1591 ‚
363 1546 512 1595 exponit
535 1544 581 1582 de
604 1544 773 1582 Ecclesiae
802 1551 928 1594 pasto-

117 1610 246 1659 ribus,
280 1611 344 1662 qui
377 1610 579 1648 senioribus
615 1622 807 1662 synagogas
840 1621 927 1647 sue-

116 1677 245 1715 cedere
274 1675 485 1722 debebant,
513 1674 650 1727 quibus
675 1673 733 1726 jus
762 1681 837 1712 erat
865 1688 926 1712 ex-

115 1742 484 1788 communicationis,
512 1749 546 1778 et
577 1741 623 1778 ad
651 1754 743 1792 quos
764 1739 927 1777 Christus

115 1806 584 1844 accommodatsermonem
596 1819 721 1844 suum.
737 1805 927 1843 Immerito

116 1871 271 1922 proinde
285 1870 440 1909 Castalio
457 1900 467 1917 ‚
491 1870 669 1908 Vatablus
690 1870 825 1922 aliique
844 1884 927 1921 pro-

118 1945 289 1976 testantes
310 1944 498 1988 exponunt
516 1937 650 1974 Christi
672 1935 784 1974 verba
808 1949 819 1973 :
847 1934 928 1974 Dio

117 2002 341 2055 reipublicoe
355 2033 364 2050 ‚
383 2009 452 2040 aut
465 2004 584 2040 coetm‘
601 2000 778 2053 fidelium
800 2031 810 2048 ‚
824 2014 926 2039 com-

118 2069 325 2116 mumtati,
344 2067 590 2106 mmeitudini
605 2096 616 2116 ,
636 2072 710 2105 etc.
734 2066 813 2105 Cfr.
838 2066 925 2106 Cri-

117 2135 190 2179 tici
215 2134 318 2174 sacri
338 2136 374 2171 in
401 2134 501 2171 hunc
525 2133 598 2171 loc.
625 2131 798 2184 Quamvis
817 2144 926 2183 porro

120 2197 297 2236 Vatablus
311 2206 511 2250 protestans
526 2212 603 2236 non
617 2197 729 2235 fuerit
742 2226 752 2242 ‚
766 2204 925 2235 attamen

121 2265 199 2315 ejus
218 2266 477 2303 commentaria
494 2296 504 2312 ,
529 2271 655 2315 utpote
682 2277 703 2301 a
731 2262 825 2301 Rob.
846 2259 924 2301 Ste-

123 2328 245 2379 phano
269 2329 459 2367 calvinista
480 2330 631 2367 collecta
655 2336 689 2366 et
713 2328 831 2374 edita,
852 2329 927 2364 imo

58 2431 63 2434 ,
121 2406 283 2444 respersa
294 2403 397 2432 sectae
408 2395 610 2441 erroribus,
632 2402 810 2445 tanquam
824 2406 927 2431 com-

123 2460 302 2496 mentaria
348 2462 627 2510 protestantium
675 2467 886 2511 spectantur
914 2489 925 2506 ‚

123 2524 303 2576 quamdiu
323 2533 519 2576 expurgata
541 2539 619 2563 non
635 2532 736 2562 sunt.

178 2589 234 2638 (l)
266 2588 402 2626 Mirum
426 2598 491 2637 est,
506 2589 732 2629 adversarios
747 2589 929 2627 affirmare

123 2654 259 2692 Christi
281 2654 392 2693 verba
416 2668 428 2693 ε
448 2654 497 2693 Si
500 2655 715 2707 peccaverit
727 2655 769 2692 in
787 2660 835 2701 te,
856 2662 927 2692 etc.

123 2720 169 2759 ad
190 2720 338 2759 Petrum
356 2722 502 2772 speciali
528 2721 668 2760 ratione
688 2721 823 2759 directa
837 2734 929 2768 esse,

127 2799 213 2824 eum
228 2786 299 2825 hoc
317 2788 357 2824 in
380 2787 459 2825 loco
472 2787 573 2826 nulla
589 2787 683 2831 Petri
694 2787 834 2825 mentio
853 2785 930 2825 fiat.

130 2849 187 2888 Ex
211 2866 284 2904 quo
297 2852 507 2905 colligimus
525 2881 536 2900 ,
561 2867 620 2891 eos
640 2853 837 2891 voluntatis
850 2866 932 2904 per-

132 2918 299 2956 versitate
315 2921 434 2969 potius
447 2931 564 2971 quam
586 2919 793 2958 intellectus
816 2932 935 2957 errore

128 2982 347 3036 impugnare
369 2985 587 3024 catholicam
613 2988 818 3024 veritatem.
841 2984 936 3024 Sane

994 1152 1064 1201 ipsi
1080 1150 1140 1188 hic
1155 1149 1280 1187 vident
1297 1149 1446 1188 Petrum
1465 1179 1475 1196 ‚
1494 1149 1641 1187 etiamsi
1662 1163 1731 1189 nec
1745 1163 1811 1189 no-

996 1217 1156 1253 minetur
1176 1215 1305 1253 Petrus
1320 1245 1330 1262 ‚
1354 1223 1394 1253 ut
1407 1214 1567 1252 inferant
1579 1242 1591 1264 ‚
1608 1213 1810 1254 Ecclesiam

993 1293 1059 1318 seu
1084 1289 1220 1318 coetum
1249 1279 1416 1318 fidelium
1437 1279 1556 1318 claves
1596 1281 1810 1320 immediate

993 1344 1288 1383 hahere.Contra
1317 1358 1401 1383 vero
1426 1344 1530 1382 Matt.
1565 1358 1625 1382 xv1
1659 1344 1808 1384 Petrum

992 1425 1069 1449 non
1087 1411 1227 1458 vident,
1246 1413 1389 1449 etiamsi
1408 1410 1461 1448 ibi
1481 1410 1646 1448 Christus
1663 1418 1713 1449 tot
1733 1426 1809 1450 mo1

991 1479 1046 1516 dis
1071 1478 1165 1516 Petri
1193 1491 1391 1528 personam
1412 1477 1640 1528 designavit,
1663 1485 1705 1516 ut
1725 1492 1803 1516 non

991 1542 1159 1594 pluribus
1197 1544 1484 1579 circumstantiis
1500 1571 1509 1588 ‚
1551 1543 1605 1579 uti
1645 1544 1807 1593 apposite

992 1607 1161 1646 observat
1184 1606 1379 1658 Cajetanus
1398 1636 1407 1654 ‚
1436 1606 1642 1644 describere
1664 1608 1807 1646 soleant

991 1672 1152 1724 aliquem
1175 1679 1315 1709 certum
1337 1672 1528 1709 hominem
1556 1673 1690 1710 notarii
1720 1673 1803 1720 illi,

991 1740 1055 1790 qui
1099 1740 1344 1775 instrumenta
1388 1737 1537 1788 publica
1587 1738 1804 1778 conficiunt.

992 1803 1135 1841 Etenim
1156 1805 1196 1840 in
1225 1804 1351 1853 primis
1372 1801 1617 1840 substantiam
1639 1816 1805 1854 personae

989 1869 1181 1920 singularis
1202 1882 1265 1917 per
1292 1881 1499 1920 pronomen
1532 1868 1635 1918 cibi3
1668 1868 1803 1907 deinde

989 1934 1131 1972 addidit
1155 1947 1294 1972 nomen
1326 1934 1487 1972 inditum
1520 1935 1560 1971 in
1584 1935 1772 1974 nativitate
1790 1964 1802 1983 ,

989 2014 1074 2038 cum
1086 2002 1135 2038 ait
1152 1999 1322 2038 :Beatus
1336 2014 1389 2048 es,
1405 1999 1555 2038 Simon.
1571 1998 1721 2052 Adjecit
1735 2015 1803 2039 no-

990 2082 1076 2106 men
1094 2069 1204 2119 patris
1220 2096 1230 2113 ,
1249 2080 1336 2105 cum
1354 2069 1430 2105 ait:
1445 2066 1555 2118 filius
1575 2065 1716 2115 Jonoe5
1733 2081 1804 2106 nec

990 2136 1155 2173 omittere
1184 2133 1300 2171 voluit
1326 2148 1461 2172 nomen
1489 2148 1509 2172 a
1531 2147 1569 2172 se
1593 2136 1804 2172 recensim·

990 2202 1155 2251 positum
1179 2212 1189 2239 :
1219 2197 1303 2250 qu
1333 2199 1420 2238 dico
1445 2199 1543 2247 tibi,
1581 2199 1673 2249 quia
1699 2204 1742 2237 tu
1763 2212 1802 2237 es

988 2263 1142 2304 Petrus.
1171 2265 1360 2313 Quorsum
1388 2279 1474 2303 vero
1496 2264 1574 2302 haec
1595 2272 1671 2302 tam
1698 2279 1802 2303 accu-

990 2341 1065 2369 rata
1091 2332 1284 2382 descriptio
1300 2360 1310 2377 ‚
1338 2331 1368 2368 si
1384 2331 1478 2368 nihil
1500 2332 1570 2382 ipsi
1591 2329 1698 2369 Petro
1718 2344 1802 2382 pro-

991 2399 1067 2448 prie
1082 2395 1331 2449 promittitur?
1343 2396 1422 2435 Cfr.
1437 2395 1614 2435 Bellarm.
1631 2394 1688 2434 De
1702 2410 1798 2435 rom.

990 2460 1134 2513 Pontis.
1144 2463 1210 2501 lib.
1229 2478 1256 2509 ι,
1273 2460 1657 2513 cap.12.Attamen,si
1670 2463 1801 2502 adver-

993 2530 1102 2566 sarios
1133 2529 1261 2567 audias
1278 2559 1288 2575 ‚
1321 2528 1386 2566 hic
1412 2518 1580 2566 Christus
1611 2527 1706 2566 Petri
1730 2543 1799 2566 no-

995 2595 1095 2652 mine
1113 2594 1332 2644 significavit
1348 2593 1544 2632 Ecclesiam
1559 2606 1571 2642 ς
1593 2594 1659 2645 qni
1679 2600 1806 2632 tamen

998 2673 1071 2696 uno
1102 2661 1226 2697 animo
1260 2659 1307 2699 de
1334 2660 1439 2699 Petro
1468 2659 1697 2710 intelligunt,
1724 2672 1804 2711 quaa

997 2723 1090 2763 ibid.
1118 2725 1228 2775 paulo
1253 2733 1333 2775 post
1352 2725 1525 2777 leguntur
1552 2736 1564 2763 z
1595 2722 1637 2761 V
1635 2722 1706 2762 ade
1720 2729 1808 2775 post

998 2803 1072 2839 me,
1103 2796 1274 2830 satanas.
1307 2790 1440 2830 Nonne
1464 2790 1646 2842 ejusmodi
1671 2790 1804 2842 agendi

999 2855 1091 2894 ratio
1106 2870 1167 2896 eos
1189 2871 1231 2896 ex
1252 2858 1389 2896 malitia
1411 2870 1560 2908 peccare
1583 2856 1808 2907 apertissime

1001 2920 1187 2962 ostendit?

1510 3048 1587 3095 232
