2028 3354
213 203 305 251 436

696 218 850 248 TRACT.
887 219 941 247 DE
976 219 1092 249 LOCIS
1128 220 1424 253 THROLOGIGJS.

210 337 477 397 principem
497 339 797 376 sacrosancta
827 331 1042 377 Ecclesia
1070 347 1271 378 romana
1304 343 1425 381 tenet
1449 350 1598 396 supra
1634 351 1790 381 omnes
1819 343 1888 381 to-

212 414 308 456 tius
326 409 503 455 mundi
522 408 762 454 Ecclesias
787 411 1129 470 principatum
1156 408 1243 472 (1).
1265 410 1321 455 Et
1340 412 1384 457 S.
1404 410 1660 458 Bernardus
1679 410 1888 458 Ecclesiae

212 484 446 547 gallicanae
476 481 601 529 sidus
631 500 644 530 ε
681 483 937 530 Plenitudo
968 485 1200 546 siquidem
1218 521 1229 542 .,
1266 485 1444 548 inquit,
1473 491 1715 549 potestatis
1747 504 1892 549 super

211 561 460 605 universas
506 559 633 605 orbis
679 560 916 606 Ecclesias
975 561 1220 622 sinqulari
1253 566 1570 623 proeroyativa
1626 564 1889 625 apostolicae

209 635 323 680 Secti
344 635 521 680 donata
539 643 606 680 est
630 634 718 698 (2).
763 635 1017 681 Universas
1045 652 1185 699 porro
1208 635 1425 682 Ecclesias
1447 654 1544 682 non
1566 637 1858 687 distributive
1875 675 1888 695 ,

210 707 290 755 sed
320 708 557 755 collective
588 710 632 755 S.
664 711 910 755 Ductorem
936 710 1161 773 accepisse
1179 746 1191 768 a
1216 710 1478 770 declarant,
1516 729 1617 776 quae
1647 714 1707 760 ad
1743 715 1889 777 Euge-

209 786 343 830 nium
367 784 525 830 scribit
559 801 570 830 :
603 785 812 848 Quisque
832 793 1092 832 ceterorum
1113 787 1132 847 (
1151 786 1510 850 Episcoporum)
1534 788 1707 834 liabent
1729 807 1888 847 suam,

209 860 304 906 tihi
328 876 428 906 una
449 863 697 906 commissa
715 869 781 906 est
793 861 1124 923 grandissima
1148 866 1289 907 navis
1301 897 1314 919 7
1328 865 1462 924 facta
1480 880 1537 909 ew
1553 860 1774 910 omnihus
1785 868 1890 927 ipsa

210 937 492 982 universalis
520 936 735 983 Ecclesia
759 943 846 982 toto
872 936 980 981 orbe
1004 937 1183 997 diffusa
1207 936 1293 1001 (3).
1323 938 1497 984 Exinde
1520 940 1693 985 factum
1722 949 1790 986 est
1805 976 1819 999 .,
1839 949 1890 987 ut

208 1011 491 1058 oecumenica
513 1009 714 1056 Concilia
742 1010 792 1055 in
809 1012 901 1056 suis
922 1010 1146 1074 synodicis
1166 1011 1369 1074 epistolis
1387 1014 1444 1061 ad
1459 1031 1572 1060 rom.
1597 1016 1885 1076 Pontificem,

207 1086 360 1151 ipsum
376 1102 479 1132 com
485 1085 763 1149 pellaverint
781 1085 970 1131 nomine
994 1086 1195 1148 Capitis,
1225 1085 1351 1149 quod
1370 1088 1589 1135 membris
1617 1101 1781 1154 praeest
1797 1091 1889 1156 (li).¹

208 1170 255 1208 et
281 1163 576 1208 summitatis
592 1196 604 1219 7
631 1177 731 1225 quae
756 1161 880 1225 quod
904 1160 1009 1207 filiis
1032 1160 1161 1208 deest
1180 1160 1407 1226 adimplet
1427 1161 1526 1225 (5)3
1552 1164 1710 1226 illum,
1732 1168 1803 1214 cui
1818 1168 1889 1216 vi-

208 1253 305 1284 neae
329 1236 571 1299 (Ecclesiae
604 1238 858 1300 universae)
885 1238 1090 1285 custodia
1122 1255 1147 1284 a
1171 1236 1409 1286 Salvatore
1429 1241 1667 1288 commissa
1695 1250 1763 1289 est
1784 1244 1884 1306 (6);

207 1314 320 1359 item
355 1317 571 1360 verticem
600 1313 670 1376 (7)
682 1348 700 1370 ,
741 1322 787 1360 et
808 1316 1070 1361 antistitem
1089 1313 1362 1362 universalis
1387 1312 1594 1363 Ecclesiae
1610 1316 1678 1380 (8)
1692 1353 1704 1377 7
1727 1319 1888 1383 cuique

209 1408 256 1438 se
279 1391 564 1454 acquiescere
583 1391 864 1455 profitentur
886 1392 976 1456 (9).

274 1465 385 1512 629.
429 1465 594 1513 volens
635 1476 882 1532 propterea
933 1468 1071 1515 Cone.
1117 1468 1364 1516 Nicoenum
1398 1469 1444 1525 1,
1484 1479 1537 1516 ut
1578 1470 1635 1517 ab
1674 1471 1886 1520 omnibus

211 1541 382 1588 Christi
404 1541 616 1589 fidelibus
642 1542 813 1607 ubique
835 1553 1066 1590 terrarum
1091 1543 1254 1591 eadem
1275 1544 1349 1591 die
1372 1545 1538 1610 pascha
1558 1540 1884 1608 celebraretur,

207 1618 438 1664 commisit
473 1618 744 1682 patriarchae
779 1618 1089 1666 Alexandrino
1111 1654 1123 1678 7
1156 1629 1208 1666 ut
1243 1638 1327 1685 per
1360 1622 1602 1684 epistolam
1639 1624 1887 1688 quotannis

207 1693 350 1753 diem,
370 1694 420 1740 in
448 1711 539 1758 quo
567 1694 735 1759 pascha
757 1695 996 1753 incideret,
1020 1713 1139 1743 rom.
1166 1696 1374 1744 Ecclesiae
1396 1698 1696 1762 significaret⁷
1722 1709 1773 1746 ut
1793 1700 1888 1748 haec

199 1786 292 1831 pro
325 1786 415 1815 sua
446 1773 728 1818 auctoritate
749 1774 805 1817 in
830 1776 1103 1819 universam
1138 1773 1402 1820 Ecclesiam
1422 1791 1578 1820 omnes
1600 1776 1809 1838 acliqeret
1827 1774 1886 1822 ad

208 1845 427 1893 eumdem
461 1846 586 1892 diem
619 1848 717 1894 sine
739 1846 831 1894 ulla
857 1847 1190 1912 disceptatione
1220 1847 1393 1913 ubique
1414 1848 1744 1896 celebrandum
1764 1850 1884 1915 (10).

260 1987 312 2040 (l)
341 1987 461 2040 Epist.
489 2002 579 2040 mxv,
606 2003 687 2042 cap.
713 2005 762 2039 2,
794 1990 882 2030 edit.
899 1991 1014 2029 Balle-

206 2055 280 2092 rin.
311 2053 382 2091 col.
407 2053 502 2106 995.

262 2118 312 2170 (ἓ)
342 2117 474 2170 Epist.
488 2132 609 2167 cnm,
627 2120 677 2157 ad
691 2120 907 2161 mediolan.
921 2136 958 2160 n.
973 2134 1011 2169 2,

207 2184 292 2222 edit.
317 2183 439 2223 Maur.
459 2184 531 2223 col.
559 2183 647 2234 141.

260 2249 310 2300 (3)
339 2248 396 2288 De
413 2249 572 2289 consid.
583 2250 649 2289 lib.
664 2263 710 2297 11,
726 2265 806 2303 cap.
821 2251 866 2300 8,
883 2267 922 2291 n.
943 2251 987 2291 ι6
999 2282 1010 2300 ,

208 2313 301 2352 ibid.
322 2315 390 2352 col.
416 2312 509 2364 428.
526 2315 709 2367 Integrum
726 2317 796 2354 hoc
818 2321 928 2368 caput
945 2317 1013 2368 legi

207 2387 381 2417 meretur.
1021 2415 1024 2418 .

258 2443 313 2493 (la)
344 2443 396 2481 Ita
407 2443 523 2482 Cone.
536 2445 692 2483 chalced
701 2474 710 2484 .
723 2446 820 2497 apud
835 2445 1010 2484 Harduin.

205 2509 307 2547 Acta
342 2508 459 2548 Cone.
494 2517 583 2548 tom.
613 2525 665 2559 ιι,
693 2511 765 2550 col.
791 2509 887 2551 655.
918 2513 1010 2552 Item

205 2588 308 2613 conc.
334 2573 781 2626 Constantinopolitanum
809 2577 861 2615 ΙΙΙ
878 2608 887 2626 ,
915 2578 1009 2617 ibid.

207 2647 294 2678 tom.
319 2653 384 2688 111,
409 2639 480 2679 col.
512 2638 624 2693 1459.

259 2704 308 2756 (5)
338 2705 450 2744 Cone.
492 2705 620 2745 Chal&
671 2708 762 2746 ibid.
810 2717 899 2746 tom.
948 2724 973 2748 11
998 2739 1008 2758 ,

205 2768 277 2808 col.
300 2767 396 2822 659.

259 2834 311 2884 (6)
341 2834 441 2873 Ibid.
467 2835 538 2874 col.
565 2832 659 2873 655.

257 2899 313 2951 (7)
341 2898 440 2938 Ibid.
469 2899 545 2938 col.
570 2898 662 2953 659.

261 2963 310 3015 (8)
331 2962 474 3005 Concil.
485 2963 931 3018 Constantinopolitanum
942 2966 1008 3018 111,

1079 1993 1117 2028 in
1131 1989 1262 2042 Epist.
1276 1991 1328 2030 ad
1335 1990 1585 2043 Agathoclem,
1604 1992 1700 2031 ibid.
1715 2001 1804 2031 tom.
1817 2004 1861 2032 ιιι
1872 2021 1883 2042 ,

1079 2059 1152 2096 col.
1178 2057 1294 2109 1438.
1676 2106 1678 2109 Ι

1131 2122 1187 2174 (9)
1217 2122 1316 2161 Ibid.
1342 2132 1433 2162 tom.
1460 2136 1502 2163 ιιι
1516 2154 1526 2172 ,
1551 2124 1622 2163 col.
1655 2121 1770 2173 1438.

1135 2188 1215 2239 (10)
1245 2188 1298 2227 Ita
1313 2189 1354 2227 S.
1368 2189 1524 2240 Cyrillus
1536 2186 1826 2233 Alexandrinus,
1847 2190 1887 2227 in

1080 2252 1241 2305 Proloqo
1254 2255 1394 2305 scripto
1399 2268 1471 2307 pro
1483 2253 1584 2305 cyclo
1598 2267 1666 2292 xcv
1678 2267 1885 2303 annorum,

1078 2319 1176 2369 apud
1200 2318 1383 2370 AEgidium
1407 2319 1627 2357 Bucherium
1645 2318 1683 2356 S.
1704 2318 1738 2357 J.
1759 2322 1799 2357 in
1823 2333 1885 2371 op.

1078 2381 1142 2420 De
1173 2382 1350 2421 doctrina
1387 2389 1595 2435 temporum
1626 2385 1887 2422 commentatio

1078 2448 1123 2484 in
1147 2446 1342 2486 Victorem
1360 2447 1601 2499 Aquilamtm
1616 2479 1626 2496 ‚
1646 2458 1717 2489 etc.
1733 2450 1888 2489 Antver-

1078 2514 1145 2563 piae
1174 2511 1276 2566 1639
1291 2544 1301 2561 ‚
1323 2528 1407 2566 pag.
1424 2512 1497 2564 481
1520 2545 1529 2562 ,
1554 2514 1618 2553 ubi
1637 2529 1742 2553 num.
1769 2528 1790 2552 2
1812 2515 1887 2552 haec

1077 2578 1247 2629 leguntur
1264 2592 1275 2617 :
1295 2578 1392 2617 Cum
1416 2579 1478 2617 his
1493 2581 1616 2631 iqitur
1626 2586 1736 2631 atque
1749 2579 1882 2632 hujus-

1077 2644 1182 2682 modi
1202 2644 1502 2685 dissensionibus
1506 2660 1579 2698 per
1588 2648 1810 2685 universum
1823 2657 1882 2682 or-

1077 2710 1159 2747 bem
1166 2710 1362 2762 paschalis
1374 2710 1502 2762 requla
1512 2711 1745 2753 turbaretur,
1760 2708 1883 2747 Sanc·

1078 2780 1201 2811 torum
1222 2777 1338 2813 totius
1355 2775 1456 2814 orbis
1480 2775 1618 2826 synodi
1640 2774 1884 2812 consensione

1077 2838 1262 2877 decretum
1276 2845 1343 2888 est,
1354 2845 1409 2887 ut,
1419 2841 1598 2891 quoniam
1606 2838 1710 2890 apud
1716 2838 1754 2875 A
1757 2837 1885 2876 leman-

1077 2901 1201 2940 driam
1218 2904 1307 2942 talis
1319 2911 1411 2943 esset
1423 2910 1569 2956 reperta
1582 2900 1757 2941 Ecclesia
1767 2933 1778 2950 ‚
1799 2916 1884 2954 quae

1077 2968 1121 3006 in
1136 2966 1252 3019 hujue
1261 2969 1420 3008 scientia
1433 2967 1609 3016 clareret,
1622 2974 1735 3019 quota
1751 2965 1883 3007 kalen-
