2028 3354
380 210 506 239 PART.
548 211 579 239 1.
615 208 737 238 sacr.
775 210 827 240 11.
865 209 962 237 CAP.
1004 208 1038 237 1.
1078 210 1132 238 nn
1170 208 1298 238 parm
1336 206 1554 236 ramma.
1726 187 1822 235 297

845 323 1041 371 CAPUT
1064 326 1099 370 I.

734 493 787 521 DE
823 493 953 522 PETRI
989 491 1207 521 PmMATU.

185 628 295 676 446.
334 629 507 695 Capitis
527 629 718 677 nomine
738 629 788 675 in
811 626 1036 689 subjecta,
1060 626 1119 673 de
1137 642 1227 690 qua
1247 626 1425 689 agimus
1439 662 1453 687 ‚
1471 630 1666 677 materia
1687 630 1830 694 signi-

119 706 284 752 ficatur
309 707 539 770 primatus
567 705 757 752 lionoris
785 721 864 751 seu
890 702 1258 767 praeeminentiae
1281 712 1327 749 et
1352 704 1707 765 jurisdictionis.
1738 707 1828 766 Qui

117 782 441 841 contendunt,
479 782 716 829 Christum
749 780 1003 827 instituisse
1039 778 1287 826 Ecclesiam
1316 779 1589 846 acephalam
1617 800 1697 829 seu
1727 784 1828 832 sine

117 860 295 922 capite,
320 859 602 917 inficiantur7
629 859 923 904 Servatorem
944 865 1158 902 nostrum
1183 855 1316 902 alicui
1334 856 1556 922 peculiari
1580 858 1827 906 individuo

115 936 374 999 primatum
399 934 532 981 illum
563 932 843 992 contulisse3
887 950 942 979 ex
982 950 1075 996 quo
1106 932 1337 993 inferunt,
1370 933 1555 982 nullum
1587 953 1613 982 a
1641 935 1827 982 Christo

116 1020 257 1074 caput
276 1010 480 1057 Ecclesiae
497 1008 635 1056 fuisse
648 1009 938 1074 praefectum.
961 1008 1047 1056 Alii
1071 1027 1181 1057 vero
1204 1010 1494 1072 existimant,
1514 1011 1642 1059 hunc
1660 1011 1828 1059 saltem

112 1087 371 1152 primatum
394 1087 667 1134 immediate
701 1085 838 1132 alicui
867 1085 1112 1134 individuo
1143 1104 1241 1133 non
1275 1086 1418 1135 fuisse
1446 1106 1496 1135 a·
1517 1088 1702 1136 Christo
1727 1088 1827 1136 col·

113 1163 289 1221 latum,
330 1162 411 1209 sed
450 1164 679 1211 universae
713 1162 952 1221 Ecclesiae,
989 1179 1093 1227 quae
1136 1162 1335 1228 proinde
1368 1173 1523 1229 potest
1569 1164 1704 1212 illum
1742 1182 1828 1230 per

112 1237 373 1304 quemlibet
396 1256 611 1286 exercere
630 1276 643 1298 a
667 1256 776 1286 eum
804 1256 861 1286 ex
891 1256 986 1286 uno
1012 1240 1061 1285 in
1084 1239 1228 1287 alium
1258 1241 1588 1287 transferendo
1611 1242 1699 1306 (1).
1728 1243 1826 1288 Nos

112 1331 226 1361 vero
256 1314 479 1361 Catholici
501 1316 747 1363 asserimus
765 1352 777 1375 7
809 1314 1048 1362 Christum
1082 1324 1184 1362 tum
1215 1318 1584 1382 praeeminentiae
1607 1335 1659 1364 ac
1678 1319 1827 1381 juris-

112 1390 324 1459 dictionis
344 1392 599 1456 primatum
626 1392 885 1439 instituisse
908 1393 958 1438 in
978 1392 1173 1439 Ecclesia
1196 1429 1207 1452 7
1232 1411 1312 1441 seu
1334 1403 1475 1460 caput
1493 1395 1534 1441 ei
1548 1394 1823 1459 praefecisse,

113 1476 159 1515 et
180 1469 369 1532 quidem
393 1470 441 1515 in
463 1468 683 1534 peculiari
704 1468 974 1524 individuo,
1003 1486 1176 1534 nempe
1198 1471 1335 1517 Petro
1356 1490 1368 1529 ς
1399 1479 1501 1517 tum
1521 1470 1648 1517 hunc
1667 1472 1825 1536 ipsum

112 1544 371 1609 primatum
411 1544 538 1593 haud
577 1544 848 1592 immediate
875 1545 1113 1605 Ecclesiae,
1145 1545 1228 1592 sed
1254 1545 1524 1594 immediate
1562 1548 1686 1595 Petri
1712 1565 1823 1613 per-

113 1636 235 1667 sonae
268 1620 530 1669 contulisse.
557 1622 667 1679 Quae
705 1630 759 1668 ut
790 1639 846 1669 ex
882 1621 1047 1668 ordine
1077 1622 1365 1683 evincamus,
1404 1623 1463 1669 sit

775 1787 1107 1831 PROPOSITIO
1137 1788 1173 1830 I.

114 1911 337 1959 Christus
377 1917 578 1960 contulit
604 1914 749 1961 Petro
770 1918 1051 1978 primatum
1087 1915 1281 1963 honoris
1311 1917 1736 1978 &jurisdictionis
1766 1920 1822 1964 in

176 1993 458 2037 universam
495 1992 793 2047 Ecclesiam,
826 1995 910 2040 cui
933 2001 1185 2057 propterea
1215 2011 1325 2041 cum
1352 2003 1498 2057 caput
1520 1997 1755 2057 praefecit.

176 2141 289 2189 447.
330 2143 540 2191 Christus
565 2146 703 2191 Petro
732 2144 990 2210 primatum
1018 2144 1214 2192 contulit
1247 2163 1343 2193 non
1364 2144 1517 2193 solum
1542 2145 1720 2194 ordinis
1740 2164 1820 2195 seu

110 2215 299 2264 honoris
333 2236 384 2266 ac
411 2220 802 2285 praeeminentiae,
845 2221 927 2268 sed
956 2238 1078 2270 verae
1106 2222 1441 2284 jurisdictionis
1470 2223 1520 2269 in
1550 2223 1820 2271 universam

48 2333 54 2339 ,
112 2292 359 2342 Ecclesiam
393 2314 555 2357 suam,
593 2297 802 2363 adeoque
833 2298 1042 2346 Ecclesiae
1080 2316 1173 2346 suae
1211 2308 1351 2364 caput
1385 2299 1520 2345 illum
1550 2300 1819 2361 constituit,

107 2368 146 2414 'si
170 2386 309 2434 super
331 2371 488 2436 ipsum
511 2391 641 2420 suam
665 2392 712 2422 se
745 2375 962 2439 promisit
987 2374 1324 2429 aedificaturum
1349 2374 1597 2422 Ecclesiam
1613 2412 1625 2434 ,
1655 2385 1702 2423 et
1720 2376 1818 2423 cla-

109 2462 190 2494 ves
215 2448 349 2510 regni
378 2449 602 2498 coelorum
632 2469 681 2499 se
710 2452 752 2497 ei
785 2451 1006 2498 daturum
1042 2451 1274 2516 pollicitus
1312 2461 1412 2511 est,
1442 2469 1494 2499 ac
1522 2453 1820 2518 reipsautri—

110 2539 202 2587 que
239 2525 469 2588 promisso
500 2528 655 2588 stetit,
686 2528 838 2576 eidem
864 2528 950 2575 soli
985 2529 1178 2577 credens
1204 2530 1493 2594 pascendum
1527 2547 1609 2577 seu
1646 2548 1821 2593 regen-

111 2598 225 2645 dum
272 2601 544 2649 universum
582 2620 762 2667 gregem
802 2612 958 2652 suum.
1000 2605 1107 2652 Jam
1142 2624 1256 2654 vero
1292 2606 1386 2654 duo
1414 2608 1571 2671 priora
1599 2616 1818 2655 constant

111 2692 169 2723 ex
210 2677 378 2724 Matth.
419 2679 541 2725 XVI.
587 2680 743 2737 Quum
787 2681 916 2729 enim
946 2681 1277 2747 interrogasset
1311 2684 1524 2731 Christus
1564 2683 1816 2749 discipulos

112 2769 217 2800 suos
259 2772 270 2800 :
318 2755 406 2803 Vos
444 2765 605 2803 autem
642 2774 783 2820 quem
826 2774 900 2804 me
933 2775 1027 2806 esse
1053 2759 1251 2808 dicitis?
1300 2762 1609 2825 Respondens
1649 2762 1816 2808 Simon

169 2936 221 2987 (l)
253 2938 341 2978 Tale
367 2949 420 2979 est
448 2949 607 2994 systema
631 2942 896 2982 Rieherianum
919 2975 930 2992 ‚
1000 2944 1112 2996 paulo
1142 2954 1225 2997 post
1247 2947 1467 2986 videbimus.

114 3001 385 3045 Jansenianum
401 3037 412 3055 ‚
440 3006 717 3049 Fehronianum
735 3038 747 3058 ‚
773 3017 843 3050 etc.
864 3039 874 3058 ‚
890 3018 931 3049 ut
