2028 3354
191 192 287 239 260
682 212 839 242 mmm.
880 213 934 242 mi
968 213 1087 244 iocis
1123 213 1417 245 mummolam.

193 324 346 373 dasset
365 324 490 372 idem
509 323 758 390 Apostolus
778 325 879 372 Tito
899 342 1059 375 curare
1074 365 1087 388 ,
1108 337 1162 376 ut
1188 347 1319 378 senes
1338 331 1433 377 sint
1461 332 1572 377 sani
1590 334 1646 376 in
1664 329 1758 391 fide
1780 327 1850 394 (l)
1867 367 1879 388 .‚

192 402 231 448 si
259 419 412 466 neque
443 401 571 447 Titus
605 418 758 465 neque
785 402 996 468 Episcopi
1026 403 1215 468 reliqui,
1245 407 1383 453 etiam
1413 407 1552 453 simul
1575 407 1749 471 sumpti
1778 423 1884 454 cum

192 477 399 524 Ecclesiae
434 477 612 542 capite,
647 477 704 523 de
737 477 948 525 doctrina
980 479 1237 526 orthodoxa
1266 491 1344 528 aut
1371 483 1616 542 haeretica,
1651 491 1790 546 prout
1824 482 1883 529 ab

192 552 456 600 auctoribus
485 554 728 614 asseritur,
753 554 963 616 judicare
993 573 1044 602 ac
1073 555 1321 603 decernere
1342 556 1514 623 absque
1539 554 1706 607 erroris
1730 576 1780 605 ac
1801 558 1886 605 de-

192 629 417 693 ceptionis
445 629 704 694 suspicione
736 640 927 694 possent
944 667 955 689 ,
989 641 1127 696 prout
1148 648 1234 678 nec
1257 643 1446 697 possent
1464 636 1550 683 rite
1572 652 1757 701 pascere
1783 652 1888 698 gre-

192 721 296 768 gem
313 704 402 752 sibi
415 706 733 754 commissum.
760 707 869 764 Quae
887 708 1079 772 quidem
1104 709 1260 755 omn—ia
1283 707 1454 757 absona
1475 721 1583 758 sunt
1601 722 1647 759 et
1666 710 1885 758 absurda.

259 781 368 828 395.
411 783 562 840 Quare
594 781 792 829 Ecclesia
824 782 911 830 hac
940 792 1169 848 potestate
1197 785 1458 832 continenti
1495 787 1752 834 seculorum
1784 806 1890 834 om-

192 858 325 904 nium
352 858 470 905 serie
501 876 581 904 usa
609 867 680 905 est
697 893 709 917 .,
741 859 854 923 quin
882 860 1003 907 ullus
1032 878 1240 926 unquam
1258 897 1271 922 ‚
1300 863 1339 908 si
1367 862 1604 910 haereticos
1628 862 1781 909 forsan
1806 882 1891 911 ex-

192 934 360 999 cipias,
393 933 718 981 reclamaverit
741 970 753 993 a
784 936 878 982 imo
908 937 989 1001 qui
1017 946 1170 983 ratum
1202 947 1248 984 et
1271 938 1515 985 infallibile
1547 956 1643 985 non
1673 937 1890 986 habuerit

191 1013 288 1072 ejus
314 1008 401 1057 hac
432 1011 481 1057 in
504 1028 557 1058 re
583 1010 834 1072 judicium.
871 1013 991 1059 Sane
1022 1012 1218 1060 Ecclesia
1247 1014 1297 1059 in
1320 1014 1523 1061 Concilio
1549 1016 1733 1062 Nicaeno
1760 1015 1890 1061 dam-

193 1088 326 1136 navit
349 1089 442 1135 Arii
474 1089 699 1136 Thaliam
715 1126 728 1143 ,
761 1097 924 1154 utpote
943 1090 1173 1137 erroribus
1189 1090 1534 1156 haeresibusque
1556 1092 1776 1139 refertam
1796 1091 1887 1156 (2).

194 1165 448 1212 Damnavit
482 1165 652 1230 scripta
674 1165 876 1212 Nestorii
898 1166 946 1211 in
969 1166 1171 1213 Concilio
1198 1166 1428 1231 Ephesino
1455 1177 1500 1214 et
1523 1167 1892 1215 Chalcedonensi

196 1240 360 1289 eadem
394 1240 451 1288 de
482 1258 633 1287 causa.
670 1241 842 1288 Contra
874 1258 985 1289 vero
1017 1243 1233 1305 probavit
1274 1243 1443 1308 scripta
1481 1244 1638 1307 Cyrilli
1671 1243 1894 1292 adversus

197 1317 417 1365 eumdem
441 1326 624 1364 exarata
642 1352 653 1374 7
676 1325 840 1381 utpote
868 1317 1124 1365 orthodoxa
1149 1318 1237 1381 (3).
1268 1319 1323 1365 Et
1343 1320 1405 1366 ita
1424 1337 1563 1384 porro
1587 1338 1634 1367 se
1653 1321 1791 1383 gessit
1816 1321 1893 1366 in⁴

198 1392 500 1459 sequentibus
516 1392 679 1440 seculis
692 1428 704 1450 ‚
728 1396 797 1455 cuj
806 1411 855 1439 us
877 1393 1056 1441 illustre
1075 1394 1342 1459 exemplum
1370 1412 1463 1459 prae
1478 1397 1650 1444 caeteris
1668 1396 1892 1461 suppedi-

196 1478 266 1515 tat
280 1469 537 1516 Concilium
554 1469 590 1516 V
604 1469 943 1515 oecumenicum
957 1469 1005 1516 in
1018 1469 1316 1518 damnatione
1328 1471 1471 1517 trium
1481 1472 1788 1537 capitulorum
1803 1472 1891 1535 (4),

199 1555 252 1591 ut
282 1545 459 1609 reliqua
487 1545 626 1592 missa
652 1544 834 1592 faciam.
1333 1539 1338 1542 ’

266 1621 377 1668 396.
416 1622 520 1670 Sive
549 1621 690 1685 igitur
720 1630 897 1686 spectes
919 1623 1105 1682 munia,
1141 1639 1244 1687 quae
1271 1622 1480 1671 Christus
1504 1624 1713 1672 Ecclesiae
1740 1624 1895 1690 impo-

200 1699 323 1756 suit,
353 1699 451 1747 sive
485 1701 581 1760 ejus
616 1698 757 1744 finem
788 1698 836 1743 in
871 1698 1065 1746 Ecclesia
1094 1700 1383 1747 instituenda
1407 1737 1418 1758 ,
1451 1701 1546 1750 sive
1574 1700 1758 1766 praxim
1782 1718 1897 1747 con·

205 1783 409 1821 stantem
428 1810 440 1833 ,
478 1791 616 1839 quam
655 1782 883 1838 perpetuo
916 1775 1111 1822 Ecclesia
1146 1776 1326 1835 tenuit,
1351 1776 1525 1841 liquet,
1559 1794 1663 1824 eam
1694 1777 1742 1823 in
1767 1777 1895 1824 factis

202 1850 471 1916 dogmaticis
496 1849 800 1897 decernendis
826 1866 954 1915 aeque
983 1850 1277 1899 infallibilem
1309 1868 1407 1900 esse
1424 1889 1436 1912 7
1467 1862 1607 1918 prout
1633 1852 1893 1901 ostenden-

201 1926 315 1974 dum
335 1927 669 1992 assumpsimus
689 1926 776 1990 (5).

259 2080 311 2130 (1)
344 2078 433 2131 Cap.
463 2091 517 2127 ιι,
545 2091 585 2118 2.

261 2145 315 2195 (2)
343 2144 388 2182 In
414 2146 522 2196 epist.
548 2143 722 2196 synodica
738 2172 748 2190 ‚
773 2143 871 2195 apud
895 2143 1022 2183 Socra-

205 2219 305 2257 tem,
333 2210 441 2249 Hist.
472 2208 561 2249 eccl.
587 2210 654 2248 lib.
680 2221 720 2258 1,
746 2221 826 2260 cap.
855 2222 876 2246 2
893 2239 903 2258 ‚
926 2212 1020 2249 circa

205 2276 319 2315 finem
343 2305 353 2324 ‚
400 2289 548 2314 necnon
587 2275 687 2327 apud
733 2273 978 2314 sozomenum
1008 2306 1018 2325 ‚

206 2341 275 2380 lib.
294 2356 304 2379 ι
323 2371 333 2389 ,
357 2355 440 2393 cap.
462 2355 529 2380 21.

264 2406 314 2457 (3)
326 2406 510 2446 Cfr.Acta
521 2404 668 2445 Concil.
680 2405 876 2453 Harduini‚
889 2414 979 2446 tom.
994 2421 1018 2455 1,

208 2472 279 2510 col.
318 2471 415 2512 1363
437 2503 448 2522 ‚
489 2475 579 2512 item
607 2480 693 2510 tom.
733 2486 760 2510 ιι
784 2502 796 2521 ‚
835 2472 905 2511 col.
945 2472 1019 2513 115

210 2545 247 2576 et
266 2551 373 2590 seqq.

264 2603 314 2652 (4)
345 2602 442 2641 lbid.
466 2616 506 2640 111
523 2631 535 2650 ‚
561 2602 634 2642 col.
667 2603 739 2654 193
767 2610 802 2641 et
831 2603 916 2656 194.

267 2667 320 2719 (ὃ)
351 2667 428 2705 Csr.
443 2668 488 2706 de
512 2668 585 2706 hoc
599 2677 814 2719 argumento
830 2669 991 2710 Fenelon
1006 2702 1016 2719 ‚

210 2746 298 2783 opp.
323 2731 412 2771 edit.
426 2734 488 2770 cit.
505 2740 597 2771 tom.
622 2745 661 2769 xr
676 2761 687 2780 ,
719 2733 930 2773 Trai-§ieme
950 2738 1017 2775 in-

210 2798 395 2835 struction
405 2796 597 2849 pastorale
606 2804 811 2837 comanam
831 2798 883 2837 les
899 2815 1019 2853 preu-

210 2876 273 2900 ves
285 2862 330 2900 de
346 2861 384 2900 Ia
400 2862 585 2901 tradition
602 2870 833 2902 concernunt
855 2865 1018 2918 l'infail-

207 2913 345 2966 libitia}
369 2929 414 2967 de
435 2926 598 2979 l’Eylise
619 2929 802 2968 touchant
827 2929 878 2968 les
904 2939 1018 2971 textas

205 2992 466 3046 cloqmatiqueae
495 3007 544 3032 ou
573 2994 796 3047 heretiques.
820 2995 911 3035 Item
940 2998 1014 3037 R&-

1083 2093 1205 2133 ponse
1226 2080 1271 2119 de
1299 2081 1362 2121 M.
1390 2081 1549 2135 l'eve‘que
1578 2084 1625 2122 de
1660 2084 1845 2122 Cambrai
1870 2084 1894 2122 ὰ

1090 2159 1146 2185 un
1172 2147 1307 2198 eaeque
1323 2175 1334 2197 ‚
1356 2162 1441 2186 cum
1470 2150 1550 2187 aliis
1577 2150 1736 2202 epistolis
1765 2150 1811 2189 (le
1836 2165 1897 2188 eo-

1089 2213 1174 2250 dem
1191 2222 1406 2264 argumento
1417 2244 1427 2262 ‚
1443 2228 1524 2267 quae
1537 2218 1787 2263 eontinentur,
1802 2224 1893 2255 tom.

1090 2281 1167 2327 xi13
1190 2280 1429 2324 Instructi'on
1441 2280 1632 2333 pastorale
1652 2293 1720 2318 sur
1749 2280 1782 2319 Ie
1802 2281 1898 2319 livre

1088 2343 1243 2381 imitate
1268 2357 1279 2382 :
1301 2344 1563 2384 Jusnrmniou
1585 2360 1628 2384 uu
1642 2359 1790 2398 ‘summa
1819 2360 1898 2384 uus-

1089 2422 1265 2447 PECTUEnx
1291 2440 1301 2458 ‚
1341 2419 1416 2449 tom
1451 2425 1538 2461 x1v3
1577 2426 1723 2451 necnon
1768 2412 1897 2450 Lettre

1087 2487 1157 2512 sur
1178 2474 1461 2527 I'infaillibz‘lite
1476 2477 1521 2515 de
1537 2476 1695 2530 I’quise
1717 2477 1896 2516 touchant

1087 2540 1138 2579 les
1161 2547 1277 2580 tea-tes
1299 2542 1556 2595 doqmatiques
1570 2575 1580 2589 ‚
1607 2544 1699 2588 ibid.
1735 2544 1892 2582 Disser-

1086 2607 1180 2645 tatio
1212 2607 1257 2645 de
1280 2607 1321 2646 E
1322 2608 1465 2648 cclesioe
1489 2609 1763 2661 infallibilitate
1785 2609 1893 2645 circa

1088 2677 1211 2710 textus
1243 2672 1475 2725 doqmaticos
1495 2703 1507 2722 ‚
1546 2675 1741 2713 occasione
1772 2670 1895 2710 libelli

1087 2739 1155 2775 cui
1174 2738 1309 2776 titulus
1332 2739 1429 2778 :Vm
1451 2753 1571 2787 uois,
1588 2747 1678 2777 tom.
1707 2751 1771 2776 xv.
1791 2737 1892 2775 Con-

1087 2802 1201 2841 sulat.
1238 2812 1408 2855 praeterea
1439 2804 1623 2855 Tournely
1637 2831 1648 2851 ‚
1683 2809 1789 2841 tract.
1834 2800 1894 2841 De

1086 2865 1261 2907 Ecclesia
1278 2898 1290 2917 ‚
1318 2877 1448 2921 quaest.
1465 2883 1487 2906 v
1503 2896 1517 2917 ‚
1540 2875 1607 2920 art.
1633 2879 1676 2905 ιιι
1692 2896 1703 2915 ,
1733 2867 1796 2906 De
1822 2881 1892 2906 au-

1086 2935 1256 2972 ctoritate
1271 2933 1425 2971 Summi
1438 2930 1640 2984 Pontificio
1657 2939 1692 2971 et
1706 2931 1747 2971 E
1747 2932 1891 2972 ccleslae

1085 2998 1278 3037 universae
1315 3000 1360 3036 in
1388 3011 1548 3037 censura
1586 2998 1796 3051 librorum,
1825 3012 1891 3037 eeu
