<?xml version="1.0" encoding="UTF-8"?>
<!DOCTYPE html PUBLIC "-//W3C//DTD XHTML 1.0 Transitional//EN"
    "http://www.w3.org/TR/xhtml1/DTD/xhtml1-transitional.dtd">
<html xmlns="http://www.w3.org/1999/xhtml" xml:lang="en" lang="en">
 <head>
  <title>
</title>
<meta http-equiv="Content-Type" content="text/html;charset=utf-8" />
  <meta name='ocr-system' content='tesseract 3.04.00' />
  <meta name='ocr-capabilities' content='ocr_page ocr_carea ocr_par ocr_line ocrx_word'/>
</head>
<body>
  <div class='ocr_page' id='page_1' title='image "./praelectionestheo08perruoft_0511.png"; bbox 0 0 2028 3354; ppageno 0'>
   <div class='ocr_carea' id='block_1_1' title="bbox 1739 194 1833 242">
    <p class='ocr_par' dir='ltr' id='par_1_1' title="bbox 1739 194 1833 242">
     <span class='ocr_line' id='line_1_1' title="bbox 1739 194 1833 242; baseline 0.021 -2"><span class='ocrx_word' id='word_1_1' title='bbox 1739 194 1833 242; x_wconf 78' lang='lat'>499</span> 
     </span>
    </p>
   </div>
   <div class='ocr_carea' id='block_1_2' title="bbox 426 208 1581 261">
    <p class='ocr_par' dir='ltr' id='par_1_2' title="bbox 426 208 1581 261">
     <span class='ocr_line' id='line_1_2' title="bbox 426 208 1581 261; baseline -0.002 -21"><span class='ocrx_word' id='word_1_2' title='bbox 426 212 553 241; x_wconf 74' lang='lat' dir='ltr'><strong>PART.</strong></span> <span class='ocrx_word' id='word_1_3' title='bbox 594 213 626 239; x_wconf 85' lang='lat'>1.</span> <span class='ocrx_word' id='word_1_4' title='bbox 664 209 786 240; x_wconf 76' lang='lat' dir='ltr'><strong>SECT.</strong></span> <span class='ocrx_word' id='word_1_5' title='bbox 826 211 874 239; x_wconf 89' lang='lat'>11.</span> <span class='ocrx_word' id='word_1_6' title='bbox 915 210 1012 240; x_wconf 82' lang='lat' dir='ltr'>CAP.</span> <span class='ocrx_word' id='word_1_7' title='bbox 1049 210 1113 241; x_wconf 71' lang='lat' dir='ltr'>IV.</span> <span class='ocrx_word' id='word_1_8' title='bbox 1156 210 1209 240; x_wconf 75' lang='lat' dir='ltr'>DE</span> <span class='ocrx_word' id='word_1_9' title='bbox 1244 209 1386 240; x_wconf 76' lang='lat' dir='ltr'>DO&#39;HB.</span> <span class='ocrx_word' id='word_1_10' title='bbox 1427 208 1581 261; x_wconf 55' lang='lat' dir='ltr'>mun..</span> 
     </span>
    </p>
   </div>
   <div class='ocr_carea' id='block_1_3' title="bbox 136 321 1845 1693">
    <p class='ocr_par' dir='ltr' id='par_1_3' title="bbox 136 321 1845 1693">
     <span class='ocr_line' id='line_1_3' title="bbox 138 321 1835 388; baseline 0 -16"><span class='ocrx_word' id='word_1_11' title='bbox 138 325 410 372; x_wconf 87' lang='lat' dir='ltr'>Pontificem</span> <span class='ocrx_word' id='word_1_12' title='bbox 437 323 496 371; x_wconf 90' lang='lat' dir='ltr'>de</span> <span class='ocrx_word' id='word_1_13' title='bbox 517 340 640 369; x_wconf 87' lang='lat' dir='ltr'>novo</span> <span class='ocrx_word' id='word_1_14' title='bbox 665 339 819 369; x_wconf 88' lang='lat' dir='ltr'>errore</span> <span class='ocrx_word' id='word_1_15' title='bbox 836 358 848 381; x_wconf 82' lang='lat'>,</span> <span class='ocrx_word' id='word_1_16' title='bbox 879 326 1069 387; x_wconf 83' lang='lat' dir='ltr'>ejusque</span> <span class='ocrx_word' id='word_1_17' title='bbox 1092 321 1322 384; x_wconf 88' lang='lat' dir='ltr'>judicium</span> <span class='ocrx_word' id='word_1_18' title='bbox 1351 330 1492 388; x_wconf 88' lang='lat' dir='ltr'>atque</span> <span class='ocrx_word' id='word_1_19' title='bbox 1515 321 1835 372; x_wconf 86' lang='lat' dir='ltr'>definitionem</span> 
     </span>
     <span class='ocr_line' id='line_1_4' title="bbox 139 397 1837 466; baseline -0.001 -17"><span class='ocrx_word' id='word_1_20' title='bbox 139 410 407 466; x_wconf 84' lang='lat' dir='ltr'>exposcunt.</span> <span class='ocrx_word' id='word_1_21' title='bbox 436 401 567 446; x_wconf 89' lang='lat' dir='ltr'>Rom.</span> <span class='ocrx_word' id='word_1_22' title='bbox 593 398 806 446; x_wconf 81' lang='lat' dir='ltr'><strong>Pontifex</strong></span> <span class='ocrx_word' id='word_1_23' title='bbox 828 408 1011 445; x_wconf 89' lang='lat' dir='ltr'>mature</span> <span class='ocrx_word' id='word_1_24' title='bbox 1042 397 1166 463; x_wconf 92' lang='lat' dir='ltr'>quod</span> <span class='ocrx_word' id='word_1_25' title='bbox 1195 397 1285 445; x_wconf 89' lang='lat' dir='ltr'>sibi</span> <span class='ocrx_word' id='word_1_26' title='bbox 1314 398 1607 464; x_wconf 88' lang='lat' dir='ltr'>propositum</span> <span class='ocrx_word' id='word_1_27' title='bbox 1635 407 1705 447; x_wconf 91' lang='lat' dir='ltr'>est</span> <span class='ocrx_word' id='word_1_28' title='bbox 1731 416 1837 465; x_wconf 89' lang='lat' dir='ltr'>per-</span> 
     </span>
     <span class='ocr_line' id='line_1_5' title="bbox 138 474 1837 543; baseline -0.001 -18"><span class='ocrx_word' id='word_1_29' title='bbox 138 479 303 543; x_wconf 79' lang='lat' dir='ltr'>pendit</span> <span class='ocrx_word' id='word_1_30' title='bbox 321 514 332 535; x_wconf 86' lang='lat'>,</span> <span class='ocrx_word' id='word_1_31' title='bbox 361 476 728 540; x_wconf 78' lang='lat' dir='ltr'>diuturnamque</span> <span class='ocrx_word' id='word_1_32' title='bbox 750 475 953 522; x_wconf 82' lang='lat' dir='ltr'>instituit</span> <span class='ocrx_word' id='word_1_33' title='bbox 978 474 1362 539; x_wconf 85' lang='lat' dir='ltr'>inquisitionem,</span> <span class='ocrx_word' id='word_1_34' title='bbox 1389 484 1442 521; x_wconf 88' lang='lat' dir='ltr'>ut</span> <span class='ocrx_word' id='word_1_35' title='bbox 1462 491 1515 521; x_wconf 90' lang='lat' dir='ltr'>ea</span> <span class='ocrx_word' id='word_1_36' title='bbox 1541 490 1632 540; x_wconf 86' lang='lat' dir='ltr'>qua</span> <span class='ocrx_word' id='word_1_37' title='bbox 1655 493 1740 540; x_wconf 88' lang='lat' dir='ltr'>par</span> <span class='ocrx_word' id='word_1_38' title='bbox 1766 487 1837 524; x_wconf 86' lang='lat' dir='ltr'>est</span> 
     </span>
     <span class='ocr_line' id='line_1_6' title="bbox 136 550 1838 620; baseline -0.001 -19"><span class='ocrx_word' id='word_1_39' title='bbox 136 555 386 620; x_wconf 87' lang='lat' dir='ltr'>prudentia</span> <span class='ocrx_word' id='word_1_40' title='bbox 416 570 467 599; x_wconf 88' lang='lat' dir='ltr'>ac</span> <span class='ocrx_word' id='word_1_41' title='bbox 491 554 759 599; x_wconf 85' lang='lat' dir='ltr'>maturitate</span> <span class='ocrx_word' id='word_1_42' title='bbox 788 553 837 598; x_wconf 91' lang='lat' dir='ltr'>in</span> <span class='ocrx_word' id='word_1_43' title='bbox 866 550 1148 598; x_wconf 82' lang='lat' dir='ltr'>difficillimis</span> <span class='ocrx_word' id='word_1_44' title='bbox 1168 551 1549 615; x_wconf 82' lang='lat' dir='ltr'>gravissimisque</span> <span class='ocrx_word' id='word_1_45' title='bbox 1570 553 1766 615; x_wconf 86' lang='lat' dir='ltr'>negotiis</span> <span class='ocrx_word' id='word_1_46' title='bbox 1789 571 1838 601; x_wconf 93' lang='lat' dir='ltr'>se</span> 
     </span>
     <span class='ocr_line' id='line_1_7' title="bbox 136 625 1839 694; baseline 0 -17"><span class='ocrx_word' id='word_1_47' title='bbox 136 640 281 694; x_wconf 82' lang='lat' dir='ltr'>gerat.</span> <span class='ocrx_word' id='word_1_48' title='bbox 304 631 533 676; x_wconf 85' lang='lat' dir='ltr'>Rumores</span> <span class='ocrx_word' id='word_1_49' title='bbox 562 630 851 684; x_wconf 76' lang='lat' dir='ltr'>excitantur,</span> <span class='ocrx_word' id='word_1_50' title='bbox 874 628 1042 691; x_wconf 86' lang='lat' dir='ltr'>scripta</span> <span class='ocrx_word' id='word_1_51' title='bbox 1070 626 1181 672; x_wconf 88' lang='lat' dir='ltr'>hinc</span> <span class='ocrx_word' id='word_1_52' title='bbox 1208 625 1319 673; x_wconf 85' lang='lat' dir='ltr'>inde</span> <span class='ocrx_word' id='word_1_53' title='bbox 1348 626 1611 692; x_wconf 89' lang='lat' dir='ltr'>prodeunt,</span> <span class='ocrx_word' id='word_1_54' title='bbox 1636 629 1839 678; x_wconf 83' lang='lat' dir='ltr'>Concilia</span> 
     </span>
     <span class='ocr_line' id='line_1_8' title="bbox 136 704 1842 773; baseline 0.001 -19"><span class='ocrx_word' id='word_1_55' title='bbox 136 706 374 754; x_wconf 86' lang='lat' dir='ltr'>interdum</span> <span class='ocrx_word' id='word_1_56' title='bbox 404 706 705 773; x_wconf 81' lang='lat' dir='ltr'>provincialia</span> <span class='ocrx_word' id='word_1_57' title='bbox 732 715 811 753; x_wconf 90' lang='lat' dir='ltr'>aut</span> <span class='ocrx_word' id='word_1_58' title='bbox 836 704 1087 751; x_wconf 86' lang='lat' dir='ltr'>nationalia</span> <span class='ocrx_word' id='word_1_59' title='bbox 1119 704 1260 751; x_wconf 87' lang='lat' dir='ltr'>etiam</span> <span class='ocrx_word' id='word_1_60' title='bbox 1289 704 1349 749; x_wconf 89' lang='lat' dir='ltr'>ad</span> <span class='ocrx_word' id='word_1_61' title='bbox 1376 722 1475 751; x_wconf 90' lang='lat' dir='ltr'>rem</span> <span class='ocrx_word' id='word_1_62' title='bbox 1501 704 1842 756; x_wconf 86' lang='lat' dir='ltr'>discutiendam</span> 
     </span>
     <span class='ocr_line' id='line_1_9' title="bbox 137 778 1840 849; baseline 0.001 -19"><span class='ocrx_word' id='word_1_63' title='bbox 137 792 393 848; x_wconf 70' lang='lat' dir='ltr'>coguntur,</span> <span class='ocrx_word' id='word_1_64' title='bbox 431 783 588 847; x_wconf 90' lang='lat' dir='ltr'>plures</span> <span class='ocrx_word' id='word_1_65' title='bbox 613 781 893 847; x_wconf 85' lang='lat' dir='ltr'>quandoque</span> <span class='ocrx_word' id='word_1_66' title='bbox 925 780 1036 825; x_wconf 89' lang='lat' dir='ltr'>anni</span> <span class='ocrx_word' id='word_1_67' title='bbox 1075 779 1124 825; x_wconf 90' lang='lat' dir='ltr'>in</span> <span class='ocrx_word' id='word_1_68' title='bbox 1150 779 1221 826; x_wconf 90' lang='lat' dir='ltr'>his</span> <span class='ocrx_word' id='word_1_69' title='bbox 1261 778 1552 838; x_wconf 72' lang='lat' dir='ltr'>dilabuntur,</span> <span class='ocrx_word' id='word_1_70' title='bbox 1587 793 1840 849; x_wconf 80' lang='lat' dir='ltr'>antequam</span> 
     </span>
     <span class='ocr_line' id='line_1_10' title="bbox 138 856 1836 921; baseline 0 -14"><span class='ocrx_word' id='word_1_71' title='bbox 138 871 297 907; x_wconf 88' lang='lat' dir='ltr'>sancta</span> <span class='ocrx_word' id='word_1_72' title='bbox 339 860 478 907; x_wconf 84' lang='lat' dir='ltr'>Sedes</span> <span class='ocrx_word' id='word_1_73' title='bbox 517 858 838 906; x_wconf 86' lang='lat' dir='ltr'>definitionem</span> <span class='ocrx_word' id='word_1_74' title='bbox 876 872 1008 901; x_wconf 90' lang='lat' dir='ltr'>suam</span> <span class='ocrx_word' id='word_1_75' title='bbox 1043 856 1260 914; x_wconf 81' lang='lat' dir='ltr'>emittat,</span> <span class='ocrx_word' id='word_1_76' title='bbox 1296 857 1366 902; x_wconf 90' lang='lat' dir='ltr'>uti</span> <span class='ocrx_word' id='word_1_77' title='bbox 1403 858 1690 921; x_wconf 77' lang='lat' dir='ltr'>experientia</span> <span class='ocrx_word' id='word_1_78' title='bbox 1723 877 1836 907; x_wconf 90' lang='lat' dir='ltr'>con-</span> 
     </span>
     <span class='ocr_line' id='line_1_11' title="bbox 137 931 1839 1001; baseline 0 -18"><span class='ocrx_word' id='word_1_79' title='bbox 137 946 230 983; x_wconf 85' lang='lat' dir='ltr'>stat</span> <span class='ocrx_word' id='word_1_80' title='bbox 252 937 337 1001; x_wconf 84' lang='grc'>(1).</span> <span class='ocrx_word' id='word_1_81' title='bbox 366 935 562 994; x_wconf 82' lang='lat' dir='ltr'>Quando</span> <span class='ocrx_word' id='word_1_82' title='bbox 594 931 792 997; x_wconf 87' lang='lat' dir='ltr'>proinde</span> <span class='ocrx_word' id='word_1_83' title='bbox 824 949 1035 978; x_wconf 86' lang='lat' dir='ltr'>summus</span> <span class='ocrx_word' id='word_1_84' title='bbox 1064 931 1279 978; x_wconf 80' lang='lat' dir='ltr'>Pontifex</span> <span class='ocrx_word' id='word_1_85' title='bbox 1307 931 1530 980; x_wconf 79' lang='lat' dir='ltr'>ultimum</span> <span class='ocrx_word' id='word_1_86' title='bbox 1557 952 1695 981; x_wconf 88' lang='lat' dir='ltr'>suum</span> <span class='ocrx_word' id='word_1_87' title='bbox 1712 936 1839 997; x_wconf 83' lang='lat' dir='ltr'>judi-</span> 
     </span>
     <span class='ocr_line' id='line_1_12' title="bbox 138 1006 1839 1077; baseline 0.001 -18"><span class='ocrx_word' id='word_1_88' title='bbox 138 1013 263 1060; x_wconf 87' lang='lat' dir='ltr'>cium</span> <span class='ocrx_word' id='word_1_89' title='bbox 293 1013 497 1077; x_wconf 84' lang='lat' dir='ltr'>profert,</span> <span class='ocrx_word' id='word_1_90' title='bbox 532 1011 769 1072; x_wconf 81' lang='lat' dir='ltr'>integrum</span> <span class='ocrx_word' id='word_1_91' title='bbox 802 1009 1044 1072; x_wconf 79' lang='lat' dir='ltr'>negotium</span> <span class='ocrx_word' id='word_1_92' title='bbox 1074 1006 1214 1072; x_wconf 90' lang='lat' dir='ltr'>plane</span> <span class='ocrx_word' id='word_1_93' title='bbox 1247 1008 1487 1055; x_wconf 80' lang='lat' dir='ltr'>maturuit.</span> <span class='ocrx_word' id='word_1_94' title='bbox 1524 1010 1839 1068; x_wconf 84' lang='lat' dir='ltr'>Quamobrem</span> 
     </span>
     <span class='ocr_line' id='line_1_13' title="bbox 139 1083 1843 1154; baseline 0.001 -18"><span class='ocrx_word' id='word_1_95' title='bbox 139 1091 239 1138; x_wconf 89' lang='lat' dir='ltr'>fieri</span> <span class='ocrx_word' id='word_1_96' title='bbox 265 1090 428 1154; x_wconf 85' lang='lat' dir='ltr'>nequit</span> <span class='ocrx_word' id='word_1_97' title='bbox 447 1123 459 1145; x_wconf 91' lang='lat'>,</span> <span class='ocrx_word' id='word_1_98' title='bbox 487 1095 540 1133; x_wconf 85' lang='lat' dir='ltr'>ut</span> <span class='ocrx_word' id='word_1_99' title='bbox 567 1085 764 1132; x_wconf 83' lang='lat' dir='ltr'>Ecclesia</span> <span class='ocrx_word' id='word_1_100' title='bbox 793 1083 871 1133; x_wconf 88' lang='lat' dir='ltr'>vel</span> <span class='ocrx_word' id='word_1_101' title='bbox 898 1085 1109 1149; x_wconf 77' lang='lat' dir='ltr'>insurgat</span> <span class='ocrx_word' id='word_1_102' title='bbox 1134 1085 1355 1136; x_wconf 88' lang='lat' dir='ltr'>adversus</span> <span class='ocrx_word' id='word_1_103' title='bbox 1385 1087 1619 1135; x_wconf 87' lang='lat' dir='ltr'>Pontificis</span> <span class='ocrx_word' id='word_1_104' title='bbox 1645 1089 1843 1154; x_wconf 83' lang='lat' dir='ltr'>dogma—-</span> 
     </span>
     <span class='ocr_line' id='line_1_14' title="bbox 138 1160 1845 1229; baseline 0.001 -15"><span class='ocrx_word' id='word_1_105' title='bbox 138 1169 283 1215; x_wconf 89' lang='lat' dir='ltr'>ticum</span> <span class='ocrx_word' id='word_1_106' title='bbox 310 1164 572 1228; x_wconf 77' lang='lat' dir='ltr'>Judicium,</span> <span class='ocrx_word' id='word_1_107' title='bbox 605 1171 686 1208; x_wconf 86' lang='lat' dir='ltr'>aut</span> <span class='ocrx_word' id='word_1_108' title='bbox 714 1160 831 1209; x_wconf 89' lang='lat' dir='ltr'>illud</span> <span class='ocrx_word' id='word_1_109' title='bbox 859 1161 1115 1209; x_wconf 86' lang='lat' dir='ltr'>reformare</span> <span class='ocrx_word' id='word_1_110' title='bbox 1154 1163 1329 1227; x_wconf 78' lang='lat' dir='ltr'>possit3</span> <span class='ocrx_word' id='word_1_111' title='bbox 1360 1180 1413 1210; x_wconf 87' lang='lat' dir='ltr'>ac</span> <span class='ocrx_word' id='word_1_112' title='bbox 1440 1180 1686 1229; x_wconf 88' lang='lat' dir='ltr'>nunquam</span> <span class='ocrx_word' id='word_1_113' title='bbox 1720 1176 1845 1217; x_wconf 88' lang='lat' dir='ltr'>certe</span> 
     </span>
     <span class='ocr_line' id='line_1_15' title="bbox 139 1237 1843 1304; baseline 0 -13"><span class='ocrx_word' id='word_1_114' title='bbox 139 1242 305 1292; x_wconf 87' lang='lat' dir='ltr'>accidit</span> <span class='ocrx_word' id='word_1_115' title='bbox 356 1259 475 1287; x_wconf 88' lang='lat' dir='ltr'>rom.</span> <span class='ocrx_word' id='word_1_116' title='bbox 525 1239 799 1286; x_wconf 88' lang='lat' dir='ltr'>Pontificem</span> <span class='ocrx_word' id='word_1_117' title='bbox 858 1238 906 1284; x_wconf 87' lang='lat' dir='ltr'>in</span> <span class='ocrx_word' id='word_1_118' title='bbox 963 1237 1315 1286; x_wconf 85' lang='lat' dir='ltr'>definitionibus</span> <span class='ocrx_word' id='word_1_119' title='bbox 1364 1238 1637 1304; x_wconf 83' lang='lat' dir='ltr'>dogmaticis</span> <span class='ocrx_word' id='word_1_120' title='bbox 1688 1243 1843 1291; x_wconf 89' lang='lat' dir='ltr'>solum</span> 
     </span>
     <span class='ocr_line' id='line_1_16' title="bbox 138 1314 1838 1383; baseline 0.002 -17"><span class='ocrx_word' id='word_1_121' title='bbox 138 1319 358 1367; x_wconf 75' lang='lat' dir='ltr'>extitisse.</span> <span class='ocrx_word' id='word_1_122' title='bbox 405 1315 539 1374; x_wconf 82' lang='lat' dir='ltr'>Quod</span> <span class='ocrx_word' id='word_1_123' title='bbox 583 1316 622 1362; x_wconf 90' lang='lat' dir='ltr'>si</span> <span class='ocrx_word' id='word_1_124' title='bbox 659 1315 869 1380; x_wconf 86' lang='lat' dir='ltr'>Episcopi</span> <span class='ocrx_word' id='word_1_125' title='bbox 905 1314 1029 1362; x_wconf 89' lang='lat' dir='ltr'>inter</span> <span class='ocrx_word' id='word_1_126' title='bbox 1067 1332 1115 1362; x_wconf 92' lang='lat' dir='ltr'>se</span> <span class='ocrx_word' id='word_1_127' title='bbox 1155 1315 1289 1364; x_wconf 78' lang='lat' dir='ltr'>divisi</span> <span class='ocrx_word' id='word_1_128' title='bbox 1331 1317 1453 1376; x_wconf 86' lang='lat' dir='ltr'>sint,</span> <span class='ocrx_word' id='word_1_129' title='bbox 1512 1317 1684 1383; x_wconf 87' lang='lat' dir='ltr'>aliique</span> <span class='ocrx_word' id='word_1_130' title='bbox 1730 1338 1838 1369; x_wconf 88' lang='lat' dir='ltr'>cum</span> 
     </span>
     <span class='ocr_line' id='line_1_17' title="bbox 137 1391 1839 1452; baseline 0.001 -9"><span class='ocrx_word' id='word_1_131' title='bbox 137 1396 388 1452; x_wconf 89' lang='lat' dir='ltr'>Pontifice,</span> <span class='ocrx_word' id='word_1_132' title='bbox 430 1401 591 1439; x_wconf 88' lang='lat' dir='ltr'>contra</span> <span class='ocrx_word' id='word_1_133' title='bbox 627 1392 902 1439; x_wconf 87' lang='lat' dir='ltr'>Pontificem</span> <span class='ocrx_word' id='word_1_134' title='bbox 943 1400 1099 1439; x_wconf 90' lang='lat' dir='ltr'>autem</span> <span class='ocrx_word' id='word_1_135' title='bbox 1139 1391 1217 1438; x_wconf 89' lang='lat' dir='ltr'>alii</span> <span class='ocrx_word' id='word_1_136' title='bbox 1252 1400 1410 1447; x_wconf 88' lang='lat' dir='ltr'>stent,</span> <span class='ocrx_word' id='word_1_137' title='bbox 1459 1393 1581 1441; x_wconf 88' lang='lat' dir='ltr'>nulli</span> <span class='ocrx_word' id='word_1_138' title='bbox 1614 1396 1839 1445; x_wconf 89' lang='lat' dir='ltr'>catholico</span> 
     </span>
     <span class='ocr_line' id='line_1_18' title="bbox 139 1468 1840 1538; baseline 0.002 -19"><span class='ocrx_word' id='word_1_139' title='bbox 139 1473 295 1536; x_wconf 82' lang='lat' dir='ltr'>ignota</span> <span class='ocrx_word' id='word_1_140' title='bbox 333 1469 489 1533; x_wconf 81' lang='lat' dir='ltr'>regula</span> <span class='ocrx_word' id='word_1_141' title='bbox 533 1477 601 1516; x_wconf 86' lang='lat' dir='ltr'>est</span> <span class='ocrx_word' id='word_1_142' title='bbox 630 1486 641 1515; x_wconf 79' lang='lat' dir='ltr'><strong><em>z</em></strong></span> <span class='ocrx_word' id='word_1_143' title='bbox 677 1468 774 1516; x_wconf 77' lang='lat' dir='ltr'>Ubi</span> <span class='ocrx_word' id='word_1_144' title='bbox 802 1469 1003 1527; x_wconf 79' lang='lat' dir='ltr'>Petrus,</span> <span class='ocrx_word' id='word_1_145' title='bbox 1035 1469 1111 1517; x_wconf 71' lang='lat' dir='ltr'>ibi</span> <span class='ocrx_word' id='word_1_146' title='bbox 1141 1469 1359 1516; x_wconf 75' lang='lat' dir='ltr'>Ecclesia</span> <span class='ocrx_word' id='word_1_147' title='bbox 1385 1468 1480 1534; x_wconf 78' lang='grc'>(2),</span> <span class='ocrx_word' id='word_1_148' title='bbox 1521 1472 1729 1538; x_wconf 84' lang='lat' dir='ltr'>adeoque</span> <span class='ocrx_word' id='word_1_149' title='bbox 1763 1491 1840 1523; x_wconf 90' lang='lat' dir='ltr'>eos</span> 
     </span>
     <span class='ocr_line' id='line_1_19' title="bbox 138 1545 1841 1611; baseline 0.002 -16"><span class='ocrx_word' id='word_1_150' title='bbox 138 1547 397 1595; x_wconf 88' lang='lat' dir='ltr'>necessario</span> <span class='ocrx_word' id='word_1_151' title='bbox 420 1562 602 1604; x_wconf 87' lang='lat' dir='ltr'>errare,</span> <span class='ocrx_word' id='word_1_152' title='bbox 637 1545 719 1611; x_wconf 91' lang='lat' dir='ltr'>qui</span> <span class='ocrx_word' id='word_1_153' title='bbox 747 1553 908 1592; x_wconf 87' lang='lat' dir='ltr'>contra</span> <span class='ocrx_word' id='word_1_154' title='bbox 934 1545 1206 1592; x_wconf 88' lang='lat' dir='ltr'>Pontificem</span> <span class='ocrx_word' id='word_1_155' title='bbox 1228 1563 1276 1593; x_wconf 91' lang='lat' dir='ltr'>se</span> <span class='ocrx_word' id='word_1_156' title='bbox 1306 1546 1518 1609; x_wconf 81' lang='lat' dir='ltr'>erigunt,</span> <span class='ocrx_word' id='word_1_157' title='bbox 1552 1565 1659 1596; x_wconf 89' lang='lat' dir='ltr'>cum</span> <span class='ocrx_word' id='word_1_158' title='bbox 1687 1551 1841 1600; x_wconf 88' lang='lat' dir='ltr'>Eccle-</span> 
     </span>
     <span class='ocr_line' id='line_1_20' title="bbox 139 1620 1833 1693; baseline 0.004 -23"><span class='ocrx_word' id='word_1_159' title='bbox 139 1624 254 1670; x_wconf 86' lang='lat' dir='ltr'>siam</span> <span class='ocrx_word' id='word_1_160' title='bbox 279 1640 376 1672; x_wconf 88' lang='lat' dir='ltr'>non</span> <span class='ocrx_word' id='word_1_161' title='bbox 404 1621 603 1687; x_wconf 87' lang='lat' dir='ltr'>amplius</span> <span class='ocrx_word' id='word_1_162' title='bbox 623 1622 736 1687; x_wconf 80' lang='lat' dir='ltr'>ipsi,</span> <span class='ocrx_word' id='word_1_163' title='bbox 765 1620 849 1669; x_wconf 91' lang='lat' dir='ltr'>sed</span> <span class='ocrx_word' id='word_1_164' title='bbox 866 1621 1119 1668; x_wconf 81' lang='lat' dir='ltr'>factionem</span> <span class='ocrx_word' id='word_1_165' title='bbox 1141 1621 1415 1687; x_wconf 82' lang='lat' dir='ltr'>acephalam</span> <span class='ocrx_word' id='word_1_166' title='bbox 1435 1626 1725 1674; x_wconf 87' lang='lat' dir='ltr'>constituant</span> <span class='ocrx_word' id='word_1_167' title='bbox 1743 1626 1833 1693; x_wconf 86' lang='lat'><strong>(3).</strong></span> 
     </span>
    </p>
   </div>
   <div class='ocr_carea' id='block_1_4' title="bbox 141 1828 960 3001">
    <p class='ocr_par' dir='ltr' id='par_1_4' title="bbox 141 1828 960 3001">
     <span class='ocr_line' id='line_1_21' title="bbox 196 1828 956 1882; baseline -0.001 -15"><span class='ocrx_word' id='word_1_168' title='bbox 196 1831 248 1881; x_wconf 87' lang='grc' dir='ltr'>(Ι)</span> <span class='ocrx_word' id='word_1_169' title='bbox 271 1829 391 1882; x_wconf 90' lang='lat' dir='ltr'>Hujus</span> <span class='ocrx_word' id='word_1_170' title='bbox 404 1830 541 1882; x_wconf 84' lang='lat' dir='ltr'>agendi</span> <span class='ocrx_word' id='word_1_171' title='bbox 556 1830 709 1867; x_wconf 84' lang='lat' dir='ltr'>rationis</span> <span class='ocrx_word' id='word_1_172' title='bbox 723 1828 956 1867; x_wconf 85' lang='lat' dir='ltr'>luculentum</span> 
     </span>
     <span class='ocr_line' id='line_1_22' title="bbox 142 1893 956 1948; baseline -0.004 -13"><span class='ocrx_word' id='word_1_173' title='bbox 142 1898 303 1948; x_wconf 83' lang='lat' dir='ltr'>suppetit</span> <span class='ocrx_word' id='word_1_174' title='bbox 327 1896 535 1947; x_wconf 84' lang='lat' dir='ltr'>exemplum</span> <span class='ocrx_word' id='word_1_175' title='bbox 553 1897 591 1933; x_wconf 90' lang='lat' dir='ltr'>in</span> <span class='ocrx_word' id='word_1_176' title='bbox 609 1896 857 1933; x_wconf 85' lang='lat' dir='ltr'>controversia</span> <span class='ocrx_word' id='word_1_177' title='bbox 870 1893 956 1946; x_wconf 86' lang='lat' dir='ltr'>jan-</span> 
     </span>
     <span class='ocr_line' id='line_1_23' title="bbox 144 1962 955 2015; baseline -0.002 -14"><span class='ocrx_word' id='word_1_178' title='bbox 144 1965 316 2009; x_wconf 79' lang='lat' dir='ltr'>seniana,</span> <span class='ocrx_word' id='word_1_179' title='bbox 335 1975 415 2015; x_wconf 80' lang='lat' dir='ltr'>quae</span> <span class='ocrx_word' id='word_1_180' title='bbox 438 1962 504 2000; x_wconf 86' lang='lat' dir='ltr'>diu</span> <span class='ocrx_word' id='word_1_181' title='bbox 520 1964 652 2012; x_wconf 85' lang='lat' dir='ltr'>agitata</span> <span class='ocrx_word' id='word_1_182' title='bbox 669 1970 779 2013; x_wconf 87' lang='lat' dir='ltr'>atque</span> <span class='ocrx_word' id='word_1_183' title='bbox 794 1962 955 2000; x_wconf 82' lang='lat' dir='ltr'>discussa</span> 
     </span>
     <span class='ocr_line' id='line_1_24' title="bbox 141 2027 955 2075; baseline -0.002 -9"><span class='ocrx_word' id='word_1_184' title='bbox 141 2031 182 2066; x_wconf 88' lang='lat' dir='ltr'>in</span> <span class='ocrx_word' id='word_1_185' title='bbox 202 2027 328 2066; x_wconf 84' lang='lat' dir='ltr'>Galliis</span> <span class='ocrx_word' id='word_1_186' title='bbox 356 2028 486 2066; x_wconf 83' lang='lat' dir='ltr'>suerat.</span> <span class='ocrx_word' id='word_1_187' title='bbox 509 2027 695 2075; x_wconf 81' lang='lat' dir='ltr'>Romam,</span> <span class='ocrx_word' id='word_1_188' title='bbox 726 2027 794 2066; x_wconf 86' lang='lat' dir='ltr'>ubi</span> <span class='ocrx_word' id='word_1_189' title='bbox 816 2041 955 2066; x_wconf 83' lang='lat' dir='ltr'>novum</span> 
     </span>
     <span class='ocr_line' id='line_1_25' title="bbox 141 2095 956 2145; baseline -0.001 -13"><span class='ocrx_word' id='word_1_190' title='bbox 141 2103 196 2132; x_wconf 86' lang='lat' dir='ltr'>est</span> <span class='ocrx_word' id='word_1_191' title='bbox 209 2095 420 2132; x_wconf 88' lang='lat' dir='ltr'>institutum</span> <span class='ocrx_word' id='word_1_192' title='bbox 438 2107 614 2140; x_wconf 81' lang='lat' dir='ltr'>examen,</span> <span class='ocrx_word' id='word_1_193' title='bbox 639 2095 849 2145; x_wconf 83' lang='lat' dir='ltr'>janseniani</span> <span class='ocrx_word' id='word_1_194' title='bbox 871 2108 956 2131; x_wconf 90' lang='lat' dir='ltr'>suos</span> 
     </span>
     <span class='ocr_line' id='line_1_26' title="bbox 141 2157 958 2211; baseline -0.001 -13"><span class='ocrx_word' id='word_1_195' title='bbox 141 2157 324 2211; x_wconf 81' lang='lat' dir='ltr'>delegatos</span> <span class='ocrx_word' id='word_1_196' title='bbox 344 2162 542 2208; x_wconf 83' lang='lat' dir='ltr'>1niserant3</span> <span class='ocrx_word' id='word_1_197' title='bbox 564 2159 707 2210; x_wconf 83' lang='lat' dir='ltr'>singula</span> <span class='ocrx_word' id='word_1_198' title='bbox 734 2172 864 2210; x_wconf 83' lang='lat' dir='ltr'>magna</span> <span class='ocrx_word' id='word_1_199' title='bbox 886 2159 958 2197; x_wconf 85' lang='lat' dir='ltr'>sol-</span> 
     </span>
     <span class='ocr_line' id='line_1_27' title="bbox 141 2224 956 2276; baseline 0 -14"><span class='ocrx_word' id='word_1_200' title='bbox 141 2225 244 2263; x_wconf 84' lang='lat' dir='ltr'>lertia</span> <span class='ocrx_word' id='word_1_201' title='bbox 263 2238 305 2263; x_wconf 88' lang='lat' dir='ltr'>ac</span> <span class='ocrx_word' id='word_1_202' title='bbox 327 2226 391 2263; x_wconf 86' lang='lat' dir='ltr'>diu</span> <span class='ocrx_word' id='word_1_203' title='bbox 407 2226 508 2264; x_wconf 81' lang='lat' dir='ltr'>fuere</span> <span class='ocrx_word' id='word_1_204' title='bbox 527 2237 724 2276; x_wconf 84' lang='lat' dir='ltr'>perpensa,</span> <span class='ocrx_word' id='word_1_205' title='bbox 741 2225 780 2261; x_wconf 91' lang='lat' dir='ltr'>in</span> <span class='ocrx_word' id='word_1_206' title='bbox 796 2224 956 2276; x_wconf 85' lang='lat' dir='ltr'>quadra-</span> 
     </span>
     <span class='ocr_line' id='line_1_28' title="bbox 143 2287 957 2343; baseline 0 -16"><span class='ocrx_word' id='word_1_207' title='bbox 143 2292 244 2341; x_wconf 84' lang='lat' dir='ltr'>ginta</span> <span class='ocrx_word' id='word_1_208' title='bbox 273 2295 337 2329; x_wconf 81' lang='lat' dir='ltr'>aut</span> <span class='ocrx_word' id='word_1_209' title='bbox 362 2287 634 2343; x_wconf 82' lang='lat' dir='ltr'>quinquaginta</span> <span class='ocrx_word' id='word_1_210' title='bbox 665 2292 957 2342; x_wconf 83' lang='lat' dir='ltr'>congregationi-</span> 
     </span>
     <span class='ocr_line' id='line_1_29' title="bbox 143 2356 956 2398; baseline 0 -5"><span class='ocrx_word' id='word_1_211' title='bbox 143 2356 215 2394; x_wconf 84' lang='lat' dir='ltr'>bus</span> <span class='ocrx_word' id='word_1_212' title='bbox 247 2358 322 2395; x_wconf 87' lang='lat' dir='ltr'>sive</span> <span class='ocrx_word' id='word_1_213' title='bbox 356 2369 476 2395; x_wconf 85' lang='lat' dir='ltr'>coram</span> <span class='ocrx_word' id='word_1_214' title='bbox 506 2356 693 2398; x_wconf 59' lang='lat' dir='ltr'>,Pontifice</span> <span class='ocrx_word' id='word_1_215' title='bbox 724 2357 799 2393; x_wconf 88' lang='lat' dir='ltr'>sive</span> <span class='ocrx_word' id='word_1_216' title='bbox 832 2369 956 2393; x_wconf 87' lang='lat' dir='ltr'>coram</span> 
     </span>
     <span class='ocr_line' id='line_1_30' title="bbox 145 2422 957 2475; baseline 0 -15"><span class='ocrx_word' id='word_1_217' title='bbox 145 2422 404 2461; x_wconf 79' lang='lat' dir='ltr'>cardinalibus</span> <span class='ocrx_word' id='word_1_218' title='bbox 428 2424 475 2461; x_wconf 82' lang='lat' dir='ltr'>ad</span> <span class='ocrx_word' id='word_1_219' title='bbox 494 2424 567 2462; x_wconf 86' lang='lat' dir='ltr'>hoc</span> <span class='ocrx_word' id='word_1_220' title='bbox 585 2423 735 2461; x_wconf 86' lang='lat' dir='ltr'>delectis</span> <span class='ocrx_word' id='word_1_221' title='bbox 751 2452 760 2469; x_wconf 85' lang='lat'><strong>‚</strong></span> <span class='ocrx_word' id='word_1_222' title='bbox 787 2424 853 2475; x_wconf 90' lang='lat' dir='ltr'>qui</span> <span class='ocrx_word' id='word_1_223' title='bbox 879 2431 957 2460; x_wconf 84' lang='lat' dir='ltr'>octo</span> 
     </span>
     <span class='ocr_line' id='line_1_31' title="bbox 145 2487 957 2541; baseline 0.001 -16"><span class='ocrx_word' id='word_1_224' title='bbox 145 2489 338 2539; x_wconf 86' lang='lat' dir='ltr'>postremis</span> <span class='ocrx_word' id='word_1_225' title='bbox 369 2491 559 2526; x_wconf 81' lang='lat' dir='ltr'>mensibus</span> <span class='ocrx_word' id='word_1_226' title='bbox 577 2487 678 2527; x_wconf 86' lang='lat' dir='ltr'>illius</span> <span class='ocrx_word' id='word_1_227' title='bbox 695 2488 857 2534; x_wconf 79' lang='lat' dir='ltr'>biennii,</span> <span class='ocrx_word' id='word_1_228' title='bbox 882 2502 957 2541; x_wconf 90' lang='lat' dir='ltr'>quo</span> 
     </span>
     <span class='ocr_line' id='line_1_32' title="bbox 144 2553 958 2605; baseline 0 -13"><span class='ocrx_word' id='word_1_229' title='bbox 144 2567 299 2592; x_wconf 85' lang='lat' dir='ltr'>examen</span> <span class='ocrx_word' id='word_1_230' title='bbox 320 2553 418 2591; x_wconf 87' lang='lat' dir='ltr'>istud</span> <span class='ocrx_word' id='word_1_231' title='bbox 438 2553 651 2591; x_wconf 86' lang='lat' dir='ltr'>confectum</span> <span class='ocrx_word' id='word_1_232' title='bbox 670 2561 724 2590; x_wconf 87' lang='lat' dir='ltr'>est</span> <span class='ocrx_word' id='word_1_233' title='bbox 741 2582 751 2600; x_wconf 91' lang='lat'>,</span> <span class='ocrx_word' id='word_1_234' title='bbox 775 2567 893 2605; x_wconf 85' lang='lat' dir='ltr'>usque</span> <span class='ocrx_word' id='word_1_235' title='bbox 911 2554 958 2592; x_wconf 87' lang='lat' dir='ltr'>ad</span> 
     </span>
     <span class='ocr_line' id='line_1_33' title="bbox 144 2617 958 2670; baseline -0.001 -13"><span class='ocrx_word' id='word_1_236' title='bbox 144 2621 292 2670; x_wconf 82' lang='lat' dir='ltr'>triginta</span> <span class='ocrx_word' id='word_1_237' title='bbox 315 2627 384 2657; x_wconf 84' lang='lat' dir='ltr'>tres</span> <span class='ocrx_word' id='word_1_238' title='bbox 404 2617 724 2665; x_wconf 86' lang='lat' dir='ltr'>interveniebant,</span> <span class='ocrx_word' id='word_1_239' title='bbox 751 2618 869 2656; x_wconf 85' lang='lat' dir='ltr'>donec</span> <span class='ocrx_word' id='word_1_240' title='bbox 884 2618 958 2666; x_wconf 32' lang='lat' dir='ltr'>‚In-</span> 
     </span>
     <span class='ocr_line' id='line_1_34' title="bbox 145 2681 960 2732; baseline -0.001 -9"><span class='ocrx_word' id='word_1_241' title='bbox 145 2686 338 2723; x_wconf 84' lang='lat' dir='ltr'>nocentius</span> <span class='ocrx_word' id='word_1_242' title='bbox 360 2683 420 2730; x_wconf 87' lang='lat' dir='ltr'>X,</span> <span class='ocrx_word' id='word_1_243' title='bbox 452 2698 513 2722; x_wconf 82' lang='lat' dir='ltr'>an.</span> <span class='ocrx_word' id='word_1_244' title='bbox 544 2681 669 2732; x_wconf 83' lang='lat'>1653,</span> <span class='ocrx_word' id='word_1_245' title='bbox 700 2683 759 2721; x_wconf 84' lang='lat' dir='ltr'>die</span> <span class='ocrx_word' id='word_1_246' title='bbox 795 2685 840 2723; x_wconf 79' lang='lat'>31</span> <span class='ocrx_word' id='word_1_247' title='bbox 871 2683 960 2722; x_wconf 79' lang='lat' dir='ltr'>Maii</span> 
     </span>
     <span class='ocr_line' id='line_1_35' title="bbox 146 2748 959 2801; baseline 0 -14"><span class='ocrx_word' id='word_1_248' title='bbox 146 2749 326 2788; x_wconf 82' lang='lat' dir='ltr'>celebrem</span> <span class='ocrx_word' id='word_1_249' title='bbox 359 2749 663 2788; x_wconf 81' lang='lat' dir='ltr'>‘constitutionem</span> <span class='ocrx_word' id='word_1_250' title='bbox 696 2748 842 2792; x_wconf 84' lang='lat' dir='ltr'>edidit,</span> <span class='ocrx_word' id='word_1_251' title='bbox 878 2762 959 2801; x_wconf 68' lang='lat' dir='ltr'>quas</span> 
     </span>
     <span class='ocr_line' id='line_1_36' title="bbox 146 2812 960 2866; baseline 0.002 -15"><span class='ocrx_word' id='word_1_252' title='bbox 146 2815 277 2866; x_wconf 79' lang='lat' dir='ltr'>incipit</span> <span class='ocrx_word' id='word_1_253' title='bbox 298 2828 309 2855; x_wconf 89' lang='lat'>:</span> <span class='ocrx_word' id='word_1_254' title='bbox 334 2814 403 2854; x_wconf 71' lang='lat' dir='ltr'>Ex</span> <span class='ocrx_word' id='word_1_255' title='bbox 437 2815 651 2853; x_wconf 75' lang='lat' dir='ltr'>occasione.</span> <span class='ocrx_word' id='word_1_256' title='bbox 674 2812 755 2852; x_wconf 79' lang='lat' dir='ltr'>cfr.</span> <span class='ocrx_word' id='word_1_257' title='bbox 783 2812 960 2853; x_wconf 72' lang='lat' dir='ltr'>Histoire</span> 
     </span>
     <span class='ocr_line' id='line_1_37' title="bbox 147 2877 957 2932; baseline 0 -16"><span class='ocrx_word' id='word_1_258' title='bbox 147 2878 212 2917; x_wconf 83' lang='lat' dir='ltr'>des</span> <span class='ocrx_word' id='word_1_259' title='bbox 237 2881 326 2932; x_wconf 77' lang='lat' dir='ltr'>cinq</span> <span class='ocrx_word' id='word_1_260' title='bbox 357 2881 623 2932; x_wconf 77' lang='lat' dir='ltr'>Propositions</span> <span class='ocrx_word' id='word_1_261' title='bbox 650 2877 701 2917; x_wconf 63' lang='grc' dir='ltr'>ἀεὶ</span> <span class='ocrx_word' id='word_1_262' title='bbox 720 2877 957 2924; x_wconf 72' lang='lat' dir='ltr'>Jamen&#39;ius,</span> 
     </span>
     <span class='ocr_line' id='line_1_38' title="bbox 148 2944 960 3001; baseline 0.002 -18"><span class='ocrx_word' id='word_1_263' title='bbox 148 2944 257 2997; x_wconf 75' lang='lat' dir='ltr'>Liege</span> <span class='ocrx_word' id='word_1_264' title='bbox 287 2944 414 3001; x_wconf 83' lang='lat'>1699,</span> <span class='ocrx_word' id='word_1_265' title='bbox 444 2956 536 2985; x_wconf 83' lang='lat' dir='ltr'>tom.</span> <span class='ocrx_word' id='word_1_266' title='bbox 561 2960 601 2994; x_wconf 83' lang='lat'>1,</span> <span class='ocrx_word' id='word_1_267' title='bbox 630 2946 696 2985; x_wconf 84' lang='lat' dir='ltr'>liv.</span> <span class='ocrx_word' id='word_1_268' title='bbox 725 2960 750 2983; x_wconf 82' lang='grc' dir='ltr'>ι.</span> <span class='ocrx_word' id='word_1_269' title='bbox 774 2944 887 2984; x_wconf 63' lang='lat' dir='ltr'>Aliud</span> <span class='ocrx_word' id='word_1_270' title='bbox 904 2960 960 2985; x_wconf 90' lang='lat' dir='ltr'>re-</span> 
     </span>
    </p>
   </div>
   <div class='ocr_carea' id='block_1_5' title="bbox 1020 1828 1904 3000">
    <p class='ocr_par' dir='ltr' id='par_1_5' title="bbox 1022 1828 1842 2066">
     <span class='ocr_line' id='line_1_39' title="bbox 1024 1828 1840 1887; baseline 0.011 -21"><span class='ocrx_word' id='word_1_271' title='bbox 1024 1828 1295 1869; x_wconf 79' lang='lat' dir='ltr'>Constitutione</span> <span class='ocrx_word' id='word_1_272' title='bbox 1320 1830 1375 1869; x_wconf 81' lang='lat' dir='ltr'>Pii</span> <span class='ocrx_word' id='word_1_273' title='bbox 1395 1830 1470 1879; x_wconf 89' lang='lat' dir='ltr'>V1,</span> <span class='ocrx_word' id='word_1_274' title='bbox 1502 1831 1710 1873; x_wconf 81' lang='lat' dir='ltr'>Auctorem</span> <span class='ocrx_word' id='word_1_275' title='bbox 1720 1836 1840 1887; x_wconf 79' lang='lat' dir='ltr'>fidei,</span> 
     </span>
     <span class='ocr_line' id='line_1_40' title="bbox 1025 1896 1842 1953; baseline 0.012 -21"><span class='ocrx_word' id='word_1_276' title='bbox 1025 1907 1111 1947; x_wconf 82' lang='lat' dir='ltr'>quae</span> <span class='ocrx_word' id='word_1_277' title='bbox 1133 1903 1208 1934; x_wconf 89' lang='lat' dir='ltr'>toto</span> <span class='ocrx_word' id='word_1_278' title='bbox 1234 1896 1415 1935; x_wconf 87' lang='lat' dir='ltr'>decennio</span> <span class='ocrx_word' id='word_1_279' title='bbox 1434 1910 1455 1935; x_wconf 88' lang='lat' dir='ltr'>a</span> <span class='ocrx_word' id='word_1_280' title='bbox 1473 1898 1655 1939; x_wconf 84' lang='lat' dir='ltr'>celebrata</span> <span class='ocrx_word' id='word_1_281' title='bbox 1679 1904 1842 1953; x_wconf 88' lang='lat' dir='ltr'>pseudo-</span> 
     </span>
     <span class='ocr_line' id='line_1_41' title="bbox 1022 1960 1842 2021; baseline 0.011 -23"><span class='ocrx_word' id='word_1_282' title='bbox 1022 1960 1163 2013; x_wconf 77' lang='lat' dir='ltr'>synodo</span> <span class='ocrx_word' id='word_1_283' title='bbox 1189 1961 1430 2010; x_wconf 73' lang='lat' dir='ltr'>pistoriensi,</span> <span class='ocrx_word' id='word_1_284' title='bbox 1459 1977 1596 2016; x_wconf 85' lang='lat' dir='ltr'>nempe</span> <span class='ocrx_word' id='word_1_285' title='bbox 1616 1979 1679 2006; x_wconf 87' lang='lat' dir='ltr'>an.</span> <span class='ocrx_word' id='word_1_286' title='bbox 1713 1965 1842 2021; x_wconf 70' lang='lat'>1794,</span> 
     </span>
     <span class='ocr_line' id='line_1_42' title="bbox 1022 2035 1260 2066; baseline 0.004 -1"><span class='ocrx_word' id='word_1_287' title='bbox 1022 2035 1167 2065; x_wconf 83' lang='lat' dir='ltr'>exarata</span> <span class='ocrx_word' id='word_1_288' title='bbox 1192 2035 1260 2066; x_wconf 88' lang='lat' dir='ltr'>est.</span> 
     </span>
    </p>

    <p class='ocr_par' dir='ltr' id='par_1_6' title="bbox 1023 2091 1844 2208">
     <span class='ocr_line' id='line_1_43' title="bbox 1079 2091 1844 2147; baseline 0.01 -18"><span class='ocrx_word' id='word_1_289' title='bbox 1079 2092 1131 2143; x_wconf 80' lang='lat'>(2)</span> <span class='ocrx_word' id='word_1_290' title='bbox 1162 2091 1204 2132; x_wconf 91' lang='lat' dir='ltr'>S.</span> <span class='ocrx_word' id='word_1_291' title='bbox 1228 2091 1601 2134; x_wconf 74' lang='lat' dir='ltr'>Ambros.Enarrat.</span> <span class='ocrx_word' id='word_1_292' title='bbox 1624 2097 1664 2134; x_wconf 86' lang='lat' dir='ltr'>in</span> <span class='ocrx_word' id='word_1_293' title='bbox 1687 2095 1747 2137; x_wconf 86' lang='lat' dir='ltr'>Ps.</span> <span class='ocrx_word' id='word_1_294' title='bbox 1775 2111 1818 2137; x_wconf 68' lang='grc' dir='ltr'>ιι.</span> <span class='ocrx_word' id='word_1_295' title='bbox 1833 2128 1844 2147; x_wconf 90' lang='grc'><em>,</em></span> 
     </span>
     <span class='ocr_line' id='line_1_44' title="bbox 1023 2157 1748 2208; baseline 0.01 -13"><span class='ocrx_word' id='word_1_296' title='bbox 1023 2172 1062 2195; x_wconf 87' lang='lat' dir='ltr'>n.</span> <span class='ocrx_word' id='word_1_297' title='bbox 1092 2157 1158 2196; x_wconf 82' lang='lat'>30.</span> <span class='ocrx_word' id='word_1_298' title='bbox 1746 2205 1748 2208; x_wconf 63' lang='grc'><strong>,</strong></span> 
     </span>
    </p>

    <p class='ocr_par' dir='ltr' id='par_1_7' title="bbox 1020 2216 1904 3000">
     <span class='ocr_line' id='line_1_45' title="bbox 1076 2216 1875 2275; baseline 0.009 -13"><span class='ocrx_word' id='word_1_299' title='bbox 1076 2223 1133 2275; x_wconf 88' lang='grc'>(3)</span> <span class='ocrx_word' id='word_1_300' title='bbox 1157 2224 1197 2262; x_wconf 90' lang='lat' dir='ltr'>Id</span> <span class='ocrx_word' id='word_1_301' title='bbox 1219 2223 1449 2274; x_wconf 79' lang='lat' dir='ltr'>apertissime</span> <span class='ocrx_word' id='word_1_302' title='bbox 1464 2235 1606 2265; x_wconf 87' lang='lat' dir='ltr'>constat</span> <span class='ocrx_word' id='word_1_303' title='bbox 1627 2242 1670 2267; x_wconf 87' lang='lat' dir='ltr'>ex</span> <span class='ocrx_word' id='word_1_304' title='bbox 1695 2237 1750 2268; x_wconf 90' lang='lat' dir='ltr'>tot</span> <span class='ocrx_word' id='word_1_305' title='bbox 1778 2231 1840 2269; x_wconf 84' lang='lat' dir='ltr'>fa-</span> <span class='ocrx_word' id='word_1_306' title='bbox 1873 2216 1875 2219; x_wconf 22' lang='grc' dir='ltr'><strong><em>ι</em></strong></span> 
     </span>
     <span class='ocr_line' id='line_1_46' title="bbox 1023 2289 1841 2344; baseline 0.01 -17"><span class='ocrx_word' id='word_1_307' title='bbox 1023 2289 1208 2344; x_wconf 87' lang='lat' dir='ltr'>ctionibus</span> <span class='ocrx_word' id='word_1_308' title='bbox 1225 2319 1235 2336; x_wconf 92' lang='lat'>,</span> <span class='ocrx_word' id='word_1_309' title='bbox 1263 2303 1348 2342; x_wconf 86' lang='lat' dir='ltr'>quae</span> <span class='ocrx_word' id='word_1_310' title='bbox 1368 2290 1575 2330; x_wconf 87' lang='lat' dir='ltr'>identidem</span> <span class='ocrx_word' id='word_1_311' title='bbox 1602 2294 1643 2331; x_wconf 90' lang='lat' dir='ltr'>in</span> <span class='ocrx_word' id='word_1_312' title='bbox 1667 2292 1841 2335; x_wconf 83' lang='lat' dir='ltr'>Ecclesiis</span> 
     </span>
     <span class='ocr_line' id='line_1_47' title="bbox 1024 2345 1840 2410; baseline 0.009 -17"><span class='ocrx_word' id='word_1_313' title='bbox 1024 2355 1264 2393; x_wconf 84' lang='lat' dir='ltr'>orientalibus</span> <span class='ocrx_word' id='word_1_314' title='bbox 1300 2357 1463 2394; x_wconf 78' lang='lat' dir='ltr'>exeitatae</span> <span class='ocrx_word' id='word_1_315' title='bbox 1494 2366 1609 2405; x_wconf 83' lang='lat' dir='ltr'>sunt,</span> <span class='ocrx_word' id='word_1_316' title='bbox 1638 2345 1840 2410; x_wconf 30' lang='lat' dir='ltr'>praes&#39;ertim</span> 
     </span>
     <span class='ocr_line' id='line_1_48' title="bbox 1022 2421 1841 2477; baseline 0.01 -19"><span class='ocrx_word' id='word_1_317' title='bbox 1022 2433 1109 2459; x_wconf 82' lang='lat' dir='ltr'>vero</span> <span class='ocrx_word' id='word_1_318' title='bbox 1139 2434 1184 2459; x_wconf 82' lang='lat' dir='ltr'>ex</span> <span class='ocrx_word' id='word_1_319' title='bbox 1208 2422 1398 2477; x_wconf 84' lang='lat' dir='ltr'>occasione</span> <span class='ocrx_word' id='word_1_320' title='bbox 1423 2421 1629 2461; x_wconf 82' lang='lat' dir='ltr'>schismatis</span> <span class='ocrx_word' id='word_1_321' title='bbox 1651 2424 1841 2467; x_wconf 84' lang='lat' dir='ltr'>Acaciani.</span> 
     </span>
     <span class='ocr_line' id='line_1_49' title="bbox 1023 2486 1845 2538; baseline 0.012 -16"><span class='ocrx_word' id='word_1_322' title='bbox 1023 2486 1200 2537; x_wconf 80' lang='lat' dir='ltr'>Quamvis</span> <span class='ocrx_word' id='word_1_323' title='bbox 1230 2495 1339 2537; x_wconf 85' lang='lat' dir='ltr'>porro</span> <span class='ocrx_word' id='word_1_324' title='bbox 1371 2499 1506 2538; x_wconf 85' lang='lat' dir='ltr'>magno</span> <span class='ocrx_word' id='word_1_325' title='bbox 1535 2502 1694 2528; x_wconf 89' lang='lat' dir='ltr'>numero</span> <span class='ocrx_word' id='word_1_326' title='bbox 1725 2499 1845 2532; x_wconf 80' lang='lat' dir='ltr'>essent</span> 
     </span>
     <span class='ocr_line' id='line_1_50' title="bbox 1025 2552 1842 2605; baseline 0.009 -16"><span class='ocrx_word' id='word_1_327' title='bbox 1025 2552 1218 2603; x_wconf 82' lang='lat' dir='ltr'>Episcopi,</span> <span class='ocrx_word' id='word_1_328' title='bbox 1237 2553 1397 2604; x_wconf 86' lang='lat' dir='ltr'>quicum</span> <span class='ocrx_word' id='word_1_329' title='bbox 1414 2555 1490 2591; x_wconf 87' lang='lat' dir='ltr'>suis</span> <span class='ocrx_word' id='word_1_330' title='bbox 1505 2556 1720 2605; x_wconf 88' lang='lat' dir='ltr'>patriarchis</span> <span class='ocrx_word' id='word_1_331' title='bbox 1735 2559 1842 2596; x_wconf 86' lang='lat' dir='ltr'>resti-</span> 
     </span>
     <span class='ocr_line' id='line_1_51' title="bbox 1023 2616 1843 2672; baseline 0.007 -17"><span class='ocrx_word' id='word_1_332' title='bbox 1023 2625 1149 2656; x_wconf 87' lang='lat' dir='ltr'>terunt</span> <span class='ocrx_word' id='word_1_333' title='bbox 1175 2631 1272 2655; x_wconf 88' lang='lat' dir='ltr'>rom.</span> <span class='ocrx_word' id='word_1_334' title='bbox 1295 2616 1466 2656; x_wconf 79' lang='lat' dir='ltr'>Pontifici</span> <span class='ocrx_word' id='word_1_335' title='bbox 1482 2647 1493 2665; x_wconf 89' lang='lat'>‚</span> <span class='ocrx_word' id='word_1_336' title='bbox 1517 2619 1658 2672; x_wconf 84' lang='lat' dir='ltr'>absque</span> <span class='ocrx_word' id='word_1_337' title='bbox 1680 2621 1756 2659; x_wconf 86' lang='lat' dir='ltr'>ulla</span> <span class='ocrx_word' id='word_1_338' title='bbox 1772 2622 1843 2662; x_wconf 86' lang='lat' dir='ltr'>du-</span> 
     </span>
     <span class='ocr_line' id='line_1_52' title="bbox 1024 2682 1843 2728; baseline 0.009 -7"><span class='ocrx_word' id='word_1_339' title='bbox 1024 2683 1205 2722; x_wconf 85' lang='lat' dir='ltr'>bitatione</span> <span class='ocrx_word' id='word_1_340' title='bbox 1230 2682 1284 2721; x_wconf 85' lang='lat' dir='ltr'>illi</span> <span class='ocrx_word' id='word_1_341' title='bbox 1304 2696 1433 2721; x_wconf 86' lang='lat' dir='ltr'>omnes</span> <span class='ocrx_word' id='word_1_342' title='bbox 1453 2691 1489 2722; x_wconf 88' lang='lat' dir='ltr'>et</span> <span class='ocrx_word' id='word_1_343' title='bbox 1513 2684 1578 2723; x_wconf 84' lang='lat' dir='ltr'>soli</span> <span class='ocrx_word' id='word_1_344' title='bbox 1592 2685 1640 2724; x_wconf 87' lang='lat' dir='ltr'>ad</span> <span class='ocrx_word' id='word_1_345' title='bbox 1662 2689 1843 2728; x_wconf 86' lang='lat' dir='ltr'>unitatem</span> 
     </span>
     <span class='ocr_line' id='line_1_53' title="bbox 1025 2744 1904 2806; baseline 0.009 -20"><span class='ocrx_word' id='word_1_346' title='bbox 1025 2747 1198 2787; x_wconf 83' lang='lat' dir='ltr'>Ecclesiae</span> <span class='ocrx_word' id='word_1_347' title='bbox 1238 2749 1456 2799; x_wconf 83' lang='lat' dir='ltr'>pertinuisse</span> <span class='ocrx_word' id='word_1_348' title='bbox 1489 2749 1607 2788; x_wconf 82' lang='lat' dir='ltr'>habiti</span> <span class='ocrx_word' id='word_1_349' title='bbox 1635 2761 1748 2801; x_wconf 85' lang='lat' dir='ltr'>sunt,</span> <span class='ocrx_word' id='word_1_350' title='bbox 1777 2755 1847 2806; x_wconf 85' lang='lat' dir='ltr'>qui</span> <span class='ocrx_word' id='word_1_351' title='bbox 1902 2744 1904 2747; x_wconf 22' lang='grc' dir='ltr'>ι</span> 
     </span>
     <span class='ocr_line' id='line_1_54' title="bbox 1025 2813 1845 2870; baseline 0.007 -18"><span class='ocrx_word' id='word_1_352' title='bbox 1025 2827 1121 2852; x_wconf 85' lang='lat' dir='ltr'>rom.</span> <span class='ocrx_word' id='word_1_353' title='bbox 1149 2813 1295 2852; x_wconf 79' lang='lat' dir='ltr'>Praesuli</span> <span class='ocrx_word' id='word_1_354' title='bbox 1328 2813 1579 2853; x_wconf 81' lang='lat' dir='ltr'>adhaeserunt.</span> <span class='ocrx_word' id='word_1_355' title='bbox 1613 2814 1845 2870; x_wconf 81' lang='lat' dir='ltr'>Quapropter</span> 
     </span>
     <span class='ocr_line' id='line_1_55' title="bbox 1026 2876 1848 2933; baseline 0.009 -16"><span class='ocrx_word' id='word_1_356' title='bbox 1026 2879 1221 2918; x_wconf 78' lang='lat' dir='ltr'>Bossuetus</span> <span class='ocrx_word' id='word_1_357' title='bbox 1231 2909 1242 2926; x_wconf 83' lang='lat'>‚</span> <span class='ocrx_word' id='word_1_358' title='bbox 1264 2881 1308 2917; x_wconf 85' lang='lat' dir='ltr'>in·</span> <span class='ocrx_word' id='word_1_359' title='bbox 1321 2876 1583 2918; x_wconf 70' lang='lat' dir='ltr'>Imeructione</span> <span class='ocrx_word' id='word_1_360' title='bbox 1593 2882 1787 2933; x_wconf 72' lang='lat' dir='ltr'>postorali</span> <span class='ocrx_word' id='word_1_361' title='bbox 1799 2883 1848 2924; x_wconf 77' lang='lat' dir='ltr'>de</span> 
     </span>
     <span class='ocr_line' id='line_1_56' title="bbox 1020 2942 1845 3000; baseline 0.006 -17"><span class='ocrx_word' id='word_1_362' title='bbox 1020 2945 1223 2998; x_wconf 66' lang='lat' dir='ltr'>promissis</span> <span class='ocrx_word' id='word_1_363' title='bbox 1254 2943 1445 2984; x_wconf 70' lang='lat' dir='ltr'>Ecclesiae</span> <span class='ocrx_word' id='word_1_364' title='bbox 1474 2945 1593 2997; x_wconf 75' lang='lat' dir='ltr'>factis</span> <span class='ocrx_word' id='word_1_365' title='bbox 1609 2976 1620 2992; x_wconf 93' lang='lat'>‚</span> <span class='ocrx_word' id='word_1_366' title='bbox 1647 2942 1759 3000; x_wconf 83' lang='lat' dir='ltr'>agens</span> <span class='ocrx_word' id='word_1_367' title='bbox 1779 2948 1845 2987; x_wconf 82' lang='lat' dir='ltr'>ad-</span> 
     </span>
    </p>
   </div>
   <div class='ocr_carea' id='block_1_6' title="bbox 152 3005 1847 3064">
    <p class='ocr_par' dir='ltr' id='par_1_8' title="bbox 152 3005 1847 3064">
     <span class='ocr_line' id='line_1_57' title="bbox 152 3005 1847 3064; baseline 0.001 -14"><span class='ocrx_word' id='word_1_368' title='bbox 152 3012 294 3050; x_wconf 81' lang='lat' dir='ltr'>centius</span> <span class='ocrx_word' id='word_1_369' title='bbox 320 3012 442 3051; x_wconf 84' lang='lat' dir='ltr'>adhuc</span> <span class='ocrx_word' id='word_1_370' title='bbox 473 3011 685 3064; x_wconf 82' lang='lat' dir='ltr'>exemplum</span> <span class='ocrx_word' id='word_1_371' title='bbox 720 3010 900 3051; x_wconf 86' lang='lat' dir='ltr'>habemus</span> <span class='ocrx_word' id='word_1_372' title='bbox 929 3013 970 3050; x_wconf 89' lang='lat' dir='ltr'>in</span> <span class='ocrx_word' id='word_1_373' title='bbox 1036 3014 1165 3051; x_wconf 72' lang='lat' dir='ltr'>versus</span> <span class='ocrx_word' id='word_1_374' title='bbox 1177 3011 1366 3050; x_wconf 72' lang='lat' dir='ltr'>haereticos</span> <span class='ocrx_word' id='word_1_375' title='bbox 1378 3005 1628 3058; x_wconf 75' lang='lat' dir='ltr'>autumantes,</span> <span class='ocrx_word' id='word_1_376' title='bbox 1646 3010 1847 3053; x_wconf 68' lang='lat' dir='ltr'>Ecclesiam</span> 
     </span>
    </p>
   </div>
   <div class='ocr_carea' id='block_1_7' title="bbox 1574 3073 1651 3122">
    <p class='ocr_par' dir='ltr' id='par_1_9' title="bbox 1574 3073 1651 3122">
     <span class='ocr_line' id='line_1_58' title="bbox 1574 3073 1651 3122; baseline 0 0"><span class='ocrx_word' id='word_1_377' title='bbox 1574 3073 1651 3122; x_wconf 73' lang='lat'>32.</span> 
     </span>
    </p>
   </div>
  </div>
 </body>
</html>
