2028 3354
1678 199 1773 248 107

445 222 571 253 PART.
610 223 642 252 1.
685 222 780 252 CAP.
816 222 886 252 111.
926 222 979 251 DE
1016 221 1230 252 ECCLESIAE
1263 219 1403 251 lvo'rls.

100 340 269 396 Quare,
302 353 406 384 cum
427 336 637 383 Christus
657 336 860 383 affirmat
880 352 987 385 oves
1016 352 1118 382 suas
1141 351 1301 382 vocem
1328 348 1459 380 suam
1481 330 1640 380 audire
1655 367 1669 389 ,
1694 341 1775 379 aut

95 414 205 461 deos
228 413 315 461 dici
333 450 344 472 ,
373 412 432 459 ad
455 430 569 477 quos
591 429 744 460 sermo
766 413 848 459 Dei
866 413 1012 459 factus
1039 421 1109 459 est
1129 448 1140 471 ,
1163 420 1242 458 aut
1260 410 1450 458 demum
1471 409 1668 456 mundos
1696 426 1773 456 eos

95 507 192 537 esse
210 527 220 548 ,
239 507 351 554 quos
371 488 468 553 ipse
486 488 714 536 allocutus
735 497 828 544 est,
855 488 973 534 nihil
991 486 1117 535 aliud
1135 488 1383 550 significat,
1414 503 1554 550 quam
1572 502 1674 545 eos,
1697 484 1780 549 qui.

94 565 397 613 inveniuntur
422 564 470 610 in
508 582 616 611 vera
648 563 872 623 Ecclesia,
910 563 987 609 illa
1021 571 1236 624 praestare
1284 577 1337 606 ac
1374 560 1605 622 ejusmodi
1637 560 1778 607 donis

93 641 208 697 frui,
248 641 440 687 minime
478 657 587 687 vero
619 656 676 686 ex
706 639 775 686 his
811 655 970 686 veram
999 637 1240 683 Ecclesiam
1272 636 1471 699 agnosci.
1510 637 1616 682 Haec
1645 635 1775 683 enim

93 717 247 763 omnia
268 716 439 764 incerta
458 724 568 763 sunt
585 732 635 762 ac
655 714 929 776 subJectiva‚
952 721 998 758 et
1014 710 1292 776 plerumque
1319 711 1460 757 etiam
1493 710 1670 758 incerta
1699 711 1775 760 vel

92 793 179 857 ipsi
214 791 420 854 subjecto
442 828 454 850 ,
483 808 568 838 nec
594 797 788 855 possunt
816 796 1063 852 propterea
1090 795 1252 834 notam
1280 787 1576 834 constituere.

160 867 271 914 185.
309 866 381 914 Ad
421 868 514 925 3¹11,
537 867 656 928 Neq.
693 863 899 910 Adducta
946 863 1071 909 enim
1098 862 1241 912 verba
1263 880 1359 910 non
1402 871 1514 909 sunt
1552 864 1597 909 S.
1630 865 1768 910 Joan.

93 943 435 1007 Chrysostomi,
462 940 542 988 sed
571 940 733 986 incerti
764 939 989 999 auctoris,
1024 956 1076 986 ac
1106 939 1373 988 referuntur
1407 940 1466 988 ad
1501 939 1774 988 Antichristi

89 1029 298 1084 tempora
317 1020 404 1081 (l).

159 1095 265 1141 186.
306 1092 374 1140 Ad
399 1091 481 1153 4¹1¹,
501 1092 623 1139 Dist.
650 1092 849 1139 Mediate
866 1128 880 1147 .,
906 1108 1054 1147 conc.;
1072 1092 1364 1151 immediate,
1383 1109 1485 1157 neq.
1517 1091 1625 1140 Ideo
1648 1092 1775 1141 enim

91 1188 147 1218 ex
167 1171 212 1216 S.
235 1170 487 1232 Augustino
511 1169 563 1215 in
583 1169 834 1233 Scripturis
854 1169 1071 1215 discimus
1094 1169 1341 1216 Ecclesiam
1359 1206 1371 1229 ,
1402 1169 1509 1233 quia
1530 1170 1776 1235 Scripturae

88 1245 398 1311 patefaciunt,
426 1262 642 1310 quaenam
673 1245 766 1291 sint
795 1254 918 1293 notae
941 1280 954 1304 ,
994 1263 1050 1292 ex
1075 1244 1243 1309 quibus
1272 1246 1588 1309 cognoscimus
1619 1245 1775 1293 Eccle-

90 1322 204 1367 siam
255 1320 356 1384 (2);
399 1338 484 1368 nec
528 1320 642 1368 alius
684 1330 753 1368 est
783 1338 942 1369 sensus
972 1321 1160 1368 alterius
1184 1320 1297 1380 loci,
1332 1322 1411 1387 qui
1434 1339 1488 1369 ex
1524 1322 1779 1386 Augustino

88 1395 303 1459 objicitur
323 1397 410 1461 (3).

85 1570 326 1622 quamobrem
350 1572 394 1608 in
406 1577 592 1623 perpetua
612 1578 771 1609 manent
786 1572 846 1609 ira
862 1579 896 1611 et

86 1634 345 1675 damnatione.
367 1634 499 1687 Neque
508 1640 613 1674 enim
623 1636 760 1675 habent
782 1636 896 1675 Chri-

85 1706 185 1738 stum
198 1699 407 1742 Dominum
418 1729 431 1750 ‚
448 1714 567 1752 neque
580 1700 698 1739 ullius
721 1701 895 1754 Spiritus
913 1722 916 1725 ⁴

84 1763 225 1803 Sancti
253 1766 365 1804 donis
399 1774 434 1805 et
470 1767 621 1805 dotibus
649 1767 834 1806 illustrati
860 1774 894 1806 et

84 1831 221 1869 donati
233 1839 336 1871 sunt.
360 1831 536 1870 Calvinus
552 1863 562 1880 ,
580 1830 714 1872 Instit.
728 1833 800 1872 lib.
826 1847 863 1873 lv
880 1864 891 1882 ‚

84 1910 165 1947 cap.
196 1910 209 1936 1
231 1926 241 1945 ‚
270 1895 292 1949 ξ
319 1895 346 1947 4
380 1895 536 1937 :Extra
572 1901 654 1951 ejus
681 1899 893 1950 (Ecclesiae)

83 1963 272 2013 qremium
292 1992 302 2009 ,
327 1965 451 2014 inquit
468 1992 479 2010 ‚
494 1963 604 2002 nulla
628 1972 680 2001 est
701 1966 895 2017 speranda

76 2033 322 2080 peccatorum
350 2029 525 2067 remissio
547 2059 557 2076 ‚
588 2042 659 2067 nec
676 2030 754 2068 ulla
775 2030 890 2069 salus.

83 2090 197 2143 Apud
221 2091 396 2144 Wegsch.
428 2092 449 2145 S
480 2092 551 2132 183
571 2124 580 2141 ‚
605 2103 687 2133 not.
721 2096 792 2146 (h).
821 2096 894 2135 Ubi

83 2159 290 2196 notandum
308 2167 359 2196 est
379 2188 389 2206 ,
414 2157 600 2198 Ecclesioe
628 2163 778 2198 nomine
809 2175 894 2212 pro·

83 2223 203 2273 prium
227 2232 361 2263 coe-tum
404 2225 629 2265 adversarios
661 2226 893 2277 significare3

85 2299 161 2338 quo
190 2289 326 2327 factum
350 2298 434 2340 est,
459 2300 499 2329 ut
526 2300 648 2342 postca
665 2290 890 2340 videbimus,

85 2355 129 2389 ut
152 2359 256 2390 sectae
278 2354 429 2394 diversae
442 2357 602 2396 invicem
621 2370 659 2395 se
682 2357 894 2397 anathema-

85 2417 248 2456 tizarent.

141 2482 192 2532 (l)
223 2481 375 2535 Objecta
385 2486 494 2525 verba
510 2515 521 2533 ,
536 2499 579 2524 ex
591 2483 709 2525 Hom.
731 2500 812 2526 xux
828 2488 893 2527 de-

84 2557 254 2600 prompta
273 2577 284 2598 ‚
315 2550 556 2589 inveniuntur
599 2554 639 2590 in
677 2552 766 2591 edit.
803 2568 889 2605 opp.

83 2612 124 2652 S.
135 2613 246 2652 Joan.
260 2614 515 2667 Chrysostomi
529 2615 722 2654 Parisiensi
739 2616 869 2656 sebast
880 2647 891 2656 .

86 2677 231 2718 Nivellii
254 2692 319 2718 an.
355 2678 450 2718 1581
472 2710 484 2726 ,
505 2688 598 2719 tom.
619 2694 648 2718 11
664 2710 675 2729 ,
700 2682 771 2720 col.
795 2676 890 2736 992,

86 2742 152 2781 ubi
183 2744 346 2783 larvatus
374 2745 435 2783 hic
465 2745 747 2798 Chrysoslomus
771 2756 893 2799 aperte

86 2808 252 2859 loquitur
276 2810 322 2849 de
341 2818 443 2849 aetate
456 2809 706 2851 Anti-Christi
724 2842 734 2861 ,
756 2815 816 2850 cui
828 2813 892 2853 da-

85 2874 186 2912 bitur
228 2875 333 2927 plura
363 2878 465 2928 signa
500 2877 620 2917 facere
646 2890 659 2928 3
691 2880 892 2932 nititurque

87 2940 275 2979 ostendere
296 2971 307 2989 ,
344 2944 383 2981 in
417 2952 516 2982 tanta
558 2958 680 2983 rerum
723 2946 890 2984 omnium

86 3005 360 3056 perturbatione
387 3009 530 3048 nullam
561 3009 672 3049 aliam
704 3012 801 3050 viam
832 3025 893 3050 su-

968 1585 1108 1624 peresse
1133 1571 1180 1610 ad
1208 1572 1476 1624 agnoscendam
1498 1585 1619 1611 veram
1645 1572 1780 1611 Eccle-

967 1639 1058 1676 siam
1083 1637 1299 1676 catholicam
1316 1667 1326 1685 ‚
1350 1651 1463 1690 quam
1488 1652 1627 1677 sacram
1653 1638 1777 1690 Scrip-

967 1712 1111 1751 turam,
1134 1718 1219 1743 cum
1250 1706 1289 1742 in
1315 1718 1356 1743 ea
1376 1712 1467 1743 tunc
1490 1705 1706 1744 defuturum
1728 1706 1776 1743 sit

966 1770 1106 1808 donum
1117 1770 1394 1817 miraculorum,
1408 1777 1442 1807 et
1455 1768 1617 1809 haeretici
1630 1778 1777 1819 cuncta,

966 1849 1047 1888 quae
1071 1848 1163 1873 verae
1187 1835 1356 1873 Ecclesiae
1381 1843 1466 1874 sunt
1484 1865 1494 1881 ‚
1516 1836 1586 1875 sibi
1608 1838 1777 1875 sintvin-

967 1901 1136 1939 dicaturi.
1155 1900 1229 1939 Sed
1261 1901 1329 1939 cfr.
1357 1902 1429 1940 loc.
1456 1903 1519 1940 cit.

1025 1966 1075 2015 (Ξ)
1106 1965 1199 2005 Sane
1222 1965 1263 2004 S.
1286 1964 1514 2018 Augustinus
1530 1997 1540 2015 ,
1566 1968 1605 2004 in
1626 1967 1694 2006 lib.
1720 1966 1778 2008 De

967 2031 1134 2070 utilitate
1158 2031 1363 2080 credendi,
1393 2046 1473 2083 cap.
1503 2030 1550 2083 14
1572 2061 1582 2080 ‚
1605 2047 1647 2072 n.
1672 2032 1718 2071 31
1743 2041 1778 2072 et

970 2098 1047 2145 32,
1077 2106 1174 2136 totus
1209 2100 1248 2135 in
1284 2111 1326 2136 eo
1350 2106 1427 2145 est,
1461 2106 1500 2136 ut
1531 2100 1675 2137 evincat
1713 2098 1778 2137 ad.-

967 2177 1091 2202 versus
1134 2164 1319 2203 haereticos
1345 2192 1357 2213 ‚
1401 2178 1468 2202 nos
1512 2164 1705 2202 Christum
1742 2172 1780 2202 et

968 2228 1171 2280 Scripturas
1204 2243 1444 2281 cognoscere,
1483 2238 1519 2267 et
1542 2230 1581 2265 in
1603 2228 1710 2266 illurn
1744 2236 1780 2267 et

966 2293 1033 2332 has
1066 2295 1211 2333 credere
1249 2295 1296 2333 ob
1320 2296 1570 2333 auctoritatem
1605 2293 1779 2332 Ecclesiae

968 2359 1163 2399 catholicae.
1198 2359 1287 2413 Ejus
1324 2360 1430 2398 verba
1470 2374 1537 2398 suo
1570 2359 1651 2398 loco
1691 2373 1777 2412 pro-

968 2426 1095 2464 feram.

1022 2490 1074 2542 (3)
1104 2491 1199 2530 Satis
1213 2500 1266 2529 est
1285 2493 1413 2530 seriem
1425 2493 1504 2543 ejus
1528 2491 1702 2530 orationis
1715 2503 1779 2529 ex-

973 2557 1156 2607 pendere,
1183 2570 1267 2609 quae
1295 2558 1344 2595 ita
1374 2571 1412 2596 se
1440 2556 1582 2596 habet:
1609 2555 1780 2609 Quoestio

968 2627 1065 2658 certe
1083 2623 1184 2661 inter
1197 2636 1266 2660 nos
1277 2630 1451 2661 versatur
1466 2652 1475 2669 ‚
1498 2622 1566 2660 ubi
1586 2623 1639 2660 sit
1649 2619 1781 2663 Eccle-

967 2688 1028 2724 sia
1047 2716 1058 2734 ‚
1110 2695 1242 2726 utrum
1286 2688 1392 2740 apud
1437 2701 1507 2726 nos
1523 2718 1534 2736 ,
1580 2701 1631 2725 an
1674 2686 1781 2739 apud

966 2752 1052 2790 illos
1080 2752 1322 2800 (Donastistas
1335 2756 1365 2803 ).
1409 2754 1509 2807 Quae
1537 2755 1670 2805 utique
1699 2767 1779 2791 una

965 2824 1042 2865 est,
1067 2830 1180 2868 quam
1217 2821 1379 2872 majores
1405 2820 1528 2857 nostri
1551 2818 1781 2857 catholicam

963 2882 1246 2932 nominarunt,
1282 2890 1325 2921 ut
1354 2896 1401 2921 ex
1422 2884 1509 2936 ipso
1538 2887 1695 2922 nomine
1712 2894 1779 2919 os-

965 2946 1180 2995 tenderent,
1204 2951 1298 3001 quia
1314 2962 1386 3002 per
1409 2955 1530 2988 totum
1550 2955 1617 2987 est.
1633 2949 1778 2985 Secun-

972 3012 1063 3051 dum
1082 3019 1198 3053 totum
1213 3016 1321 3054 enim
1338 3044 1349 3064 ,
1363 3011 1531 3054 καθ’ἕλον
1539 3026 1661 3065 qroece
1677 3010 1778 3050 dioi-
