2028 3354
462 193 587 224 PART.
624 195 655 222 1.
696 194 793 225 cu.
829 194 898 225 111.
935 196 988 224 mz
1027 195 1243 225 auctusne
1278 197 1420 226 noris.
1721 181 1780 227 97

174 306 281 354 164.
320 307 387 353 Ne
416 307 553 369 igitur
586 310 634 354 in
661 307 874 371 ambiguo
909 325 1176 367 versemur,
1210 326 1314 356 cum
1346 319 1481 357 sectae
1512 327 1674 357 omnes
1706 327 1783 358 ca-

105 381 405 429 tholicitatem
434 381 521 428 sibi
559 382 797 431 vindicent
818 421 831 443 .,
863 384 1101 449 perspicue
1127 385 1457 450 exponendum
1474 395 1543 432 est
1566 421 1579 444 ,
1609 386 1660 432 in
1690 403 1783 451 quo

105 459 288 520 praecise
314 457 411 504 haec
440 466 549 504 nota
580 458 938 506 universalitatis
964 460 1198 507 consistat.
1236 463 1337 506 Duo
1360 478 1499 525 porro
1525 461 1573 507 in
1600 479 1678 508 sua
1703 479 1786 508 no·

105 532 229 579 tione
247 532 567 596 complectitur
582 570 595 592 ,
621 552 819 598 quorum
843 535 878 581 si
898 534 1175 581 alterutrum
1197 534 1315 581 desit
1330 570 1342 592 a
1376 535 1528 581 multo
1555 553 1666 584 vero
1691 554 1787 583 ma-

103 608 169 669 gis
200 608 239 654 si
265 609 384 656 desit
422 617 700 673 utrumque,
740 609 964 672 ejusmodi
1000 618 1110 655 nota
1146 608 1309 655 haberi
1337 610 1501 673 nequit
1532 628 1542 658 :
1579 611 1782 659 alterum

102 683 238 746 igitur
271 693 341 731 est
379 684 585 731 Ecclesiae
621 702 705 749 per
737 685 1008 732 universum
1037 682 1200 729 orbem
1237 683 1422 730 diffusio
1448 689 1585 746 juxta
1613 689 1783 735 veteris

101 759 382 807 Testamenti
409 760 618 807 vaticinia
639 769 685 806 et
709 758 877 805 Christi
903 758 1264 822 promissione53
1297 758 1497 806 alterum
1526 770 1685 808 autem
1714 772 1785 810 est

62 852 65 855 ’
101 834 242 898 ipsius
273 834 471 881 Ecclesiae
496 834 710 880 identitas
741 842 842 879 tum
867 831 1021 897 quoad
1054 831 1220 892 fidem,
1257 843 1358 880 tum
1389 835 1542 899 quoad
1573 852 1785 884 commu-

102 911 292 957 nionem
329 911 488 975 quovis
521 910 636 955 loco.
677 908 806 955 Prius
836 926 933 955 non
963 909 1121 972 inepte
1155 917 1336 973 partem
1373 913 1672 959 materialem
1707 930 1786 960 ca-

103 985 368 1032 tholicitatis
388 984 643 1039 vocaveris,
665 984 894 1048 posterius
912 993 1096 1049 partem
1114 988 1390 1047 formalem.
1423 988 1518 1034 Hac
1542 987 1787 1036 identitate

103 1061 155 1106 fit
171 1070 222 1107 ut
237 1060 426 1107 Ecclesia
441 1057 601 1105 eadem
620 1077 805 1124 prorsus
828 1060 887 1106 sit
910 1061 1088 1107 ratione
1103 1060 1328 1110 doctrinae
1351 1071 1399 1109 et
1423 1064 1785 1124 communionis,

102 1136 276 1183 ratione
296 1135 381 1181 loci
399 1143 445 1181 et
474 1135 652 1182 ratione
682 1137 919 1200 temporis.

167 1210 273 1257 165.
312 1211 559 1257 Notionem
578 1211 698 1258 hanc
720 1206 892 1260 novam
918 1229 1014 1258 non
1038 1229 1135 1259 esse
1151 1249 1163 1270 .,
1196 1214 1360 1261 ceteris
1392 1215 1599 1274 omissis,
1625 1226 1785 1281 aperte

100 1295 228 1351 patet
261 1303 319 1333 ex
346 1286 644 1350 antiquorum
671 1289 861 1334 Patrum
894 1287 1119 1334 doctrina.
1159 1288 1277 1335 Sane
1310 1289 1354 1336 S.
1374 1291 1571 1337 Irenaeus
1599 1291 1663 1338 ita
1702 1292 1786 1340 de·-

98 1361 253 1409 scribit
274 1362 392 1409 hanc
417 1362 624 1410 Ecclesiae
643 1363 1039 1424 universalitatem
1054 1399 1066 1421 ‚
1096 1372 1146 1410 ut
1165 1381 1261 1410 non
1279 1365 1430 1411 solum
1455 1375 1630 1413 asserat
1650 1403 1662 1426 ,
1686 1385 1783 1415 esse

98 1455 257 1485 veram
289 1438 457 1485 Christi
494 1439 738 1485 Ecclesiam
761 1456 855 1501 per
882 1444 1164 1485 unz-'versum
1201 1442 1360 1486 orbem
1396 1458 1543 1503 usque
1573 1444 1642 1489 ad
1663 1444 1785 1504 fines

99 1522 236 1560 terrae
266 1516 552 1560 seminatam
583 1515 683 1578 (l),
716 1513 841 1577 apud
877 1516 1053 1561 multas
1078 1524 1236 1577 ¹qentes
1267 1517 1594 1563 harbarorum
1628 1526 1672 1563 et
1692 1536 1787 1580 per

102 1595 378 1636 universum
408 1590 645 1635 mundam
669 1589 993 1649 constitutam,
1023 1589 1389 1637 circumeuntem
1416 1591 1647 1639 mundum
1676 1594 1786 1639 uni-

101 1682 287 1714 versum
321 1667 420 1727 (2);
447 1664 529 1711 sed
554 1674 777 1729 praeterea
805 1664 976 1711 insistit
1010 1666 1058 1711 in
1088 1681 1142 1711 eo
1164 1667 1461 1730 potissimum
1482 1702 1494 1724 7
1516 1668 1643 1732 quod
1680 1686 1784 1716 una

97 1743 209 1804 fides
242 1744 329 1799 sit,
362 1741 578 1787 doctrina
610 1749 654 1786 et
679 1742 901 1794 traditio,
934 1758 1036 1786 una
1063 1744 1259 1796 anima,
1299 1759 1457 1788 unum
1487 1759 1590 1800 cor,
1625 1760 1784 1791 unum

100 1835 166 1874 os,
184 1834 284 1863 una
306 1825 347 1862 et
363 1817 523 1862 eadem
536 1818 837 1878 praedicatio,
857 1833 914 1862 ac
933 1818 1185 1879 reyimim‘s
1197 1818 1503 1864 ecelesiastici
1512 1820 1677 1880 forma
1691 1819 1778 1883 (3).

100 1893 406 1941 Tertullianus
442 1910 552 1941 vero
585 1894 863 1941 Marcionem
901 1894 1242 1956 perstringens„
1282 1903 1328 1940 et
1359 1895 1409 1941 in
1445 1911 1499 1942 eo
1539 1894 1778 1944 haereticos

102 2114 278 2153 stantium
310 2115 499 2152 admittere
532 2113 712 2164 ejusmodi
736 2112 906 2150 Eccle'siae

102 2180 340 2219 diffusionem
390 2188 432 2217 ut
480 2185 606 2217 notam
655 2186 717 2216 aut
752 2178 907 2228 siquam

106 2258 196 2284 verae
215 2245 396 2285 Ecclesiae.
418 2244 495 2284 Cfr.
516 2244 659 2283 Fratres
673 2244 719 2281 de
739 2240 907 2283 Walem-

105 2309 245 2355 burch,
282 2312 352 2350 loc.
390 2313 453 2349 cil.
492 2308 513 2362 ὃ
551 2308 616 2360 45.
652 2307 909 2348 Hallucinatur

106 2374 256 2426 proinde
266 2374 406 2413 Palmer
419 2403 431 2420 ,
445 2376 667 2426 permiscens
684 2373 908 2411 catholicita-

107 2448 180 2478 tem
192 2441 231 2476 in
244 2452 282 2476 se
292 2448 488 2490 spectatam
505 2467 516 2485 ‚
529 2453 640 2491 quam
663 2438 812 2489 praefatae
821 2450 909 2475 cou-

108 2506 283 2544 sessiones
307 2505 456 2554 quidem
475 2512 699 2554 agnoscunt,
719 2516 801 2540 curn
823 2510 908 2540 nota

106 2571 152 2609 ad
192 2569 470 2607 discernendam
504 2581 629 2606 veram
668 2567 864 2605 Ecclesiam
893 2595 904 2612 ‚

107 2648 219 2687 quam
243 2632 360 2670 malloe
390 2632 600 2670 admittunt.

161 2699 214 2750 (l)
243 2708 276 2737 H
316 2696 380 2748 μὲν
415 2695 487 2750 γοὲρ
525 2695 741 2746 Ἐκκλησία,
780 2693 906 2749 καίπερ

109 2765 182 2803 καθ’
200 2761 283 2808 ἴλης
295 2768 359 2808 τῆς
375 2759 572 2813 οἰκουμένης
595 2759 655 2804 ἕως
674 2759 828 2814 περαίνω
842 2764 907 2805 τῆς

110 2836 177 2877 γῆς
189 2826 451 2883 διεσπαρμένῃ,
462 2847 498 2868 κ.
509 2846 543 2867 τ.
558 2839 595 2867 λ.
610 2828 690 2866 Lib.
705 2840 734 2875 1,
748 2841 826 2879 cap.
845 2839 905 2876 10,

111 2911 151 2934 n.
170 2909 182 2932 ι
199 2925 209 2941 ,
234 2910 317 2946 pag.
336 2894 402 2945 48.

165 2960 215 3010 (2)
245 2960 328 2998 Lib.
368 2974 409 2998 ιιι
435 2990 445 3009 ,
487 2973 568 3011 cap.
605 2958 655 3010 4,
702 2972 739 2997 n.
774 2969 797 2995 2
823 2971 833 3009 3
873 2965 908 2998 et

974 2124 1052 2161 cap.
1072 2122 1141 2158 122,
1158 2124 1265 2150 num.
1282 2123 1303 2161 7
1327 2113 1451 2167 ‚tcirca
1462 2112 1576 2150 finem
1595 2126 1607 2162 3
1625 2113 1692 2153 lib.
1716 2128 1779 2163 ιν,

975 2189 1054 2226 cap.
1081 2173 1147 2214 36.

1031 2239 1082 2290 (3)
1111 2244 1221 2279 Τοῦτο
1247 2238 1288 2279 τὲ
1313 2239 1483 2293 κη’ρυγμκ
1510 2243 1780 2295 παρειληφυῗκ,

963 2302 1036 2345 ,καὶ
1061 2303 1191 2349 ταὼ-ην
1224 2303 1284 2348 τῆιν
1316 2304 1483 2344 πῖστιν...
1514 2308 1535 2350 η’
1558 2306 1780 2359 Ἐκκλησία,

976 2368 1101 2422 καίπερ
1128 2372 1158 2408 εἰν
1189 2368 1255 2421 ἕλᾳ
1281 2374 1331 2420 τῷ
1353 2368 1476 2422 nio-paq·
1506 2369 1749 2426 διεσπαρμένῃ
1767 2404 1778 2422 ,

976 2436 1154 2485 &rependis-
1167 2434 1347 2484 φυλάσσει
1359 2463 1371 2482 ,
1390 2436 1433 2477 ἐς
1448 2433 1507 2474 §m
1522 2434 1608 2476 οἶκον
1621 2441 1779 2479 οἰκοῢτκ·

975 2497 1035 2538 καὶ
1075 2498 1198 2550 ὁμοίως
1235 2499 1395 2539 orto-&edet
1426 2499 1584 2552 πότοις,
1614 2505 1658 2547 ὣς
1693 2504 1778 2556 μιάιιι

974 2563 1096 2614 alfamin
1134 2563 1195 2605 xa}
1216 2563 1277 2610 τὼ
1306 2564 1410 2610 κᾶτῆι
1444 2563 1580 2615 ’ἔχοντα
1599 2568 1748 2622 καρδίαν
1764 2601 1776 2619 ,

974 2627 1047 2668 και)-
1064 2629 1254 2680 συμφῶνως
1278 2635 1395 2670 ταῦτα
1420 2629 1585 2685 nuptio-ret
1600 2663 1611 2682 ,
1632 2633 1694 2674 zai
1718 2634 1778 2675 δι-

976 2691 1124 2745 Moza«,
1152 2694 1213 2736 καὶ
1243 2694 1487 2749 παραδίδωσιν
1503 2727 1514 2746 ,
1536 2698 1579 2740 οἷς
1598 2695 1628 2737 ἓν
1653 2698 1778 2750 στᾶμα

974 2758 1186 2810 κεκτημένη.
1218 2761 1299 2800 Lib.
1330 2775 1373 2812 1,
1401 2775 1484 2814 cap.
1518 2775 1591 2811 10,
1614 2779 1655 2804 n.
1688 2779 1711 2803 2
1743 2774 1779 2805 et

975 2838 1081 2878 seqq.
1109 2825 1186 2866 Gfr.
1231 2829 1342 2867 etiam
1368 2827 1593 2878 massuetus,
1625 2831 1712 2869 diss.
1741 2838 1778 2869 et

975 2892 1050 2931 Ιοο.
1075 2894 1135 2931 cit.
