2028 3354
419 219 543 252 mm.
579 220 611 249 1.
648 215 745 248 cn.
786 215 836 246 11.
874 217 929 250 DE
965 218 1142 250 cnmsn
1177 219 1298 251 nect.
1337 219 1534 250 cons‘rrr.
1749 203 1811 249 55

122 334 367 383 Ecclesiam
387 351 518 382 suam
547 333 767 381 continue
793 334 1120 397 propagando,
1152 334 1203 380 in
1223 333 1393 398 triplici
1417 350 1499 381 suo
1525 333 1671 397 gradu
1697 334 1808 399 Epi-

121 429 364 476 scoporum
380 447 392 469 ‚
422 409 805 474 presbyterorum
830 418 877 456 et
898 410 1217 457 ministrorum
1237 409 1489 473 insignivit.
1515 411 1645 473 Ergo.

185 488 262 534 99.
300 488 361 534 Ac
381 488 533 551 primo
560 485 752 550 quidem
778 484 837 531 ad
864 502 1013 532 sacras
1035 486 1213 534 litteras
1242 486 1367 551 quod
1391 485 1583 545 attinet,
1609 485 1808 551 legimus

118 563 285 611 Matth.
299 564 443 610 XVIII
450 599 462 622 7
476 562 708 609 Christum
720 578 775 607 ex
789 561 1026 620 omnibus,
1036 561 1270 626 discipulis
1288 577 1403 625 quos
1416 559 1502 607 sibi
1514 561 1807 624 adjunxerat,

118 638 267 686 claves
289 639 418 702 regni
439 637 658 685 caelorum
674 672 686 695 ,
708 653 788 684 seu
806 644 1082 701 potestatem
1108 635 1280 702 ligandi
1305 645 1444 700 atque
1471 636 1684 685 solvendi
1702 639 1810 686 solis

117 714 348 779 Apostolis
375 713 649 770 tradidisse3
685 710 803 758 lbid.
840 710 1008 769 XXVI,
1045 710 1153 757 solis
1183 710 1412 775 Apostolis
1443 712 1692 780 contulisse
1717 733 1809 780 po-

116 798 341 838 testatem
358 789 691 836 Eucharistiam
713 784 1016 846 conficiendi3
1037 802 1087 832 ac
1105 785 1300 833 demum
1318 788 1524 844 XXVIII,
1549 787 1655 836 solis
1678 790 1798 855 Apo-

117 865 245 914 stolis
274 864 548 922 mandatum
568 862 747 909 dedisse
765 869 811 906 et
823 861 1149 909 auctoritatem
1164 861 1362 910 docendi
1384 879 1547 912 omnes
1570 872 1734 927 gentes
1757 883 1809 912 ac

116 941 402 1007 baptizandi,
420 939 583 1004 quibus
597 945 822 1002 praeterea
841 954 889 985 se
908 937 1181 986 adfuturum
1196 939 1249 986 in
1263 939 1351 987 hoc
1368 957 1565 988 munere
1584 940 1807 1004 obeundo

115 1035 262 1082 usque
289 1017 347 1064 ad
371 1014 822 1063 consummationem
846 1015 985 1062 seculi
1013 1016 1226 1081 promisit
1249 1016 1335 1080 (1).
1367 1018 1498 1065 Hanc
1519 1025 1805 1083 potestatem

116 1093 309 1142 contulit
338 1091 546 1138 Christus
578 1090 849 1139 immediate
883 1091 1112 1157 Apostolis
1141 1092 1234 1140 suis
1269 1093 1433 1141 eadem
1463 1095 1646 1142 ratione
1666 1130 1679 1153 ,
1716 1111 1807 1159 qua

113 1170 211 1234 ipse
224 1184 326 1215 eam
338 1176 608 1214 consecutus
619 1174 756 1215 erata
765 1168 900 1215 Patre
908 1184 1007 1215 suo,
1025 1169 1087 1215 Ut
1099 1169 1225 1217 enim
1238 1169 1409 1233 legitur
1419 1170 1586 1218 Matth.
1601 1171 1683 1217 XX
1692 1172 1807 1230 VIII,

113 1243 321 1291 Christus
349 1244 636 1308 praemiserat
670 1261 680 1290 :
717 1245 850 1290 Data
875 1253 943 1291 est
967 1246 1094 1291 mihi
1123 1248 1281 1293 omnis
1306 1254 1510 1309 potestas
1540 1250 1595 1293 in
1624 1247 1734 1294 coelo
1766 1255 1811 1294 et

111 1324 167 1367 in
191 1328 354 1375 ternu
371 1328 531 1366 euntes
555 1336 663 1383 erqo
684 1319 860 1375 docete,
884 1328 973 1367 etc.
990 1330 1129 1386 atque
1141 1330 1193 1368 ut
1213 1321 1415 1370 habetur
1426 1324 1564 1370 Joan.
1588 1324 1687 1384 XX,
1708 1324 1768 1370 21
1788 1359 1802 1377 ,

110 1394 228 1443 dixit
260 1396 323 1443 eis
356 1416 370 1443 :
400 1397 539 1443 Sicut
571 1397 706 1443 misit
734 1413 809 1442 me
839 1397 989 1443 Pater
1008 1434 1021 1452 ,
1061 1406 1105 1443 et
1138 1415 1216 1462 eqo
1248 1400 1384 1446 mitto
1409 1408 1504 1447 vos.
1539 1399 1660 1447 Hoec
1692 1416 1805 1446 oum

108 1474 323 1531 dixisset,
338 1474 620 1535 insufflavit,
634 1481 678 1519 et
696 1473 826 1519 dimit
842 1476 909 1519 eis
927 1490 944 1520 .·
958 1476 1159 1536 accilm'te
1171 1475 1415 1537 Spiritum
1435 1477 1687 1534 Sanctum,
1710 1484 1799 1523 etc.

109 1548 176 1595 Ex
194 1547 267 1594 his
287 1548 427 1610 igitur
445 1547 708 1595 luculenter
727 1556 907 1595 constat
921 1585 933 1608 7
958 1549 1196 1597 Christum
1212 1551 1264 1597 in
1281 1551 1576 1599 institutione
1595 1551 1804 1600 Ecclesiae

109 1640 201 1671 suae
239 1632 342 1670 tum
378 1623 648 1671 missionem
671 1660 684 1684 a
727 1633 828 1671 tum
869 1623 1322 1674 administrationem
1364 1628 1771 1675 Sacramentorum
1788 1665 1801 1688 ⁷

105 1708 209 1747 tum
230 1699 431 1765 denique
461 1709 778 1765 opportunam
811 1702 1135 1750 auctoritatem
1160 1702 1221 1750 ad
1243 1702 1452 1765 ejusdem
1481 1703 1693 1751 Ecclesiae
1725 1721 1802 1752 re·

104 1777 259 1840 gimen
277 1811 292 1835 ,
318 1794 416 1823 non
434 1776 631 1841 popu10‚
656 1784 737 1822 aut
759 1777 1040 1823 secularibus
1061 1778 1349 1843 principibus
1368 1815 1380 1837 7
1413 1778 1471 1824 ab
1501 1779 1608 1843 ipsis
1629 1778 1801 1826 deinde

104 1852 283 1901 delecto
295 1853 436 1900 coetui
453 1852 892 1899 communicandam
907 1889 919 1910 ⁷
944 1852 1026 1899 sed
1039 1853 1173 1900 unice
1188 1854 1219 1899 A
1224 1853 1419 1918 postolis
1439 1853 1530 1900 suis
1546 1865 1801 1920 eorumque

104 1929 156 1976 in
190 1928 454 1976 Sacerdotio
466 1927 802 1975 successoribus
829 1928 1098 1977 immediate
1120 1929 1382 1977 contulisse.
1409 1930 1623 1990 Accedit,
1644 1931 1800 1978 Eccle-

102 2005 217 2052 siam
244 2005 432 2070 praecise
466 2021 564 2051 non
599 2005 792 2070 coepisse
821 2006 871 2052 in
902 2023 985 2052 sua
1004 2042 1016 2065 7
1043 2015 1097 2052 ut
1123 2007 1277 2067 aiunt,
1316 2006 1500 2053 formali
1539 2007 1719 2061 ratione
1747 2023 1800 2054 ac

103 2081 301 2129 solemni
327 2081 680 2145 inauguratione
696 2117 708 2141 ,
744 2081 830 2127 nisi
857 2082 934 2129 die
959 2084 1279 2143 pentecostes,
1310 2100 1417 2129 cum
1445 2082 1506 2129 ad
1529 2083 1658 2130 Petri
1684 2099 1800 2131 con-

102 2158 281 2205 cionem
319 2158 406 2205 tria
440 2157 687 2204 hominum
726 2157 870 2204 millia
912 2176 998 2223 per
1034 2157 1324 2224 baptismum
1359 2159 1409 2205 in
1443 2150 1562 2206 eam>
1585 2166 1798 2223 cooptata

105 2242 212 2280 sunt
238 2235 339 2298 (2);
363 2234 598 2299 quomodo
625 2234 764 2298 igitur
793 2234 847 2281 iis
868 2234 1084 2282 nondum
1110 2235 1415 2284 existentibus
1440 2233 1655 2282 fidelibus
1684 2251 1797 2281 con-

106 2307 223 2355 ferre
244 2310 453 2358 Christus
477 2310 632 2376 potuit
655 2311 980 2358 auctoritatem
1001 2310 1100 2358 aliis
1122 2310 1561 2359 communicandam
1580 2309 1603 2355 Ρ

174 2383 283 2431 100.
320 2387 491 2434 Verum
517 2403 589 2433 res
607 2385 887 2434 luculentius
912 2386 1062 2435 adhuc
1085 2397 1214 2452 patet
1235 2404 1292 2434 ex
1318 2388 1439 2434 facto
1465 2386 1697 2448 constanti
1729 2383 1788 2432 ab

105 2458 335 2524 Apostolis
361 2462 420 2508 ad
443 2479 527 2510 nos
555 2479 700 2527 usque
722 2461 897 2528 absque
927 2463 1270 2529 interruptione
1297 2463 1585 2510 continuato.
1613 2464 1680 2510 Ex
1699 2479 1794 2528 quo

103 2536 228 2583 enim
240 2536 429 2584 societas
443 2538 691 2586 christiana
710 2539 871 2604 coepit,
884 2539 1041 2587 statim
1058 2539 1384 2605 conspicimus,
1404 2538 1647 2603 Apostolos
1669 2555 1791 2598 eam,

103 2629 245 2676 quam
276 2629 302 2658 a
327 2613 509 2660 Christo
532 2613 689 2679 adepti
717 2625 879 2675 erant⁷
912 2616 1235 2663 auctoritatem
1264 2631 1508 2673 exercere,
1540 2623 1706 2680 atque,
1740 2621 1794 2659 ut

104 2686 442 2736 diffunderetur
457 2725 469 2749 ,
504 2687 692 2736 delectis
715 2708 740 2737 a
763 2707 811 2737 se
837 2690 1104 2739 hominibus
1135 2692 1494 2739 communicare.
1519 2692 1574 2738 Et
1596 2689 1790 2756 quidem

155 2861 211 2913 (1)
240 2861 320 2900 cfr.
344 2864 455 2901 etiam
487 2862 566 2901 loca
587 2862 759 2914 parallela
792 2862 909 2903 Marc.
977 2861 1139 2903 Ecclesia
1155 2863 1328 2917 inchoata
1343 2895 1354 2913 ‚
1378 2872 1490 2918 atque
1512 2872 1553 2903 ut
1566 2865 1616 2902 ita
1629 2864 1750 2902 dicam
1773 2889 1786 2908 ‚

105 2938 178 2970 xvx,
194 2938 254 2978 173
265 2925 358 2966 Luc.
370 2940 468 2973 xxxv,
485 2925 555 2978 47,
571 2935 607 2966 et
618 2942 721 2981 seqq.
738 2928 860 2983 Aeni,
873 2926 913 2967 8.
979 2930 1020 2966 in
1046 2928 1250 2984 embryone
1276 2932 1426 2983 suisque
1444 2928 1558 2970 veluti
1582 2928 1787 2969 elementis.

160 2990 211 3042 (2)
239 2990 331 3031 Ante
359 2993 398 3031 id
434 2995 609 3045 temporis
640 3008 716 3033 non
744 3002 819 3034 erat
843 2996 912 3033 nisi
