<?xml version="1.0" encoding="UTF-8"?>
<!DOCTYPE html PUBLIC "-//W3C//DTD XHTML 1.0 Transitional//EN"
    "http://www.w3.org/TR/xhtml1/DTD/xhtml1-transitional.dtd">
<html xmlns="http://www.w3.org/1999/xhtml" xml:lang="en" lang="en">
 <head>
  <title>
</title>
<meta http-equiv="Content-Type" content="text/html;charset=utf-8" />
  <meta name='ocr-system' content='tesseract 3.04.00' />
  <meta name='ocr-capabilities' content='ocr_page ocr_carea ocr_par ocr_line ocrx_word'/>
</head>
<body>
  <div class='ocr_page' id='page_1' title='image "./praelectionestheo08perruoft/praelectionestheo08perruoft_0530.png"; bbox 0 0 2028 3354; ppageno 0'>
   <div class='ocr_carea' id='block_1_1' title="bbox 195 198 1458 252">
    <p class='ocr_par' dir='ltr' id='par_1_1' title="bbox 195 198 1458 252">
     <span class='ocr_line' id='line_1_1' title="bbox 195 198 1458 252; baseline 0.006 -7"><span class='ocrx_word' id='word_1_1' title='bbox 195 198 291 246; x_wconf 86' lang='lat'>518</span> <span class='ocrx_word' id='word_1_2' title='bbox 630 215 883 248; x_wconf 70' lang='lat' dir='ltr'><em>rnAcrA&#39;rus</em></span> <span class='ocrx_word' id='word_1_3' title='bbox 919 217 975 248; x_wconf 67' lang='grc' dir='ltr'>ΒΕ</span> <span class='ocrx_word' id='word_1_4' title='bbox 1009 219 1132 251; x_wconf 63' lang='lat' dir='ltr'>roms</span> <span class='ocrx_word' id='word_1_5' title='bbox 1156 220 1458 252; x_wconf 71' lang='lat' dir='ltr'>Tnnozocicls.</span> 
     </span>
    </p>
   </div>
   <div class='ocr_carea' id='block_1_2' title="bbox 181 328 1900 2310">
    <p class='ocr_par' dir='ltr' id='par_1_2' title="bbox 181 328 1895 1465">
     <span class='ocr_line' id='line_1_2' title="bbox 193 328 1886 395; baseline 0.005 -18"><span class='ocrx_word' id='word_1_6' title='bbox 193 328 593 378; x_wconf 89' lang='lat' dir='ltr'>Chalcedonenses</span> <span class='ocrx_word' id='word_1_7' title='bbox 609 365 622 389; x_wconf 83' lang='lat'>‚</span> <span class='ocrx_word' id='word_1_8' title='bbox 657 347 761 395; x_wconf 73' lang='lat' dir='ltr'>neq.</span> <span class='ocrx_word' id='word_1_9' title='bbox 784 332 891 379; x_wconf 90' lang='lat' dir='ltr'>Jam</span> <span class='ocrx_word' id='word_1_10' title='bbox 922 350 1034 382; x_wconf 88' lang='lat' dir='ltr'><em>vero</em></span> <span class='ocrx_word' id='word_1_11' title='bbox 1061 337 1464 384; x_wconf 77' lang='lat' dir='ltr'><em>irretractabilem</em></span> <span class='ocrx_word' id='word_1_12' title='bbox 1490 336 1616 384; x_wconf 87' lang='lat' dir='ltr'>hunc</span> <span class='ocrx_word' id='word_1_13' title='bbox 1645 354 1886 386; x_wconf 84' lang='lat' dir='ltr'>assensum</span> 
     </span>
     <span class='ocr_line' id='line_1_3' title="bbox 190 404 1886 481; baseline 0.006 -28"><span class='ocrx_word' id='word_1_14' title='bbox 190 423 288 453; x_wconf 89' lang='lat' dir='ltr'>non</span> <span class='ocrx_word' id='word_1_15' title='bbox 316 404 496 452; x_wconf 88' lang='lat' dir='ltr'>afficere</span> <span class='ocrx_word' id='word_1_16' title='bbox 524 405 812 470; x_wconf 85' lang='lat' dir='ltr'>pontificiam</span> <span class='ocrx_word' id='word_1_17' title='bbox 840 407 1189 472; x_wconf 87' lang='lat' dir='ltr'>definitionem,</span> <span class='ocrx_word' id='word_1_18' title='bbox 1215 413 1377 460; x_wconf 84' lang='lat' dir='ltr'>ceteris</span> <span class='ocrx_word' id='word_1_19' title='bbox 1401 414 1581 460; x_wconf 89' lang='lat' dir='ltr'>omissis</span> <span class='ocrx_word' id='word_1_20' title='bbox 1602 413 1700 479; x_wconf 80' lang='lat' dir='ltr'>(l),</span> <span class='ocrx_word' id='word_1_21' title='bbox 1725 424 1886 481; x_wconf 87' lang='lat' dir='ltr'><em>aperte</em></span> 
     </span>
     <span class='ocr_line' id='line_1_4' title="bbox 191 480 1887 554; baseline 0.006 -26"><span class='ocrx_word' id='word_1_22' title='bbox 191 488 373 528; x_wconf 83' lang='lat' dir='ltr'>constat</span> <span class='ocrx_word' id='word_1_23' title='bbox 400 496 457 526; x_wconf 82' lang='lat' dir='ltr'>ex</span> <span class='ocrx_word' id='word_1_24' title='bbox 489 480 542 528; x_wconf 91' lang='lat' dir='ltr'>iis</span> <span class='ocrx_word' id='word_1_25' title='bbox 561 481 691 546; x_wconf 61' lang='lat' dir='ltr'>ipsis,</span> <span class='ocrx_word' id='word_1_26' title='bbox 728 499 830 549; x_wconf 86' lang='lat' dir='ltr'>quae</span> <span class='ocrx_word' id='word_1_27' title='bbox 851 483 1139 547; x_wconf 86' lang='lat' dir='ltr'>objiciuntur</span> <span class='ocrx_word' id='word_1_28' title='bbox 1163 487 1317 535; x_wconf 84' lang='lat' dir='ltr'>verbis</span> <span class='ocrx_word' id='word_1_29' title='bbox 1342 506 1354 534; x_wconf 86' lang='lat'>:</span> <span class='ocrx_word' id='word_1_30' title='bbox 1387 489 1500 552; x_wconf 77' lang='lat' dir='ltr'>Qaoe</span> <span class='ocrx_word' id='word_1_31' title='bbox 1518 490 1535 553; x_wconf 93' lang='lat'>(</span> <span class='ocrx_word' id='word_1_32' title='bbox 1551 490 1704 554; x_wconf 82' lang='lat' dir='ltr'>Deus)</span> <span class='ocrx_word' id='word_1_33' title='bbox 1727 501 1887 539; x_wconf 77' lang='lat' dir='ltr'><em>nostro</em></span> 
     </span>
     <span class='ocr_line' id='line_1_5' title="bbox 181 559 1889 628; baseline 0.008 -27"><span class='ocrx_word' id='word_1_34' title='bbox 181 559 332 622; x_wconf 75' lang='lat' dir='ltr'><em>prius</em></span> <span class='ocrx_word' id='word_1_35' title='bbox 366 559 633 605; x_wconf 79' lang='lat' dir='ltr'>ministerio</span> <span class='ocrx_word' id='word_1_36' title='bbox 667 561 912 623; x_wconf 76' lang='lat' dir='ltr'>definivit;</span> <span class='ocrx_word' id='word_1_37' title='bbox 943 562 1150 628; x_wconf 89' lang='lat' dir='ltr'>alioquin</span> <span class='ocrx_word' id='word_1_38' title='bbox 1181 563 1378 612; x_wconf 83' lang='lat' dir='ltr'>absurde</span> <span class='ocrx_word' id='word_1_39' title='bbox 1407 565 1681 613; x_wconf 81' lang='lat' dir='ltr'>deberemus</span> <span class='ocrx_word' id='word_1_40' title='bbox 1712 566 1889 614; x_wconf 90' lang='lat' dir='ltr'>admit-</span> 
     </span>
     <span class='ocr_line' id='line_1_6' title="bbox 190 637 1885 709; baseline 0.008 -31"><span class='ocrx_word' id='word_1_41' title='bbox 190 641 309 693; x_wconf 76' lang='lat' dir='ltr'>tere⁷</span> <span class='ocrx_word' id='word_1_42' title='bbox 333 650 467 699; x_wconf 89' lang='lat' dir='ltr'>posse</span> <span class='ocrx_word' id='word_1_43' title='bbox 495 637 754 693; x_wconf 72' lang='lat' dir='ltr'><em>retractari,</em></span> <span class='ocrx_word' id='word_1_44' title='bbox 781 654 884 701; x_wconf 87' lang='lat' dir='ltr'>quae</span> <span class='ocrx_word' id='word_1_45' title='bbox 903 657 934 685; x_wconf 89' lang='lat' dir='ltr'>a</span> <span class='ocrx_word' id='word_1_46' title='bbox 953 640 1051 685; x_wconf 90' lang='lat' dir='ltr'>Deo</span> <span class='ocrx_word' id='word_1_47' title='bbox 1069 641 1266 703; x_wconf 81' lang='lat' dir='ltr'>definita</span> <span class='ocrx_word' id='word_1_48' title='bbox 1293 650 1423 688; x_wconf 77' lang='lat' dir='ltr'>sant.</span> <span class='ocrx_word' id='word_1_49' title='bbox 1452 644 1611 706; x_wconf 84' lang='lat' dir='ltr'>Itaque</span> <span class='ocrx_word' id='word_1_50' title='bbox 1635 643 1885 709; x_wconf 89' lang='lat' dir='ltr'>insequen-</span> 
     </span>
     <span class='ocr_line' id='line_1_7' title="bbox 190 707 1895 783; baseline 0.008 -29"><span class='ocrx_word' id='word_1_51' title='bbox 190 707 318 755; x_wconf 83' lang='lat' dir='ltr'>tibus</span> <span class='ocrx_word' id='word_1_52' title='bbox 363 707 518 758; x_wconf 88' lang='lat' dir='ltr'>verbis</span> <span class='ocrx_word' id='word_1_53' title='bbox 565 729 575 758; x_wconf 90' lang='lat'>:</span> <span class='ocrx_word' id='word_1_54' title='bbox 635 713 875 760; x_wconf 67' lang='lat' dir='ltr'>Universae</span> <span class='ocrx_word' id='word_1_55' title='bbox 916 717 1250 777; x_wconf 70' lang='lat' dir='ltr'>fraternitatis</span> <span class='ocrx_word' id='word_1_56' title='bbox 1291 719 1644 765; x_wconf 74' lang='lat' dir='ltr'><em>irretractabili</em></span> <span class='ocrx_word' id='word_1_57' title='bbox 1675 721 1895 783; x_wconf 81' lang='lat' dir='ltr'><em>firmavit</em></span> 
     </span>
     <span class='ocr_line' id='line_1_8' title="bbox 187 787 1887 858; baseline 0.006 -26"><span class='ocrx_word' id='word_1_58' title='bbox 187 802 411 840; x_wconf 75' lang='lat' dir='ltr'>assensa,</span> <span class='ocrx_word' id='word_1_59' title='bbox 439 787 485 834; x_wconf 89' lang='lat' dir='ltr'>S.</span> <span class='ocrx_word' id='word_1_60' title='bbox 512 788 603 836; x_wconf 90' lang='lat' dir='ltr'>Leo</span> <span class='ocrx_word' id='word_1_61' title='bbox 627 789 818 835; x_wconf 87' lang='lat' dir='ltr'>Patrum</span> <span class='ocrx_word' id='word_1_62' title='bbox 839 790 1290 840; x_wconf 85' lang='lat' dir='ltr'>Chalcedonensium</span> <span class='ocrx_word' id='word_1_63' title='bbox 1318 794 1593 858; x_wconf 83' lang='lat' dir='ltr'>significavit</span> <span class='ocrx_word' id='word_1_64' title='bbox 1620 812 1887 856; x_wconf 72' lang='lat' dir='ltr'>assensum,</span> 
     </span>
     <span class='ocr_line' id='line_1_9' title="bbox 189 865 1890 927; baseline 0.007 -19"><span class='ocrx_word' id='word_1_65' title='bbox 189 879 334 927; x_wconf 91' lang='lat' dir='ltr'>quem</span> <span class='ocrx_word' id='word_1_66' title='bbox 368 865 771 911; x_wconf 79' lang='lat' dir='ltr'><em>irretractabilem</em></span> <span class='ocrx_word' id='word_1_67' title='bbox 802 866 998 913; x_wconf 86' lang='lat' dir='ltr'>evasisse</span> <span class='ocrx_word' id='word_1_68' title='bbox 1037 868 1240 915; x_wconf 85' lang='lat' dir='ltr'>affirmat</span> <span class='ocrx_word' id='word_1_69' title='bbox 1271 870 1331 916; x_wconf 89' lang='lat' dir='ltr'>ob</span> <span class='ocrx_word' id='word_1_70' title='bbox 1361 870 1546 917; x_wconf 90' lang='lat' dir='ltr'>illorum</span> <span class='ocrx_word' id='word_1_71' title='bbox 1576 870 1890 920; x_wconf 64' lang='lat' dir='ltr'>adhaesionem</span> 
     </span>
     <span class='ocr_line' id='line_1_10' title="bbox 187 940 1891 1005; baseline 0.006 -20"><span class='ocrx_word' id='word_1_72' title='bbox 187 940 439 1005; x_wconf 72' lang='lat' dir='ltr'>pontificiae</span> <span class='ocrx_word' id='word_1_73' title='bbox 481 940 769 1002; x_wconf 66' lang='lat' dir='ltr'>definitioni,</span> <span class='ocrx_word' id='word_1_74' title='bbox 814 959 922 990; x_wconf 88' lang='lat' dir='ltr'>cum</span> <span class='ocrx_word' id='word_1_75' title='bbox 965 953 1063 991; x_wconf 86' lang='lat' dir='ltr'>tota</span> <span class='ocrx_word' id='word_1_76' title='bbox 1103 946 1450 995; x_wconf 87' lang='lat' dir='ltr'>irretractabilis</span> <span class='ocrx_word' id='word_1_77' title='bbox 1488 949 1554 997; x_wconf 81' lang='lat' dir='ltr'>vis</span> <span class='ocrx_word' id='word_1_78' title='bbox 1594 948 1891 997; x_wconf 87' lang='lat' dir='ltr'>decretorum</span> 
     </span>
     <span class='ocr_line' id='line_1_11' title="bbox 190 1016 1887 1090; baseline 0.006 -28"><span class='ocrx_word' id='word_1_79' title='bbox 190 1016 383 1063; x_wconf 88' lang='lat' dir='ltr'>Concilii</span> <span class='ocrx_word' id='word_1_80' title='bbox 415 1017 674 1081; x_wconf 74' lang='lat' dir='ltr'>generalis,</span> <span class='ocrx_word' id='word_1_81' title='bbox 704 1019 754 1064; x_wconf 88' lang='lat' dir='ltr'>in</span> <span class='ocrx_word' id='word_1_82' title='bbox 785 1017 856 1065; x_wconf 86' lang='lat' dir='ltr'>his</span> <span class='ocrx_word' id='word_1_83' title='bbox 889 1020 1186 1085; x_wconf 84' lang='lat' dir='ltr'>potissimum</span> <span class='ocrx_word' id='word_1_84' title='bbox 1218 1038 1320 1085; x_wconf 84' lang='lat' dir='ltr'>quae</span> <span class='ocrx_word' id='word_1_85' title='bbox 1349 1023 1409 1069; x_wconf 89' lang='lat' dir='ltr'>ad</span> <span class='ocrx_word' id='word_1_86' title='bbox 1439 1024 1583 1071; x_wconf 88' lang='lat' dir='ltr'>fidem</span> <span class='ocrx_word' id='word_1_87' title='bbox 1620 1026 1887 1090; x_wconf 76' lang='lat' dir='ltr'>pertinent.¹</span> 
     </span>
     <span class='ocr_line' id='line_1_12' title="bbox 190 1091 1892 1161; baseline 0.006 -23"><span class='ocrx_word' id='word_1_88' title='bbox 190 1091 252 1139; x_wconf 86' lang='lat' dir='ltr'>ab</span> <span class='ocrx_word' id='word_1_89' title='bbox 283 1093 464 1139; x_wconf 85' lang='lat' dir='ltr'>unitate</span> <span class='ocrx_word' id='word_1_90' title='bbox 497 1094 704 1156; x_wconf 83' lang='lat' dir='ltr'>pendeat</span> <span class='ocrx_word' id='word_1_91' title='bbox 732 1112 839 1141; x_wconf 91' lang='lat' dir='ltr'>cum</span> <span class='ocrx_word' id='word_1_92' title='bbox 873 1096 1126 1160; x_wconf 86' lang='lat' dir='ltr'>apostolica</span> <span class='ocrx_word' id='word_1_93' title='bbox 1165 1113 1373 1143; x_wconf 80' lang='lat' dir='ltr'>romanae</span> <span class='ocrx_word' id='word_1_94' title='bbox 1393 1098 1520 1146; x_wconf 88' lang='lat' dir='ltr'>Sedis</span> <span class='ocrx_word' id='word_1_95' title='bbox 1552 1101 1659 1148; x_wconf 89' lang='lat' dir='ltr'>fide.</span> <span class='ocrx_word' id='word_1_96' title='bbox 1682 1101 1801 1149; x_wconf 89' lang='lat' dir='ltr'>Sane</span> <span class='ocrx_word' id='word_1_97' title='bbox 1819 1138 1831 1161; x_wconf 64' lang='lat'>7</span> <span class='ocrx_word' id='word_1_98' title='bbox 1854 1101 1892 1149; x_wconf 90' lang='lat' dir='ltr'>si</span> 
     </span>
     <span class='ocr_line' id='line_1_13' title="bbox 187 1168 1891 1237; baseline 0.005 -20"><span class='ocrx_word' id='word_1_99' title='bbox 187 1168 237 1217; x_wconf 87' lang='lat' dir='ltr'>vi</span> <span class='ocrx_word' id='word_1_100' title='bbox 263 1185 344 1216; x_wconf 92' lang='lat' dir='ltr'>sua</span> <span class='ocrx_word' id='word_1_101' title='bbox 374 1168 669 1217; x_wconf 86' lang='lat' dir='ltr'>definitiones</span> <span class='ocrx_word' id='word_1_102' title='bbox 691 1170 1006 1219; x_wconf 85' lang='lat' dir='ltr'>Conciliorum</span> <span class='ocrx_word' id='word_1_103' title='bbox 1036 1173 1178 1220; x_wconf 88' lang='lat' dir='ltr'>etiam</span> <span class='ocrx_word' id='word_1_104' title='bbox 1213 1172 1501 1237; x_wconf 82' lang='lat' dir='ltr'>generalium</span> <span class='ocrx_word' id='word_1_105' title='bbox 1529 1176 1891 1225; x_wconf 83' lang='lat' dir='ltr'>irretractabiles</span> 
     </span>
     <span class='ocr_line' id='line_1_14' title="bbox 191 1244 1895 1317; baseline 0.004 -24"><span class='ocrx_word' id='word_1_106' title='bbox 191 1244 377 1305; x_wconf 73' lang='lat' dir='ltr'>essent,</span> <span class='ocrx_word' id='word_1_107' title='bbox 416 1245 587 1293; x_wconf 83' lang='lat' dir='ltr'>frustra</span> <span class='ocrx_word' id='word_1_108' title='bbox 626 1249 784 1295; x_wconf 84' lang='lat' dir='ltr'>Patres</span> <span class='ocrx_word' id='word_1_109' title='bbox 819 1248 1222 1297; x_wconf 89' lang='lat' dir='ltr'>Chalcedonenses</span> <span class='ocrx_word' id='word_1_110' title='bbox 1255 1249 1583 1313; x_wconf 83' lang='lat' dir='ltr'>efflagitassent</span> <span class='ocrx_word' id='word_1_111' title='bbox 1608 1253 1895 1317; x_wconf 88' lang='lat' dir='ltr'>pontificiam</span> 
     </span>
     <span class='ocr_line' id='line_1_15' title="bbox 190 1322 1892 1394; baseline 0.005 -27"><span class='ocrx_word' id='word_1_112' title='bbox 190 1322 595 1369; x_wconf 87' lang='lat' dir='ltr'>confirmationem</span> <span class='ocrx_word' id='word_1_113' title='bbox 614 1358 627 1382; x_wconf 71' lang='lat'>‚</span> <span class='ocrx_word' id='word_1_114' title='bbox 661 1333 714 1370; x_wconf 88' lang='lat' dir='ltr'>ut</span> <span class='ocrx_word' id='word_1_115' title='bbox 735 1327 1119 1373; x_wconf 86' lang='lat' dir='ltr'><em>irretractabilia</em></span> <span class='ocrx_word' id='word_1_116' title='bbox 1140 1326 1310 1374; x_wconf 88' lang='lat' dir='ltr'><em>fierent</em></span> <span class='ocrx_word' id='word_1_117' title='bbox 1329 1343 1493 1374; x_wconf 89' lang='lat' dir='ltr'>eorum</span> <span class='ocrx_word' id='word_1_118' title='bbox 1521 1325 1703 1375; x_wconf 88' lang='lat' dir='ltr'>decreta</span> <span class='ocrx_word' id='word_1_119' title='bbox 1716 1363 1729 1388; x_wconf 78' lang='grc'><em>,</em></span> <span class='ocrx_word' id='word_1_120' title='bbox 1751 1337 1892 1394; x_wconf 88' lang='lat' dir='ltr'><em>prout</em></span> 
     </span>
     <span class='ocr_line' id='line_1_16' title="bbox 191 1398 842 1465; baseline 0.002 -19"><span class='ocrx_word' id='word_1_121' title='bbox 191 1414 270 1446; x_wconf 89' lang='lat' dir='ltr'>eos</span> <span class='ocrx_word' id='word_1_122' title='bbox 304 1398 464 1445; x_wconf 87' lang='lat' dir='ltr'>secisse</span> <span class='ocrx_word' id='word_1_123' title='bbox 494 1399 712 1448; x_wconf 88' lang='lat' dir='ltr'>novimus</span> <span class='ocrx_word' id='word_1_124' title='bbox 749 1400 842 1465; x_wconf 78' lang='lat'>(2).</span> 
     </span>
    </p>

    <p class='ocr_par' dir='ltr' id='par_1_3' title="bbox 191 1474 1900 2310">
     <span class='ocr_line' id='line_1_17' title="bbox 257 1474 1895 1543; baseline 0.003 -22"><span class='ocrx_word' id='word_1_125' title='bbox 257 1474 375 1522; x_wconf 85' lang='lat'><strong>765.</strong></span> <span class='ocrx_word' id='word_1_126' title='bbox 397 1474 468 1522; x_wconf 88' lang='lat' dir='ltr'>Ad</span> <span class='ocrx_word' id='word_1_127' title='bbox 487 1474 683 1524; x_wconf 85' lang='lat' dir='ltr'>alteram</span> <span class='ocrx_word' id='word_1_128' title='bbox 704 1477 943 1542; x_wconf 88' lang='lat' dir='ltr'>sequelam</span> <span class='ocrx_word' id='word_1_129' title='bbox 961 1479 1161 1543; x_wconf 71' lang='lat' dir='ltr'><em>pariter,</em></span> <span class='ocrx_word' id='word_1_130' title='bbox 1186 1479 1313 1527; x_wconf 72' lang='lat' dir='ltr'>Disc.</span> <span class='ocrx_word' id='word_1_131' title='bbox 1333 1477 1553 1526; x_wconf 90' lang='lat' dir='ltr'>Liberum</span> <span class='ocrx_word' id='word_1_132' title='bbox 1575 1496 1676 1527; x_wconf 91' lang='lat' dir='ltr'>esse</span> <span class='ocrx_word' id='word_1_133' title='bbox 1699 1496 1895 1529; x_wconf 80' lang='lat' dir='ltr'>examen</span> 
     </span>
     <span class='ocr_line' id='line_1_18' title="bbox 193 1552 1896 1613; baseline 0.002 -13"><span class='ocrx_word' id='word_1_134' title='bbox 193 1552 603 1611; x_wconf 74' lang='lat' dir='ltr'>confirmativum,</span> <span class='ocrx_word' id='word_1_135' title='bbox 639 1570 767 1601; x_wconf 84' lang='lat' dir='ltr'>conc.</span> <span class='ocrx_word' id='word_1_136' title='bbox 775 1574 796 1613; x_wconf 81' lang='lat'>‚-</span> <span class='ocrx_word' id='word_1_137' title='bbox 828 1554 1148 1605; x_wconf 86' lang='lat' dir='ltr'>dubitativum</span> <span class='ocrx_word' id='word_1_138' title='bbox 1180 1572 1261 1603; x_wconf 90' lang='lat' dir='ltr'>seu</span> <span class='ocrx_word' id='word_1_139' title='bbox 1288 1556 1339 1603; x_wconf 93' lang='lat' dir='ltr'>in</span> <span class='ocrx_word' id='word_1_140' title='bbox 1369 1556 1535 1603; x_wconf 90' lang='lat' dir='ltr'><em>ordine</em></span> <span class='ocrx_word' id='word_1_141' title='bbox 1564 1555 1624 1603; x_wconf 89' lang='lat' dir='ltr'>ad</span> <span class='ocrx_word' id='word_1_142' title='bbox 1655 1572 1896 1603; x_wconf 87' lang='lat' dir='ltr'>assensum</span> 
     </span>
     <span class='ocr_line' id='line_1_19' title="bbox 194 1627 1896 1697; baseline 0.002 -21"><span class='ocrx_word' id='word_1_143' title='bbox 194 1627 273 1676; x_wconf 84' lang='lat' dir='ltr'>vel</span> <span class='ocrx_word' id='word_1_144' title='bbox 297 1628 555 1676; x_wconf 87' lang='lat' dir='ltr'>dissensum</span> <span class='ocrx_word' id='word_1_145' title='bbox 574 1665 586 1688; x_wconf 64' lang='lat'>7</span> <span class='ocrx_word' id='word_1_146' title='bbox 618 1647 721 1694; x_wconf 68' lang='lat' dir='ltr'>neq.</span> <span class='ocrx_word' id='word_1_147' title='bbox 748 1631 862 1689; x_wconf 85' lang='lat' dir='ltr'>Quae</span> <span class='ocrx_word' id='word_1_148' title='bbox 885 1641 939 1679; x_wconf 87' lang='lat' dir='ltr'>ut</span> <span class='ocrx_word' id='word_1_149' title='bbox 951 1631 1292 1697; x_wconf 63' lang='lat' dir='ltr'>intelligantur,</span> <span class='ocrx_word' id='word_1_150' title='bbox 1308 1632 1782 1681; x_wconf 88' lang='lat' dir='ltr'>animadvertendum</span> <span class='ocrx_word' id='word_1_151' title='bbox 1805 1641 1896 1693; x_wconf 88' lang='lat' dir='ltr'>est,</span> 
     </span>
     <span class='ocr_line' id='line_1_20' title="bbox 191 1705 1897 1773; baseline 0.001 -20"><span class='ocrx_word' id='word_1_152' title='bbox 191 1707 271 1754; x_wconf 83' lang='lat' dir='ltr'>vix</span> <span class='ocrx_word' id='word_1_153' title='bbox 295 1705 479 1771; x_wconf 86' lang='lat' dir='ltr'>prolata</span> <span class='ocrx_word' id='word_1_154' title='bbox 503 1724 556 1754; x_wconf 91' lang='lat' dir='ltr'>ac</span> <span class='ocrx_word' id='word_1_155' title='bbox 582 1705 700 1754; x_wconf 87' lang='lat' dir='ltr'>lecta</span> <span class='ocrx_word' id='word_1_156' title='bbox 724 1707 776 1754; x_wconf 90' lang='lat' dir='ltr'>in</span> <span class='ocrx_word' id='word_1_157' title='bbox 807 1708 1017 1756; x_wconf 85' lang='lat' dir='ltr'>Actione.</span> <span class='ocrx_word' id='word_1_158' title='bbox 1049 1709 1089 1755; x_wconf 94' lang='lat' dir='ltr'>II</span> <span class='ocrx_word' id='word_1_159' title='bbox 1116 1708 1258 1756; x_wconf 85' lang='lat' dir='ltr'>Conc.</span> <span class='ocrx_word' id='word_1_160' title='bbox 1288 1706 1677 1756; x_wconf 88' lang='lat' dir='ltr'>Chalcedonensis</span> <span class='ocrx_word' id='word_1_161' title='bbox 1703 1709 1897 1773; x_wconf 87' lang='lat' dir='ltr'>epistola</span> 
     </span>
     <span class='ocr_line' id='line_1_21' title="bbox 191 1783 1899 1843; baseline 0.001 -14"><span class='ocrx_word' id='word_1_162' title='bbox 191 1784 239 1830; x_wconf 90' lang='lat' dir='ltr'>S.</span> <span class='ocrx_word' id='word_1_163' title='bbox 275 1783 470 1843; x_wconf 77' lang='lat' dir='ltr'>Leonis,</span> <span class='ocrx_word' id='word_1_164' title='bbox 502 1801 528 1830; x_wconf 89' lang='lat' dir='ltr'>a</span> <span class='ocrx_word' id='word_1_165' title='bbox 559 1783 773 1831; x_wconf 83' lang='lat' dir='ltr'>Patribus</span> <span class='ocrx_word' id='word_1_166' title='bbox 803 1784 1063 1832; x_wconf 86' lang='lat' dir='ltr'>universim</span> <span class='ocrx_word' id='word_1_167' title='bbox 1102 1784 1406 1833; x_wconf 82' lang='lat' dir='ltr'>acclamatum</span> <span class='ocrx_word' id='word_1_168' title='bbox 1445 1802 1544 1833; x_wconf 90' lang='lat' dir='ltr'>esse</span> <span class='ocrx_word' id='word_1_169' title='bbox 1577 1803 1590 1832; x_wconf 90' lang='lat'>:</span> <span class='ocrx_word' id='word_1_170' title='bbox 1625 1786 1899 1832; x_wconf 79' lang='lat' dir='ltr'>Anatbema</span> 
     </span>
     <span class='ocr_line' id='line_1_22' title="bbox 192 1858 1894 1925; baseline -0.001 -18"><span class='ocrx_word' id='word_1_171' title='bbox 192 1861 266 1920; x_wconf 74' lang='lat' dir='ltr'><em>ei,</em></span> <span class='ocrx_word' id='word_1_172' title='bbox 297 1862 389 1922; x_wconf 82' lang='lat' dir='ltr'>qui</span> <span class='ocrx_word' id='word_1_173' title='bbox 417 1862 490 1906; x_wconf 82' lang='lat' dir='ltr'>ita</span> <span class='ocrx_word' id='word_1_174' title='bbox 526 1878 622 1907; x_wconf 73' lang='lat' dir='ltr'>non</span> <span class='ocrx_word' id='word_1_175' title='bbox 654 1861 821 1908; x_wconf 82' lang='lat' dir='ltr'><em>credit.</em></span> <span class='ocrx_word' id='word_1_176' title='bbox 849 1862 1026 1908; x_wconf 77' lang='lat' dir='ltr'><em>Petrus</em></span> <span class='ocrx_word' id='word_1_177' title='bbox 1053 1879 1145 1924; x_wconf 80' lang='lat' dir='ltr'>per</span> <span class='ocrx_word' id='word_1_178' title='bbox 1168 1862 1366 1909; x_wconf 81' lang='lat' dir='ltr'>Leonem</span> <span class='ocrx_word' id='word_1_179' title='bbox 1397 1864 1469 1908; x_wconf 89' lang='lat' dir='ltr'>ita</span> <span class='ocrx_word' id='word_1_180' title='bbox 1505 1862 1688 1907; x_wconf 77' lang='lat' dir='ltr'>locutus</span> <span class='ocrx_word' id='word_1_181' title='bbox 1716 1869 1783 1907; x_wconf 77' lang='lat' dir='ltr'>est</span> <span class='ocrx_word' id='word_1_182' title='bbox 1807 1858 1894 1925; x_wconf 84' lang='grc'>(3).</span> 
     </span>
     <span class='ocr_line' id='line_1_23' title="bbox 193 1935 1899 2004; baseline 0 -22"><span class='ocrx_word' id='word_1_183' title='bbox 193 1935 338 1999; x_wconf 78' lang='lat' dir='ltr'><em>Igitur</em></span> <span class='ocrx_word' id='word_1_184' title='bbox 375 1953 608 1993; x_wconf 77' lang='lat' dir='ltr'>examen,</span> <span class='ocrx_word' id='word_1_185' title='bbox 643 1936 770 2002; x_wconf 86' lang='lat' dir='ltr'>quod</span> <span class='ocrx_word' id='word_1_186' title='bbox 812 1938 862 1984; x_wconf 87' lang='lat' dir='ltr'>in</span> <span class='ocrx_word' id='word_1_187' title='bbox 884 1938 1084 2001; x_wconf 83' lang='lat' dir='ltr'><em>gratiam</em></span> <span class='ocrx_word' id='word_1_188' title='bbox 1130 1938 1463 2004; x_wconf 85' lang='lat' dir='ltr'>Episcoporum</span> <span class='ocrx_word' id='word_1_189' title='bbox 1492 1938 1899 2000; x_wconf 73' lang='lat' dir='ltr'><em>Illyricianorum</em></span> 
     </span>
     <span class='ocr_line' id='line_1_24' title="bbox 195 2013 1899 2080; baseline -0.001 -19"><span class='ocrx_word' id='word_1_190' title='bbox 195 2020 243 2061; x_wconf 86' lang='lat' dir='ltr'><em>et</em></span> <span class='ocrx_word' id='word_1_191' title='bbox 278 2013 705 2061; x_wconf 72' lang='lat' dir='ltr'>Palaestinertsz&#39;um</span> <span class='ocrx_word' id='word_1_192' title='bbox 734 2013 820 2060; x_wconf 90' lang='lat' dir='ltr'>sub</span> <span class='ocrx_word' id='word_1_193' title='bbox 855 2015 1000 2062; x_wconf 90' lang='lat' dir='ltr'>finem</span> <span class='ocrx_word' id='word_1_194' title='bbox 1034 2014 1244 2077; x_wconf 87' lang='lat' dir='ltr'>ejusdem</span> <span class='ocrx_word' id='word_1_195' title='bbox 1280 2015 1473 2063; x_wconf 85' lang='lat' dir='ltr'>actionis</span> <span class='ocrx_word' id='word_1_196' title='bbox 1512 2015 1797 2080; x_wconf 90' lang='lat' dir='ltr'>permissum</span> <span class='ocrx_word' id='word_1_197' title='bbox 1828 2022 1899 2060; x_wconf 88' lang='lat' dir='ltr'>est</span> 
     </span>
     <span class='ocr_line' id='line_1_25' title="bbox 196 2089 1896 2157; baseline 0.001 -21"><span class='ocrx_word' id='word_1_198' title='bbox 196 2089 255 2137; x_wconf 92' lang='lat' dir='ltr'>de</span> <span class='ocrx_word' id='word_1_199' title='bbox 278 2091 320 2137; x_wconf 90' lang='lat' dir='ltr'>S.</span> <span class='ocrx_word' id='word_1_200' title='bbox 345 2090 508 2138; x_wconf 90' lang='lat' dir='ltr'>Leonis</span> <span class='ocrx_word' id='word_1_201' title='bbox 529 2090 723 2156; x_wconf 89' lang='lat' dir='ltr'>epistola</span> <span class='ocrx_word' id='word_1_202' title='bbox 741 2127 755 2151; x_wconf 74' lang='grc'><em>,</em></span> <span class='ocrx_word' id='word_1_203' title='bbox 787 2108 883 2138; x_wconf 90' lang='lat' dir='ltr'>non</span> <span class='ocrx_word' id='word_1_204' title='bbox 907 2091 1065 2157; x_wconf 86' lang='lat' dir='ltr'>potuit</span> <span class='ocrx_word' id='word_1_205' title='bbox 1087 2109 1187 2140; x_wconf 87' lang='lat' dir='ltr'>esse</span> <span class='ocrx_word' id='word_1_206' title='bbox 1211 2091 1531 2151; x_wconf 35' lang='lat' dir='ltr'>dubitativum,</span> <span class='ocrx_word' id='word_1_207' title='bbox 1552 2109 1657 2138; x_wconf 89' lang='lat' dir='ltr'>cum</span> <span class='ocrx_word' id='word_1_208' title='bbox 1681 2089 1896 2138; x_wconf 85' lang='lat' dir='ltr'><em>libertate</em></span> 
     </span>
     <span class='ocr_line' id='line_1_26' title="bbox 196 2166 1900 2234; baseline -0.001 -20"><span class='ocrx_word' id='word_1_209' title='bbox 196 2183 410 2215; x_wconf 87' lang='lat' dir='ltr'>assensus</span> <span class='ocrx_word' id='word_1_210' title='bbox 443 2166 519 2216; x_wconf 91' lang='lat' dir='ltr'>vel</span> <span class='ocrx_word' id='word_1_211' title='bbox 548 2167 811 2227; x_wconf 75' lang='lat' dir='ltr'>dissensuS‚</span> <span class='ocrx_word' id='word_1_212' title='bbox 860 2168 943 2216; x_wconf 90' lang='lat' dir='ltr'>sed</span> <span class='ocrx_word' id='word_1_213' title='bbox 986 2169 1366 2218; x_wconf 80' lang='lat' dir='ltr'>confirmativum</span> <span class='ocrx_word' id='word_1_214' title='bbox 1408 2169 1550 2234; x_wconf 91' lang='lat' dir='ltr'>plane</span> <span class='ocrx_word' id='word_1_215' title='bbox 1583 2168 1697 2225; x_wconf 84' lang='lat' dir='ltr'>fuit,</span> <span class='ocrx_word' id='word_1_216' title='bbox 1727 2175 1785 2213; x_wconf 82' lang='lat' dir='ltr'><em>ut</em></span> <span class='ocrx_word' id='word_1_217' title='bbox 1809 2169 1900 2230; x_wconf 81' lang='lat' dir='ltr'>qui</span> 
     </span>
     <span class='ocr_line' id='line_1_27' title="bbox 192 2242 1897 2310; baseline -0.002 -18"><span class='ocrx_word' id='word_1_218' title='bbox 192 2244 489 2292; x_wconf 79' lang='lat' dir='ltr'><em>dubitabant</em></span> <span class='ocrx_word' id='word_1_219' title='bbox 521 2246 805 2292; x_wconf 74' lang='lat' dir='ltr'><em>docerentur</em></span> <span class='ocrx_word' id='word_1_220' title='bbox 828 2243 921 2309; x_wconf 81' lang='grc'>(4).</span> <span class='ocrx_word' id='word_1_221' title='bbox 950 2245 1014 2292; x_wconf 88' lang='lat' dir='ltr'>Eo</span> <span class='ocrx_word' id='word_1_222' title='bbox 1044 2245 1121 2295; x_wconf 87' lang='lat' dir='ltr'>vel</span> <span class='ocrx_word' id='word_1_223' title='bbox 1148 2245 1293 2310; x_wconf 85' lang='lat' dir='ltr'>magis</span> <span class='ocrx_word' id='word_1_224' title='bbox 1316 2246 1444 2310; x_wconf 87' lang='lat' dir='ltr'>quod</span> <span class='ocrx_word' id='word_1_225' title='bbox 1472 2244 1531 2292; x_wconf 89' lang='lat' dir='ltr'>de</span> <span class='ocrx_word' id='word_1_226' title='bbox 1558 2242 1775 2292; x_wconf 83' lang='lat' dir='ltr'>examine</span> <span class='ocrx_word' id='word_1_227' title='bbox 1796 2258 1897 2306; x_wconf 82' lang='lat' dir='ltr'>age-</span> 
     </span>
    </p>
   </div>
   <div class='ocr_carea' id='block_1_3' title="bbox 192 2430 1898 3077">
    <p class='ocr_par' dir='ltr' id='par_1_4' title="bbox 192 2430 1898 3077">
     <span class='ocr_line' id='line_1_28' title="bbox 248 2430 1898 2484; baseline 0 -15"><span class='ocrx_word' id='word_1_228' title='bbox 248 2430 310 2483; x_wconf 91' lang='lat' dir='ltr'>(l)</span> <span class='ocrx_word' id='word_1_229' title='bbox 339 2431 486 2470; x_wconf 81' lang='lat' dir='ltr'>Etenim</span> <span class='ocrx_word' id='word_1_230' title='bbox 508 2431 549 2471; x_wconf 90' lang='lat' dir='ltr'>S.</span> <span class='ocrx_word' id='word_1_231' title='bbox 573 2430 669 2482; x_wconf 92' lang='lat' dir='ltr'>Leo,</span> <span class='ocrx_word' id='word_1_232' title='bbox 692 2432 858 2484; x_wconf 84' lang='lat' dir='ltr'>quamvis</span> <span class='ocrx_word' id='word_1_233' title='bbox 880 2430 1008 2470; x_wconf 89' lang='lat' dir='ltr'>indul·</span> <span class='ocrx_word' id='word_1_234' title='bbox 1076 2430 1460 2482; x_wconf 88' lang='lat' dir='ltr'>eumdemPrincipem</span> <span class='ocrx_word' id='word_1_235' title='bbox 1477 2431 1636 2482; x_wconf 80' lang='lat' dir='ltr'>rogavit,</span> <span class='ocrx_word' id='word_1_236' title='bbox 1651 2442 1699 2468; x_wconf 88' lang='lat' dir='ltr'>ne</span> <span class='ocrx_word' id='word_1_237' title='bbox 1712 2437 1898 2480; x_wconf 85' lang='lat' dir='ltr'><em>pateretur</em></span> 
     </span>
     <span class='ocr_line' id='line_1_29' title="bbox 198 2493 1896 2548; baseline -0.002 -11"><span class='ocrx_word' id='word_1_238' title='bbox 198 2499 286 2538; x_wconf 77' lang='lat' dir='ltr'>serit</span> <span class='ocrx_word' id='word_1_239' title='bbox 310 2497 515 2545; x_wconf 84' lang='lat' dir='ltr'>Marciano,</span> <span class='ocrx_word' id='word_1_240' title='bbox 535 2506 578 2536; x_wconf 86' lang='lat' dir='ltr'>ut</span> <span class='ocrx_word' id='word_1_241' title='bbox 590 2496 825 2536; x_wconf 85' lang='lat' dir='ltr'>Chalcedone</span> <span class='ocrx_word' id='word_1_242' title='bbox 848 2497 1011 2536; x_wconf 85' lang='lat' dir='ltr'><em>celebra·</em></span> <span class='ocrx_word' id='word_1_243' title='bbox 1077 2496 1189 2535; x_wconf 88' lang='lat' dir='ltr'>fidem</span> <span class='ocrx_word' id='word_1_244' title='bbox 1213 2497 1328 2548; x_wconf 74' lang='lat' dir='ltr'>quasi</span> <span class='ocrx_word' id='word_1_245' title='bbox 1355 2496 1516 2534; x_wconf 82' lang='lat' dir='ltr'>dubiam</span> <span class='ocrx_word' id='word_1_246' title='bbox 1541 2498 1582 2534; x_wconf 90' lang='lat' dir='ltr'>in</span> <span class='ocrx_word' id='word_1_247' title='bbox 1605 2493 1753 2548; x_wconf 85' lang='lat' dir='ltr'>Synodo</span> <span class='ocrx_word' id='word_1_248' title='bbox 1776 2504 1896 2536; x_wconf 78' lang='lat' dir='ltr'><em>retra-</em></span> 
     </span>
     <span class='ocr_line' id='line_1_30' title="bbox 197 2563 1892 2616; baseline -0.001 -13"><span class='ocrx_word' id='word_1_249' title='bbox 197 2572 299 2604; x_wconf 84' lang='lat' dir='ltr'><em>retur</em></span> <span class='ocrx_word' id='word_1_250' title='bbox 317 2563 527 2603; x_wconf 86' lang='lat' dir='ltr'>Concilium</span> <span class='ocrx_word' id='word_1_251' title='bbox 543 2594 555 2613; x_wconf 84' lang='lat'>‚</span> <span class='ocrx_word' id='word_1_252' title='bbox 581 2566 725 2602; x_wconf 83' lang='lat' dir='ltr'>monuit</span> <span class='ocrx_word' id='word_1_253' title='bbox 742 2572 865 2602; x_wconf 80' lang='lat' dir='ltr'>tamen</span> <span class='ocrx_word' id='word_1_254' title='bbox 886 2563 1009 2614; x_wconf 90' lang='lat' dir='ltr'>Impe-</span> <span class='ocrx_word' id='word_1_255' title='bbox 1079 2565 1193 2604; x_wconf 79' lang='lat' dir='ltr'><em>ctari.</em></span> <span class='ocrx_word' id='word_1_256' title='bbox 1207 2563 1309 2603; x_wconf 91' lang='lat' dir='ltr'>Idem</span> <span class='ocrx_word' id='word_1_257' title='bbox 1338 2566 1469 2616; x_wconf 87' lang='lat' dir='ltr'><em>repetit</em></span> <span class='ocrx_word' id='word_1_258' title='bbox 1483 2565 1593 2616; x_wconf 87' lang='lat' dir='ltr'>epist.</span> <span class='ocrx_word' id='word_1_259' title='bbox 1616 2576 1704 2602; x_wconf 82' lang='lat' dir='ltr'>xcm</span> <span class='ocrx_word' id='word_1_260' title='bbox 1719 2592 1730 2610; x_wconf 93' lang='lat'>‚</span> <span class='ocrx_word' id='word_1_261' title='bbox 1749 2577 1827 2616; x_wconf 87' lang='lat' dir='ltr'>cap.</span> <span class='ocrx_word' id='word_1_262' title='bbox 1850 2575 1892 2611; x_wconf 85' lang='lat'>2,</span> 
     </span>
     <span class='ocr_line' id='line_1_31' title="bbox 199 2628 1359 2682; baseline -0.003 -15"><span class='ocrx_word' id='word_1_263' title='bbox 199 2637 385 2677; x_wconf 71' lang='lat' dir='ltr'>rami-em,</span> <span class='ocrx_word' id='word_1_264' title='bbox 417 2628 522 2680; x_wconf 88' lang='lat' dir='ltr'>epist.</span> <span class='ocrx_word' id='word_1_265' title='bbox 555 2642 704 2677; x_wconf 67' lang='lat' dir='ltr'>Lxxxu,</span> <span class='ocrx_word' id='word_1_266' title='bbox 739 2630 802 2667; x_wconf 84' lang='lat' dir='ltr'>cit.</span> <span class='ocrx_word' id='word_1_267' title='bbox 844 2628 933 2669; x_wconf 81' lang='lat' dir='ltr'>edit.</span> <span class='ocrx_word' id='word_1_268' title='bbox 962 2640 1011 2664; x_wconf 78' lang='lat' dir='ltr'>ne</span> <span class='ocrx_word' id='word_1_269' title='bbox 1076 2639 1112 2670; x_wconf 75' lang='lat' dir='ltr'>et</span> <span class='ocrx_word' id='word_1_270' title='bbox 1133 2631 1238 2682; x_wconf 82' lang='lat' dir='ltr'>epist.</span> <span class='ocrx_word' id='word_1_271' title='bbox 1263 2642 1359 2668; x_wconf 72' lang='lat' dir='ltr'>xcxv.</span> 
     </span>
     <span class='ocr_line' id='line_1_32' title="bbox 194 2694 1888 2748; baseline -0.001 -14"><span class='ocrx_word' id='word_1_272' title='bbox 194 2697 423 2748; x_wconf 73' lang='lat' dir='ltr'>cujusquam</span> <span class='ocrx_word' id='word_1_273' title='bbox 434 2695 594 2746; x_wconf 72' lang='lat' dir='ltr'><em>procaci</em></span> <span class='ocrx_word' id='word_1_274' title='bbox 605 2694 914 2747; x_wconf 79' lang='lat' dir='ltr'><em>imprudentique</em></span> <span class='ocrx_word' id='word_1_275' title='bbox 927 2705 1009 2732; x_wconf 82' lang='lat' dir='ltr'><em>ver·</em></span> <span class='ocrx_word' id='word_1_276' title='bbox 1129 2695 1180 2747; x_wconf 57' lang='grc' dir='ltr'>(ἢ)</span> <span class='ocrx_word' id='word_1_277' title='bbox 1210 2696 1291 2735; x_wconf 76' lang='lat' dir='ltr'><em>Cfr.</em></span> <span class='ocrx_word' id='word_1_278' title='bbox 1327 2694 1504 2734; x_wconf 86' lang='lat' dir='ltr'>Ballerin.</span> <span class='ocrx_word' id='word_1_279' title='bbox 1543 2702 1623 2733; x_wconf 74' lang='lat' dir='ltr'>tum</span> <span class='ocrx_word' id='word_1_280' title='bbox 1655 2696 1694 2733; x_wconf 92' lang='lat' dir='ltr'>in</span> <span class='ocrx_word' id='word_1_281' title='bbox 1724 2707 1786 2744; x_wconf 83' lang='lat' dir='ltr'>op.</span> <span class='ocrx_word' id='word_1_282' title='bbox 1823 2694 1888 2732; x_wconf 85' lang='lat' dir='ltr'>cit.</span> 
     </span>
     <span class='ocr_line' id='line_1_33' title="bbox 197 2751 1887 2815; baseline -0.002 -15"><span class='ocrx_word' id='word_1_283' title='bbox 197 2762 302 2800; x_wconf 72' lang='lat' dir='ltr'><em>cutia</em></span> <span class='ocrx_word' id='word_1_284' title='bbox 317 2761 429 2812; x_wconf 80' lang='lat' dir='ltr'>quasi</span> <span class='ocrx_word' id='word_1_285' title='bbox 446 2759 490 2798; x_wconf 80' lang='lat' dir='ltr'>de</span> <span class='ocrx_word' id='word_1_286' title='bbox 505 2762 647 2799; x_wconf 75' lang='lat' dir='ltr'><em>incerto</em></span> <span class='ocrx_word' id='word_1_287' title='bbox 661 2760 756 2811; x_wconf 80' lang='lat' dir='ltr'>quid</span> <span class='ocrx_word' id='word_1_288' title='bbox 768 2758 1008 2797; x_wconf 78' lang='lat' dir='ltr'>sentiendum</span> <span class='ocrx_word' id='word_1_289' title='bbox 1075 2751 1158 2815; x_wconf 52' lang='lat' dir='ltr'>cas).</span> <span class='ocrx_word' id='word_1_290' title='bbox 1183 2761 1228 2799; x_wconf 83' lang='lat'>13</span> <span class='ocrx_word' id='word_1_291' title='bbox 1240 2788 1253 2809; x_wconf 90' lang='lat'>‚</span> <span class='ocrx_word' id='word_1_292' title='bbox 1276 2776 1317 2800; x_wconf 80' lang='lat' dir='ltr'>n.</span> <span class='ocrx_word' id='word_1_293' title='bbox 1331 2758 1385 2815; x_wconf 87' lang='lat'>69</span> <span class='ocrx_word' id='word_1_294' title='bbox 1399 2791 1409 2809; x_wconf 89' lang='lat'>,</span> <span class='ocrx_word' id='word_1_295' title='bbox 1429 2768 1510 2799; x_wconf 84' lang='lat' dir='ltr'>tum</span> <span class='ocrx_word' id='word_1_296' title='bbox 1526 2761 1566 2797; x_wconf 87' lang='lat' dir='ltr'>in</span> <span class='ocrx_word' id='word_1_297' title='bbox 1583 2768 1662 2798; x_wconf 86' lang='lat' dir='ltr'>not.</span> <span class='ocrx_word' id='word_1_298' title='bbox 1687 2771 1709 2796; x_wconf 87' lang='lat'>2</span> <span class='ocrx_word' id='word_1_299' title='bbox 1721 2787 1733 2807; x_wconf 94' lang='lat'>‚</span> <span class='ocrx_word' id='word_1_300' title='bbox 1755 2758 1800 2796; x_wconf 83' lang='lat' dir='ltr'>ad</span> <span class='ocrx_word' id='word_1_301' title='bbox 1823 2760 1887 2797; x_wconf 82' lang='lat' dir='ltr'>cit.</span> 
     </span>
     <span class='ocr_line' id='line_1_34' title="bbox 197 2824 1748 2880; baseline -0.001 -16"><span class='ocrx_word' id='word_1_302' title='bbox 197 2827 249 2866; x_wconf 80' lang='lat' dir='ltr'>sit</span> <span class='ocrx_word' id='word_1_303' title='bbox 268 2828 405 2864; x_wconf 74' lang='lat' dir='ltr'><em>sinerit</em></span> <span class='ocrx_word' id='word_1_304' title='bbox 430 2827 580 2878; x_wconf 70' lang='lat' dir='ltr'><em>inquiri</em></span> <span class='ocrx_word' id='word_1_305' title='bbox 594 2855 605 2873; x_wconf 90' lang='lat'>‚</span> <span class='ocrx_word' id='word_1_306' title='bbox 628 2838 697 2863; x_wconf 78' lang='lat' dir='ltr'>nec</span> <span class='ocrx_word' id='word_1_307' title='bbox 724 2825 940 2878; x_wconf 69' lang='lat' dir='ltr'>cujusmodi</span> <span class='ocrx_word' id='word_1_308' title='bbox 956 2826 1008 2861; x_wconf 70' lang='lat' dir='ltr'>sit</span> <span class='ocrx_word' id='word_1_309' title='bbox 1073 2827 1208 2880; x_wconf 81' lang='lat' dir='ltr'>Epist.</span> <span class='ocrx_word' id='word_1_310' title='bbox 1232 2827 1365 2865; x_wconf 82' lang='lat' dir='ltr'>Leonis</span> <span class='ocrx_word' id='word_1_311' title='bbox 1387 2826 1440 2865; x_wconf 87' lang='lat' dir='ltr'>ad</span> <span class='ocrx_word' id='word_1_312' title='bbox 1459 2824 1748 2864; x_wconf 74' lang='lat' dir='ltr'><em>Theodoretum.</em></span> 
     </span>
     <span class='ocr_line' id='line_1_35' title="bbox 192 2886 1885 2947; baseline -0.002 -15"><span class='ocrx_word' id='word_1_313' title='bbox 192 2893 289 2947; x_wconf 77' lang='lat' dir='ltr'>fides</span> <span class='ocrx_word' id='word_1_314' title='bbox 311 2893 498 2939; x_wconf 74' lang='lat' dir='ltr'>tenenda,</span> <span class='ocrx_word' id='word_1_315' title='bbox 532 2905 610 2930; x_wconf 71' lang='lat' dir='ltr'>esse</span> <span class='ocrx_word' id='word_1_316' title='bbox 637 2890 907 2940; x_wconf 74' lang='lat' dir='ltr'>tractandum,</span> <span class='ocrx_word' id='word_1_317' title='bbox 943 2891 1009 2928; x_wconf 74' lang='lat' dir='ltr'>sed</span> <span class='ocrx_word' id='word_1_318' title='bbox 1130 2890 1186 2942; x_wconf 78' lang='lat'>(3)</span> <span class='ocrx_word' id='word_1_319' title='bbox 1218 2891 1329 2944; x_wconf 78' lang='lat' dir='ltr'>Apud</span> <span class='ocrx_word' id='word_1_320' title='bbox 1341 2891 1525 2930; x_wconf 84' lang='lat' dir='ltr'>Harduin.</span> <span class='ocrx_word' id='word_1_321' title='bbox 1542 2886 1773 2929; x_wconf 68' lang='lat' dir='ltr'>Actaeone.</span> <span class='ocrx_word' id='word_1_322' title='bbox 1791 2897 1885 2938; x_wconf 59' lang='grc' dir='ltr'>ται,</span> 
     </span>
     <span class='ocr_line' id='line_1_36' title="bbox 194 2954 1269 3013; baseline 0 -16"><span class='ocrx_word' id='word_1_323' title='bbox 194 2973 355 3012; x_wconf 79' lang='lat' dir='ltr'><em>quorum</em></span> <span class='ocrx_word' id='word_1_324' title='bbox 371 2958 551 3013; x_wconf 76' lang='lat' dir='ltr'><em>precibus</em></span> <span class='ocrx_word' id='word_1_325' title='bbox 575 2965 611 2996; x_wconf 79' lang='lat' dir='ltr'>et</span> <span class='ocrx_word' id='word_1_326' title='bbox 644 2957 808 3009; x_wconf 80' lang='lat' dir='ltr'><em>qualiter</em></span> <span class='ocrx_word' id='word_1_327' title='bbox 830 2969 1009 2995; x_wconf 80' lang='lat' dir='ltr'>annuen-</span> <span class='ocrx_word' id='word_1_328' title='bbox 1077 2957 1151 2996; x_wconf 84' lang='lat' dir='ltr'>col.</span> <span class='ocrx_word' id='word_1_329' title='bbox 1175 2954 1269 2997; x_wconf 84' lang='lat'><strong>306.</strong></span> 
     </span>
     <span class='ocr_line' id='line_1_37' title="bbox 194 3019 1529 3077; baseline -0.007 -10"><span class='ocrx_word' id='word_1_330' title='bbox 194 3027 302 3068; x_wconf 74' lang='lat' dir='ltr'>dunt.</span> <span class='ocrx_word' id='word_1_331' title='bbox 316 3026 360 3066; x_wconf 84' lang='lat' dir='ltr'>Et</span> <span class='ocrx_word' id='word_1_332' title='bbox 375 3028 414 3066; x_wconf 90' lang='lat' dir='ltr'>in</span> <span class='ocrx_word' id='word_1_333' title='bbox 426 3026 506 3065; x_wconf 83' lang='lat' dir='ltr'>aliis</span> <span class='ocrx_word' id='word_1_334' title='bbox 519 3026 669 3075; x_wconf 81' lang='lat' dir='ltr'>litteris,</span> <span class='ocrx_word' id='word_1_335' title='bbox 685 3026 937 3077; x_wconf 81' lang='lat' dir='ltr'>epist.nempe</span> <span class='ocrx_word' id='word_1_336' title='bbox 950 3036 1006 3074; x_wconf 85' lang='lat' dir='ltr'>xc,</span> <span class='ocrx_word' id='word_1_337' title='bbox 1131 3021 1182 3072; x_wconf 64' lang='grc'>(4)</span> <span class='ocrx_word' id='word_1_338' title='bbox 1213 3022 1313 3062; x_wconf 81' lang='lat' dir='ltr'>lbid.</span> <span class='ocrx_word' id='word_1_339' title='bbox 1340 3020 1411 3060; x_wconf 87' lang='lat' dir='ltr'>col.</span> <span class='ocrx_word' id='word_1_340' title='bbox 1434 3019 1529 3073; x_wconf 82' lang='lat'><strong>307,</strong></span> 
     </span>
    </p>
   </div>
   <div class='ocr_carea' id='block_1_4' title="bbox 1990 2202 2028 2464">
    <p class='ocr_par' dir='ltr' id='par_1_5' title="bbox 1988 2141 2028 2464">
     <span class='ocr_line' id='line_1_38' title="bbox 1990 2202 2028 2464; textangle 90"><span class='ocrx_word' id='word_1_341' title='bbox 1990 2298 2028 2464; x_wconf 34' lang='lat' dir='ltr'>,faunu</span> <span class='ocrx_word' id='word_1_342' title='bbox 1995 2202 1999 2209; x_wconf 58' lang='lat'>&gt;</span> 
     </span>
    </p>
   </div>
   <div class='ocr_carea' id='block_1_5' title="bbox 1986 2528 2015 2633">
    <p class='ocr_par' dir='ltr' id='par_1_6' title="bbox 1986 2528 2015 2633">
     <span class='ocr_line' id='line_1_39' title="bbox 1986 2528 2015 2633; textangle 90"><span class='ocrx_word' id='word_1_343' title='bbox 1986 2558 2015 2633; x_wconf 28' lang='lat'>{2353}</span> <span class='ocrx_word' id='word_1_344' title='bbox 1998 2528 2012 2555; x_wconf 52' lang='lat'>“3-</span> 
     </span>
    </p>
   </div>
  </div>
 </body>
</html>
