2028 3354
446 191 573 219 PART.
612 188 644 218 l.
684 187 781 219 GAP.
824 187 891 217 111.
929 187 985 218 DE
1020 186 1238 218 EGCLESIAE

1696 171 1791 220 207

1274 188 1419 219 NOTIS.

91 321 191 371 quae
223 321 320 351 non
346 301 588 370 protendit
608 319 741 349 suam
763 301 1088 349 auctoritatem
1111 301 1233 348 ultra
1255 301 1443 350 civilem
1477 300 1790 351 britannicam

91 381 345 440 ditionem,
366 379 459 426 imo
492 395 633 444 super
655 394 800 443 pauca
824 386 1011 424 tantum
1034 375 1247 427 membra
1274 378 1486 441 ejusdem
1505 378 1692 427 ditionis
1715 379 1792 430 vel

92 459 142 505 in
160 457 321 522 Anglia
338 457 438 521 ipsa
451 454 724 502 dominatur
740 453 1013 519 (1).1taque
1025 462 1135 500 sunt
1147 452 1285 501 hodie
1298 453 1510 502 Ecclesiae
1521 455 1791 520 anglicanae,

93 533 218 600 quod
237 532 350 581 olim
371 531 577 579 Ecclesiae
597 530 945 578 Donatistarum
964 529 1226 576 extiterunt
1240 566 1252 588 ,
1278 545 1381 594 quae
1400 530 1561 579 divisae
1583 542 1716 580 erant
1733 532 1792 581 ab

93 609 281 658 unitatis
311 617 500 668 centro7
526 625 578 655 ac
603 605 801 672 proinde
829 604 886 652 ab
909 604 1125 652 universa
1149 604 1348 651 Ecclesia
1372 605 1619 670 catholica5
1651 626 1795 673 quare

93 685 246 734 omnia
265 701 512 750 possumus
532 684 753 732 adversus
770 679 869 727 illas
885 687 1160 743 argumenta
1171 679 1467 745 intorquere,
1493 683 1663 746 quibus
1681 684 1794 733 olim

99 764 258 810 Patres
279 759 591 828 profligabant
614 756 878 806 Donatistas
898 755 986 819 (2).
1009 753 1142 812 Quod
1169 772 1279 805 vero
1301 755 1503 806 diximus
1520 757 1579 805 de
1599 759 1797 808 Ecclesia

96 965 140 990 ac
168 949 337 1002 populari
359 962 469 987 sensu
487 976 499 995 ‚
526 952 655 996 utpote
673 945 824 983 interius
838 941 909 981 Ec-

98 1015 215 1055 clesiae
255 1015 485 1066 conjunctas.
514 1009 635 1062 Quam
670 1008 821 1063 quidem
853 1007 910 1046 lo-

98 1080 239 1134 quendi
262 1080 444 1117 rationem
476 1077 593 1115 fateor
619 1089 678 1114 me
713 1089 791 1114 non
816 1087 912 1113 asse-

99 1147 178 1199 qui.
209 1144 354 1182 Etenim
372 1170 385 1192 ,
412 1144 442 1180 si
465 1155 542 1180 non
567 1150 654 1180 sunt
675 1142 819 1194 proprie
847 1140 911 1178 Ec·

100 1212 216 1250 clesiae
241 1208 376 1248 Christi
401 1210 589 1247 societates
612 1207 703 1255 illae,
725 1205 912 1260 quomodo

99 1283 250 1329 possunt
268 1274 423 1314 interius
445 1274 620 1327 conjungi
645 1287 732 1312 cum
752 1272 913 1311 Ecclesia

99 1338 262 1381 Christi?
292 1339 339 1380 In
365 1339 435 1379 hac
472 1339 670 1393 hypothesi
695 1338 913 1377 deberemus

99 1409 290 1448 admittere
311 1406 513 1446 Ecclesiam
526 1406 727 1459 quamdam
742 1404 914 1444 invisibi-

101 1474 190 1514 lem.
202 1473 390 1521 Vidimus,
402 1471 590 1524 quomodo
603 1473 680 1522 ipse
697 1472 916 1522 separatistis

102 1542 202 1579 idem
214 1539 504 1578 obtendentibus
519 1551 707 1576 occurrere
724 1537 915 1575 studuerit.

161 1604 212 1656 (1)
242 1603 342 1643 Talis
365 1611 420 1641 est
437 1611 554 1641 status
576 1603 764 1655 religionis
781 1603 822 1640 in
842 1601 918 1640 An-

106 1670 193 1722 glia,
209 1677 320 1722 prout
330 1683 395 1722 per
408 1668 598 1721 epistolam
612 1670 734 1720 accepi
750 1668 822 1706 hoc
837 1666 917 1720 ipso

108 1748 207 1773 anno
231 1731 376 1784 (1840)
405 1747 448 1772 ex
473 1733 546 1771 illis
572 1733 786 1785 regionibus
815 1746 826 1769 :
847 1732 918 1771 Ca-

107 1799 245 1838 tholioi
253 1828 263 1845 ‚
276 1801 344 1851 qui
350 1799 491 1852 paucis
503 1797 646 1837 abhinc
664 1799 783 1836 annis
796 1797 921 1851 pauci

108 1871 144 1903 et
167 1865 270 1903 risui
300 1864 565 1903 haereticorum
590 1864 752 1916 expositi
775 1870 885 1903 erant
906 1892 917 1910 ‚

110 1943 216 1968 nune
229 1936 263 1968 et
283 1942 443 1968 numero
457 1937 494 1967 et
515 1931 739 1968 auctoritate
760 1928 918 1982 pollent.

111 1992 165 2032 In
185 1992 340 2044 Anqlia
363 2002 398 2032 et
425 1993 495 2034 W
492 1994 588 2033 allia
618 1995 828 2033 universim
846 2008 920 2033 nu·

110 2067 310 2099 merantur
321 2060 501 2098 catholici
521 2073 759 2110 2‚ooo‚ooo‚
780 2062 823 2098 in
840 2060 922 2100 Hi-

112 2125 245 2165 hernia
258 2124 428 2179 6‚427,7
439 2139 484 2164 12
497 2157 507 2175 ‚
524 2127 567 2164 in
582 2126 710 2165 Scotia
731 2125 921 2174 25o‚ooo‚

113 2191 323 2231 universim
356 2191 599 2246 8‚377‚712.
636 2190 750 2232 Unde
767 2220 779 2241 ,
806 2204 925 2242 quum

114 2261 191 2294 tota
214 2258 416 2297 multitudo
444 2256 599 2310 Maynoe
634 2257 861 2297 Britannice
893 2264 928 2295 et

116 2319 321 2361 Hiberniae
347 2336 426 2362 non
463 2324 618 2363 eaecedat
648 2321 895 2376 27‚250‚ooo
913 2351 925 2371 ,

110 2393 219 2438 patet
233 2416 243 2434 ‚
262 2386 362 2437 quod
386 2401 454 2426 nos
478 2390 592 2428 tertia
611 2389 733 2439 ferme
746 2401 841 2440 pars
861 2402 929 2426 su-

119 2463 205 2488 mus
230 2452 345 2489 totius
369 2453 483 2491 istius
518 2452 733 2492 incolarum
755 2453 932 2504 frequen-

119 2519 200 2556 τίω.
231 2517 535 2557 protestantium
565 2521 693 2558 omnis
719 2521 870 2570 qeneris
898 2525 934 2559 et

118 2589 227 2623 seceoe
269 2582 577 2623 adnumerantur
622 2586 666 2622 in
710 2584 859 2636 Anqlia
899 2591 937 2623 et

125 2648 286 2689 Wallia
339 2647 588 2703 14,539‚318
608 2678 619 2696 ‚
652 2650 697 2687 in
734 2649 935 2689 Hibernia

128 2711 350 2768 1,556,227
373 2743 383 2762 ,
424 2716 469 2753 in
509 2714 639 2754 Scotia
686 2714 934 2765 2,115,ooo‚

124 2780 335 2818 universim
380 2778 626 2834 18,=70,545
663 2782 830 2833 (quoin
861 2793 937 2819 nu-

126 2857 228 2882 ·mero
262 2846 507 2884 continentur
540 2848 656 2885 etiam
687 2845 888 2898 anqlicani
907 2846 935 2897 ).

130 2906 253 2947 Ceteri
277 2940 288 2958 ‚
339 2911 383 2948 id
453 2917 508 2950 est
556 2911 775 2966 differentia
836 2913 939 2950 inter

131 2972 391 3027 27,250,ooo‚
415 2983 529 3018 totam
554 2991 688 3031 nempe
717 2977 936 3019 multitudi-

975 954 1063 980 nem
1080 973 1091 991 ,
1113 949 1149 980 et
1173 940 1422 997 26,848‚257
1441 975 1451 994 ‚
1481 945 1798 998 complementum

975 1010 1151 1048 omnium
1164 1009 1247 1048 cath
1253 1009 1438 1048 elicorum
1457 1017 1493 1049 et
1496 1012 1798 1065 protestantium

976 1076 1104 1113 omnis
1141 1074 1291 1114 ordinis
1327 1082 1362 1114 et
1407 1077 1579 1116 nominis
1592 1107 1608 1123 ,
1655 1077 1800 1117 scilicet

977 1140 1072 1192 401,
1094 1139 1172 1194 743
1187 1172 1197 1191 ,
1220 1140 1280 1179 vel
1275 1141 1407 1194 judoei
1427 1149 1518 1180 sunt
1539 1142 1598 1180 vel
1611 1142 1799 1194 infideles.

978 1206 1114 1245 Nostri
1127 1208 1173 1245 in
1192 1207 1273 1245 dies
1285 1214 1460 1247 crescunt
1478 1237 1490 1256 ,
1505 1215 1540 1246 et
1546 1215 1799 1262 protestantes

978 1274 1232 1319 minuuntur,
1257 1282 1326 1312 etc.
1353 1273 1525 1314 Attamen
1545 1275 1690 1314 Palmer
1710 1288 1800 1315 cum

979 1340 1052 1377 suis
1067 1339 1175 1377 nobis
1187 1339 1404 1391 persuadere
1420 1343 1569 1393 satagit,
1592 1341 1798 1380 Ecclesiam

980 1404 1212 1455 anglicanam
1248 1419 1324 1445 esse
1361 1420 1484 1446 veram
1511 1406 1715 1447 Ecclesiam
1743 1420 1798 1446 ca-

980 1459 1173 1498 tholicam.

1037 1524 1090 1577 (2)
1121 1525 1221 1565 Inter
1248 1529 1492 1577 recentiores,
1520 1531 1586 1582 qui
1608 1532 1649 1568 in
1667 1529 1799 1582 Anglia

984 1590 1157 1630 adversus
1180 1605 1317 1631 novam
1351 1592 1604 1634 Oxoniensem
1628 1596 1799 1635 scholam

983 1669 1059 1694 rem
1083 1658 1301 1697 catholicam
1321 1661 1463 1711 scriptis
1484 1669 1795 1713 propugnarunt,

983 1728 1114 1765 merito
1132 1725 1447 1765 commendandus
1468 1735 1521 1765 est
1537 1727 1596 1767 Cl.
1612 1727 1697 1767 Nic.
1721 1727 1800 1767 Wi-

983 1806 1108 1831 seman
1125 1822 1136 1840 ‚
1163 1806 1282 1844 nuper
1311 1792 1512 1845 Episcopus
1543 1793 1789 1846 Mellipotam.

984 1860 1187 1897 institutus.
1207 1858 1287 1897 Cfr.
1312 1861 1402 1897 varii
1418 1860 1562 1898 articuli
1580 1888 1591 1907 ‚
1606 1873 1698 1912 quos
1718 1862 1799 1912 ipse

984 1927 1025 1964 in
1035 1923 1282 1965 Dabliniensi
1301 1925 1490 1964 recisione
1506 1924 1710 1978 (Duhlin’s
1725 1927 1798 1967 Re-

985 1991 1118 2043 view)
1167 1991 1329 2030 edendos
1381 1991 1558 2038 curavit,
1597 1995 1800 2045 praesertim

988 2070 1072 2096 vero
1096 2071 1138 2095 n.
1170 2072 1209 2107 x,
1236 2056 1370 2096 Octob.
1403 2056 1532 2107 1838,
1571 2066 1607 2097 et
1634 2073 1676 2098 n.
1705 2070 1769 2098 xm
1786 2089 1797 2107 ‚

988 2123 1144 2174 August.
1189 2120 1316 2177 1839,
1349 2126 1388 2162 in
1421 2124 1558 2177 quibus
1598 2123 1801 2163 Ecclesiam

990 2188 1225 2242 anglicanam
1239 2189 1410 2228 funditus
1432 2197 1542 2242 atque
1565 2190 1803 2229 essentialiter

991 2254 1258 2293 schismaticam
1275 2269 1352 2294 esse
1370 2283 1381 2303 ,
1409 2255 1633 2308 nullumque
1650 2257 1720 2308 ipsi
1741 2258 1803 2310 jus

991 2319 1039 2358 ad
1062 2321 1299 2372 apostolicam
1327 2323 1594 2360 successionem
1613 2350 1625 2367 ,
1660 2323 1700 2360 in
1726 2337 1802 2376 quo

993 2389 1205 2426 oxonienses
1243 2394 1429 2439 tantopere
1462 2388 1662 2439 gloriantur
1693 2396 1804 2441 atque

995 2453 1211 2502 confidunt,
1249 2462 1453 2506 competere
1479 2454 1804 2506 (independenter

997 2519 1106 2557 etiam
1133 2534 1154 2558 a
1189 2519 1375 2559 validitate
1414 2519 1702 2560 ordinationum
1736 2535 1804 2560 an-

999 2582 1252 2634 glicanarum,
1285 2599 1400 2638 quam
1435 2593 1560 2624 tamen
1590 2586 1639 2624 cl.
1680 2594 1806 2624 auctor

1002 2650 1154 2689 omnino
1179 2651 1384 2703 denegat),
1410 2653 1521 2691 totius
1554 2652 1808 2691 ecclesiasticae

1002 2717 1228 2768 antiquitatis
1269 2718 1478 2756 testimonio
1512 2718 1702 2757 evidenter
1744 2718 1808 2756 de—

1002 2789 1193 2822 monstrat.
1227 2782 1289 2821 Nil
1322 2791 1449 2822 autem
1484 2785 1606 2822 verius
1640 2782 1808 2822 luculen-

1002 2846 1149 2899 tiusque
1182 2856 1356 2900 perpetua
1399 2847 1460 2886 illa
1502 2850 1772 2899 comparatione
1794 2876 1806 2894 ‚

1003 2926 1115 2965 quam
1139 2915 1179 2952 in
1201 2911 1367 2953 secundo
1397 2927 1438 2953 ex
1465 2914 1529 2952 cit.
1562 2913 1722 2952 articulis
1752 2913 1810 2950 in-

1005 2978 1122 3017 stituit
1151 2979 1251 3018 inter
1277 2978 1435 3018 schisma
1462 2976 1737 3018 Donatistarum
1775 2984 1811 3016 et
