2028 3354
211 201 305 250 426
687 218 839 250 τΒΔοτ.
877 222 930 249 ΒΕ
966 221 1084 250 ιοοιε
1119 222 1417 255 THEOLOGICIS.

206 333 261 381 in
298 333 460 380 ceteris
500 331 694 380 adhibet
724 332 1103 380 administrandis
1146 334 1354 385 Ecclesiis
1376 375 1388 398 7
1428 347 1479 385 ut
1509 338 1683 385 intacta
1713 354 1903 402 perma-

208 419 321 457 neat
347 411 676 474 Episcoporum
704 410 990 472 jurisdictio,
1034 411 1199 459 eadem
1238 430 1408 479 nempe
1442 416 1652 474 rati0ne7
1684 432 1775 480 qua
1805 431 1904 462 sese

209 494 378 552 gerunt
403 486 614 551 Episcopi
638 486 792 553 quoad
816 488 1041 552 paroecias
1062 489 1154 535 suis
1173 488 1424 538 ditionibus
1448 491 1674 553 subjectas
1694 491 1779 556 (l).
1802 493 1903 550 Quo

211 564 262 608 in
294 578 431 609 sensu
458 562 585 609 nulla
611 565 865 628 primatum
888 565 1010 611 inter
1030 573 1076 611 et
1099 565 1421 613 auctoritatem
1441 567 1747 631 episcopalem
1767 584 1907 633 appa-

209 647 281 685 ret
308 655 478 703 pugna.

276 715 386 761 610.
430 714 497 762 Ad
518 715 610 772 2¹¹1,
644 715 764 779 Ney.
792 717 983 780 Optime
1006 718 1236 781 siquidem
1256 734 1308 763 ac
1328 717 1535 783 perbelle
1552 719 1645 765 duo
1665 719 1761 766 haec
1781 719 1907 766 inter

209 808 257 838 se
289 790 463 855 pariter
488 801 835 856 componuntur
850 828 861 850 7
889 794 927 838 si
951 792 1225 841 observatur
1248 794 1577 859 Episcoporum
1597 794 1907 859 aequalitatem

208 886 315 915 cum
356 868 577 915 Pontifice
605 868 925 933 reponendam
962 886 1060 916 esse
1087 870 1136 916 in
1162 870 1426 918 charactere
1456 879 1503 918 et
1534 870 1778 936 episcopali
1810 870 1910 934 dig-

209 944 386 1004 nitate,
414 946 643 1009 primatus
681 961 791 991 vero
821 945 870 990 in
905 944 1110 991 limitum
1146 946 1433 994 extensione.
1482 946 1696 1005 Accedit7
1729 946 1914 1010 Episco-

210 1037 294 1085 pos
319 1020 369 1065 in
398 1038 489 1067 suae
520 1020 761 1084 potestatis
785 1020 1001 1066 exercitio
1030 1019 1192 1082 subjici
1220 1038 1337 1068 rom.
1366 1023 1603 1083 Pontifici3
1643 1023 1916 1069 Pontificem

210 1113 322 1144 vero
349 1095 478 1143 nulla
503 1096 776 1142 auctoritate
807 1095 1034 1153 detineri,
1062 1113 1114 1142 ea
1133 1094 1335 1158 generali
1355 1097 1508 1160 regula
1542 1107 1732 1162 excepta
1751 1135 1763 1158 7
1782 1101 1917 1160 juxta

212 1190 352 1237 quam
385 1174 453 1219 uti
484 1174 585 1237 ipse
624 1171 765 1219 debet
800 1181 1030 1237 potestate
1067 1189 1147 1218 sua
1176 1172 1225 1218 in
1257 1171 1612 1220 aedificationem
1652 1183 1699 1220 et
1733 1190 1832 1221 non
1868 1174 1917 1219 in

213 1250 578 1297 destructionem
617 1249 702 1312 (2).

280 1326 390 1372 611.
429 1325 498 1372 Ad
542 1325 633 1385 3¹¹¹,
685 1326 810 1372 Dist.
850 1327 1032 1373 Nomen
1073 1326 1311 1389 Episcopi
1350 1328 1642 1373 universalis
1680 1326 1920 1390 proscrip-

215 1411 317 1448 tum
342 1401 429 1448 fuit
456 1419 479 1448 a
503 1402 548 1448 S.
582 1402 800 1465 Gregorio
831 1403 890 1449 M.
911 1401 971 1448 ob
996 1420 1196 1468 pravum
1227 1419 1443 1461 sensum7
1474 1403 1555 1467 qui
1578 1401 1731 1450 eidem
1762 1402 1920 1465 affingi

215 1487 426 1544 poterat,
451 1488 590 1544 atque
613 1478 808 1526 abusum
830 1515 841 1537 7
868 1480 947 1543 qui
976 1497 999 1525 a
1027 1480 1194 1526 Graecis
1215 1482 1320 1541 jure
1341 1478 1596 1525 timebatur
1613 1515 1625 1538 7
1647 1495 1805 1533 con0.‚·
1836 1495 1920 1543 per

216 1574 265 1603 se
281 1592 294 1615 7
325 1556 520 1621 perinde
549 1574 600 1602 ac
618 1557 656 1603 si
679 1574 800 1604 rom.
823 1556 1033 1602 Pontifici
1060 1573 1132 1603 res
1155 1573 1239 1621 per
1259 1555 1375 1603 illud
1406 1556 1656 1619 significata
1676 1573 1772 1602 non
1793 1572 1920 1601 com-

218 1641 427 1697 peteret,
464 1650 566 1697 neq.
608 1634 783 1679 Omnes
818 1642 1020 1691 norunt7
1055 1650 1147 1696 quo
1182 1631 1433 1679 tenderent
1463 1632 1672 1697 Episcopi
1695 1632 1921 1678 Constan-

222 1707 548 1774 tinopolitani,
585 1726 757 1773 nempe
796 1708 854 1755 ad
892 1726 939 1755 se
978 1709 1163 1773 penitus
1206 1707 1476 1755 eximendos
1501 1726 1526 1754 a
1555 1708 1735 1754 romani
1762 1706 1922 1753 Ponti-

219 1785 315 1832 ficis
356 1785 657 1844 auctoritate,
706 1786 768 1831 ita
813 1794 864 1831 ut
909 1802 1067 1832 eorum
1110 1784 1349 1831 audaciam
1390 1784 1462 1832 vel
1512 1785 1708 1849 ipsemet
1746 1782 1921 1828 Phocas

221 1878 538 1925 compescere,
570 1863 666 1908 imo
702 1862 913 1924 frangere
949 1859 1163 1908 debuerit
1190 1861 1278 1923 (3).
1305 1862 1411 1907 Jam
1437 1861 1560 1907 enim
1589 1858 1680 1905 alte
1715 1859 1921 1922 ipsorum

221 1939 404 1984 animos
425 1939 661 2003 persuasio
692 1946 997 2002 occupaverat
1016 1973 1028 1996 7
1050 1938 1306 2002 primatum
1330 1936 1457 1984 Sedis
1485 1935 1677 1998 alicujus
1707 1933 1766 1980 ab
1795 1932 1922 1980 urbis

222 2013 476 2077 dignitate,
520 2015 715 2080 imperio
748 2031 799 2060 ac
837 2013 1145 2079 amplitudine
1184 2011 1405 2077 pendere.
1453 2013 1569 2058 Cum
1605 2011 1745 2074 igitur
1770 2011 1926 2072 Impe-

222 2091 346 2137 rium
371 2090 653 2138 occidentale
678 2090 984 2137 barbarorum
1005 2089 1267 2154 direptione
1290 2089 1581 2148 evanuisset,
1610 2087 1926 2148 emineretque

224 2171 321 2230 ejus
353 2167 452 2215 vice
490 2167 742 2233 Imperium
781 2166 1033 2224 orientale,
1076 2183 1129 2213 eo
1175 2166 1450 2228 arrogantiae
1488 2164 1780 2211 devenerunt
1820 2159 1928 2224 Epi-

225 2245 350 2309 scopi
386 2243 892 2309 Constantinopolitani
911 2279 923 2302 7
952 2251 1004 2288 ut
1032 2260 1129 2289 non
1150 2242 1356 2289 contenti
1382 2238 1731 2307 praeeminentia
1753 2273 1765 2296 7
1787 2252 1929 2302 quam

226 2320 509 2368 affectabant
543 2338 682 2386 super
707 2319 1044 2385 patriarchatus
1083 2317 1448 2365 Alexandrinum
1474 2326 1521 2363 et
1560 2314 1930 2370 Anffiocheuum,

228 2395 315 2442 sibi
344 2397 486 2444 etiam
522 2396 774 2458 subjicere,
809 2397 846 2441 si
880 2395 979 2442 fieri
1011 2395 1264 2460 potuisset7
1303 2394 1453 2459 ipsam
1482 2408 1727 2439 romanam
1762 2388 1930 2437 Sedem

229 2472 581 2520 contenderent.
622 2475 865 2537 Perceptos
885 2470 1067 2533 jamdiu
1097 2470 1286 2517 timores
1320 2470 1469 2516 exitus
1500 2465 1821 2533 comprobavit
1840 2463 1928 2529 (4).

287 2669 340 2719 (l)
371 2667 451 2707 Cfr.
476 2682 557 2720 quae
584 2668 757 2720 praeclare
786 2668 883 2705 hanc
907 2669 946 2704 in
972 2682 1049 2706 rem
1116 2666 1300 2714 bicariis,
1317 2679 1460 2718 capa,
1487 2666 1550 2703 cit.
1563 2662 1748 2715 opp.edit.
1761 2668 1852 2697 tom.
1869 2671 1928 2706 iv,

232 2734 358 2773 scribit
383 2733 618 2780 Muzzarelli,
647 2735 686 2771 in
721 2734 783 2770 cit.
825 2734 966 2773 dissert.
993 2730 1019 2782 4
1039 2762 1050 2782 7
1117 2733 1188 2771 col.
1216 2744 1282 2785 29.

233 2797 307 2839 An
317 2811 491 2837 summus
513 2798 721 2850 Pontifex,
751 2806 821 2837 etc.
845 2811 933 2851 pag.
954 2797 1048 2838 352.
1170 2799 1222 2849 (A)
1255 2797 1303 2836 Ut
1328 2805 1427 2850 patet
1447 2811 1491 2835 ex
1506 2795 1701 2833 schismate
1722 2787 1901 2827 Photiano
1915 2817 1927 2835 ,

289 2866 345 2918 (2)
375 2865 454 2905 Cfr.
479 2866 570 2904 ibid.
587 2881 672 2918 pag.
699 2863 778 2915 376
801 2874 836 2905 et
860 2880 968 2918 seqq.
1118 2866 1319 2903 instaurato
1332 2864 1503 2913 deinceps
1516 2856 1721 2899 aMichaele
1731 2854 1930 2893 Cerulario.

290 2931 343 2984 (3)
374 2931 452 2971 Cfr.
499 2931 718 2970 Sirmondus
735 2960 746 2976 7
793 2933 835 2969 in
880 2931 1054 2969 Censura
1119 2929 1233 2980 Cujus
1256 2930 1462 2967 schismatis
1487 2926 1649 2977 germina
1671 2921 1813 2975 jamdiu
1833 2920 1932 2958 fove-

235 2998 428 3039 dissertat.
442 2997 617 3036 secundm
641 2998 686 3036 de
711 2996 898 3036 Ecclesiis
913 2997 1052 3035 subur·
1121 2995 1257 3033 bantur
1277 2996 1317 3033 in
1345 2992 1504 3032 Ecclesia
1523 2986 1929 3039 constantinopolitana
