2028 3354
174 225 270 274 204

664 239 819 272 TRACT.
858 242 913 272 m:
948 242 1067 274 touls
1102 244 1403 276 THEOLOGICIS.

175 375 303 407 cono.
325 377 340 411 ‚·
360 355 448 403 alio
467 370 603 402 sensu
618 389 632 412 ,
655 371 760 418 neq.
795 353 961 402 Nullus
982 355 1224 405 haereticus
1243 375 1294 406 ac
1315 358 1632 406 schismaticus
1651 356 1887 406 voluisset-

177 453 225 482 se
260 447 476 495 separare
508 430 565 476 ab
602 430 797 478 Ecclesia
836 448 1031 478 romana
1072 448 1153 478 seu
1189 434 1438 494 catholica,
1481 434 1736 482 dummodo
1774 435 1872 482 haec

176 525 307 576 passa
343 507 533 565 fuisset5
558 516 612 554 ut
634 524 812 554 errores
847 524 953 554 suos
980 517 1028 554 et
1051 524 1320 573 perversam
1349 511 1516 574 agendi
1548 510 1873 576 sentiendique

176 587 404 632 rationem
424 583 618 648 impune
638 584 914 631 retinerent.
933 586 1053 643 Cum
1075 601 1187 631 vero
1204 584 1326 631 hanc
1340 595 1540 651 nequeat
1557 587 1870 633 conditionem

176 659 423 707 admittere
454 659 649 706 Ecclesia
682 677 877 706 romana
907 676 988 706 seu
1021 659 1243 707 catholica
1262 697 1274 719 7
1306 670 1456 707 custos
1484 671 1531 709 et
1566 663 1734 711 vindex
1764 662 1871 710 fidei

177 745 318 801 atque
348 735 572 794 unitatis7
608 734 715 781 data
749 736 862 800 ipsis
896 752 1082 800 semper
1116 737 1243 801 optio
1277 745 1346 783 est
1375 746 1454 783 aut
1481 737 1690 799 ejurandi
1726 756 1872 804 prava

181 812 422 875 dogmata,
454 819 535 857 aut
557 811 1089 858 excommunicationem
1119 810 1365 859 subeundi.
1399 812 1467 859 Ita
1492 829 1539 858 se
1564 814 1701 876 gessit
1729 816 1872 860 etiam

176 887 436 947 Luffierus,
473 888 648 934 fatente
673 887 773 951 ipso
803 887 1101 946 adversari03
1145 888 1207 934 ita
1236 887 1419 952 reliqui.
1451 890 1553 936 Non
1582 897 1652 935 est
1677 888 1873 936 Ecclesia

176 981 367 1011 romana
397 963 607 1011 adinstar
639 963 906 1021 arundinis,
948 981 1050 1028 quae
1088 964 1150 1010 ad
1202 981 1392 1010 omnem
1428 981 1526 1012 sese
1568 962 1725 1011 flectat
1760 981 1875 1011 ven-

177 1049 307 1100 tum3
343 1039 423 1087 sed
463 1048 532 1088 est
561 1039 809 1088 aedificium
835 1038 1084 1086 fundatum
1111 1056 1251 1103 supra
1285 1040 1468 1086 firmam
1505 1049 1716 1105 petram,
1750 1040 1878 1105 quod

178 1133 265 1164 nec
302 1117 431 1165 venti
464 1133 550 1163 nec
578 1116 750 1181 pluviae
780 1115 856 1165 vel
890 1115 1096 1162 turbines
1128 1115 1367 1163 dimovere
1398 1125 1612 1180 possunt.
1638 1117 1880 1181 Quotquot

178 1192 375 1258 proinde
407 1192 578 1239 nolunt
609 1210 657 1239 se
693 1191 949 1255 subjicere,
984 1192 1250 1255 impingunt
1283 1192 1330 1238 in
1370 1191 1491 1239 hanc
1522 1200 1703 1256 petram
1736 1201 1879 1257 atque

178 1269 475 1333 franguntur.
493 1270 672 1316 Veritas
689 1268 815 1315 enim
828 1270 1017 1315 Domini
1033 1276 1192 1314 manet
1203 1268 1252 1314 in
1273 1277 1515 1315 aeternum.
1538 1269 1672 1315 Certe
1692 1269 1729 1314 si
1746 1269 1876 1315 Hen-

178 1344 298 1393 ricus
328 1363 437 1405 vm,
463 1355 624 1392 auctor
644 1344 904 1397 schismatis
923 1380 935 1403 7
972 1346 1199 1409 potuisset
1216 1379 1228 1403 ,
1258 1344 1446 1392 vivente
1472 1343 1677 1407 legitima
1703 1361 1845 1391 uxore
1863 1381 1876 1403 ,

180 1420 319 1469 aliam
339 1422 536 1480 ducere3
559 1421 596 1467 si
611 1421 835 1486 potuisset
850 1421 1106 1485 primatum
1129 1419 1216 1466 sibi
1236 1420 1471 1468 vindicare
1485 1420 1846 1467 ecclesiasticum
1862 1457 1875 1479 .‚

182 1499 338 1545 omnia
360 1515 529 1562 susque
555 1497 707 1561 deque
738 1498 788 1543 in
811 1497 1110 1544 ecclesiastica
1139 1495 1381 1561 disciplina
1405 1497 1633 1542 innovare
1656 1496 1849 1560 impune
1864 1531 1877 1554 a
1897 1490 1901 1495 ‘

181 1592 425 1640 nunquam
455 1591 504 1622 se
534 1572 591 1621 ab
618 1572 817 1620 Ecclesia
853 1590 1044 1620 romana
1065 1609 1078 1631 .,
1113 1571 1163 1618 id
1196 1581 1266 1619 est
1296 1571 1546 1630 catholica,
1576 1572 1882 1634 sejunxisset3

184 1668 350 1700 verum
380 1668 486 1698 cum
519 1650 614 1698 haec
644 1651 860 1715 componi
891 1651 1015 1696 inter
1046 1665 1094 1695 se
1126 1648 1321 1695 minime
1352 1656 1570 1713 possent,
1595 1656 1702 1712 post
1725 1645 1880 1712 plures

182 1728 567 1776 comminationes
596 1727 766 1773 frustra
796 1743 822 1772 a
850 1728 984 1772 Rom.
1011 1725 1231 1771 Pontifice
1259 1724 1400 1771 factas
1417 1760 1428 1782 a
1461 1722 1654 1770 demum
1684 1732 1879 1770 ventum

184 1813 254 1852 est
283 1803 342 1851 ad
373 1813 636 1851 extremum
671 1801 789 1848 illud
815 1800 1306 1848 excommunicationis
1332 1799 1592 1847 remedium
1622 1798 1710 1860 (l)
1745 1797 1880 1857 Quod

183 1879 242 1928 de
272 1880 539 1926 continuata
580 1877 796 1924 subditur
823 1875 1148 1938 conjunctione
1180 1893 1287 1923 cum
1312 1875 1508 1924 Ecclesia
1538 1874 1790 1934 catholica,
1825 1882 1880 1921 ut

185 1972 306 2021 saepe
329 1955 654 2002 adnotavimus
669 1990 681 2007 ,
703 1953 898 2016 intelligi
917 1951 1057 1999 debet
1070 1953 1128 1998 de
1151 1969 1291 2017 opere
1306 1987 1318 2011 ,
1342 1961 1395 1998 ut
1413 1952 1477 1999 ita
1498 1951 1649 1998 dicam
1665 1987 1678 2010 ,
1699 1950 1881 1999 musivo

185 2031 245 2079 ab
271 2032 542 2080 adversariis
575 2031 792 2089 invecto:,
832 2046 944 2076 nam
982 2028 1110 2075 nulla
1137 2027 1224 2074 alia
1262 2027 1400 2073 datur
1432 2027 1629 2075 Ecclesia
1657 2027 1879 2074 catholica

187 2117 356 2175 praeter
378 2108 624 2156 Ecclesiam
644 2123 886 2153 romanam
900 2142 913 2160 ,
936 2122 1043 2152 cum
1065 2122 1155 2170 qua
1182 2103 1498 2151 identificatur
1519 2104 1607 2167 (2).

251 2186 361 2233 315.
403 2185 471 2233 Ad
503 2186 616 2245 llm,
650 2186 775 2233 Dz'st.
810 2182 878 2230 Ad
913 2179 1242 2247 praecavendos
1275 2180 1445 2228 abusus
1478 2180 1692 2239 fictitios,
1720 2195 1880 2232 conc.;

186 2374 374 2411 numentis
395 2386 438 2411 ac
461 2373 608 2423 regestis
627 2372 725 2410 illius
749 2371 921 2421 temporis
941 2370 1000 2407 in-

185 2435 350 2475 venitur.
387 2435 446 2474 Ab
486 2437 544 2474 his
571 2443 695 2474 tamen
726 2435 912 2486 Episcopis
940 2448 999 2472 ea-

186 2501 346 2551 demque
367 2501 411 2538 ad
435 2502 610 2539 amussim
627 2500 742 2538 forma
768 2506 999 2537 consecratus

187 2567 306 2605 fuerat
328 2565 475 2605 Parker.
501 2565 609 2604 Nunc
631 2578 715 2603 vero
740 2564 906 2616 Episcopi
935 2578 1001 2602 an-

190 2631 325 2684 glicani
343 2631 544 2682 gloriantur
576 2630 622 2669 de
649 2629 882 2668 successione
905 2642 996 2681 apo-

188 2695 352 2734 stolica!

244 2763 295 2812 (Ι)
324 2760 402 2800 Cfr.
433 2760 543 2799 Card,
587 2759 795 2799 pallavicini
820 2789 830 2807 ‚
869 2758 1000 2800 Storia

188 2826 248 2865 del
273 2825 447 2866 Concilio
460 2826 503 2864 di
523 2825 680 2875 Tremo,
697 2825 766 2864 lib.
779 2839 820 2873 ιι,
835 2840 916 2878 cap.
935 2838 999 2877 17,

189 2901 226 2932 et
258 2892 325 2932 lib.
358 2906 427 2940 m,
467 2905 549 2944 cap.
594 2891 670 2942 ¹53
710 2900 790 2930 tum
826 2891 998 2931 Nicolaus

192 2958 394 3009 Sanderus,
429 2957 494 2996 De
529 2957 679 3009 oriqine
720 2970 766 2995 ao
794 2969 1001 3010 proqressu

190 3025 408 3064 schismatis
432 3022 635 3076 anqlioani
670 3023 740 3064 lib.
767 3030 868 3076 eren,
896 3025 1004 3064 avecti

1058 2382 1131 2421 per
1163 2366 1397 2408 Eduardum
1433 2367 1718 2414 Rihsthonum‚
1753 2366 1880 2405 Romae

1070 2432 1199 2483 1586,
1227 2444 1262 2473 et
1287 2448 1373 2473 cum
1407 2434 1615 2485 appendice
1640 2432 1736 2472 Petri
1767 2431 1880 2471 Riha—

1064 2500 1219 2539 deneirae
1234 2530 1244 2546 ‚
1260 2499 1422 2539 Coloniae
1436 2498 1644 2551 Agrippinae
1663 2497 1764 2552 1590
1786 2509 1880 2548 3nec

1065 2579 1141 2604 non
1166 2565 1349 2618 Lingard,
1372 2579 1435 2616 op.
1461 2567 1527 2604 cit.

1115 2630 1168 2682 (2)
1200 2632 1375 2682 Appositc
1398 2630 1439 2670 S.
1469 2629 1715 2682 Hieronymus
1734 2628 1784 2666 sic
1809 2641 1873 2665 ur-

1064 2697 1171 2750 gebat
1197 2696 1413 2745 Ruffinum,
1438 2698 1479 2735 in
1495 2694 1658 2748 Apoloq.
1687 2704 1702 2731 1
1719 2723 1730 2741 ‚
1757 2707 1796 2732 n.
1824 2692 1876 2744 4,

1066 2764 1155 2802 edit.
1185 2763 1343 2803 Vallars.
1371 2762 1512 2801 Fidem
1537 2772 1646 2798 suam
1674 2771 1787 2809 quam
1813 2772 1878 2797 vo-

1066 2832 1159 2867 cat?
1186 2828 1362 2872 Eamne,
1389 2841 1465 2879 qua
1488 2836 1648 2865 romana
1661 2823 1772 2877 pollet
1797 2821 1875 2863 Εσ-

1063 2892 1210 2932 clesia?
1236 2898 1305 2933 An
1335 2892 1472 2937 illam,
1505 2902 1591 2942 quw
1619 2890 1663 2927 in
1688 2888 1874 2940 Oriqenis

1064 2957 1325 2997 voluminibus
1340 2955 1590 2996 continetur?
1611 2952 1663 2994 Si
1676 2968 1877 2994 romanam

1071 3023 1305 3076 responderit
1319 3053 1330 3072 ‚
1353 3034 1440 3073 erqo
1466 3020 1645 3060 catholici
1665 3034 1811 3060 sumus.
