<?xml version="1.0" encoding="UTF-8"?>
<!DOCTYPE html PUBLIC "-//W3C//DTD XHTML 1.0 Transitional//EN"
    "http://www.w3.org/TR/xhtml1/DTD/xhtml1-transitional.dtd">
<html xmlns="http://www.w3.org/1999/xhtml" xml:lang="en" lang="en">
 <head>
  <title>
</title>
<meta http-equiv="Content-Type" content="text/html;charset=utf-8" />
  <meta name='ocr-system' content='tesseract 3.04.00' />
  <meta name='ocr-capabilities' content='ocr_page ocr_carea ocr_par ocr_line ocrx_word'/>
</head>
<body>
  <div class='ocr_page' id='page_1' title='image "./praelectionestheo08perruoft/praelectionestheo08perruoft_0083.png"; bbox 0 0 2028 3354; ppageno 0'>
   <div class='ocr_carea' id='block_1_1' title="bbox 402 205 1791 257">
    <p class='ocr_par' dir='ltr' id='par_1_1' title="bbox 402 205 1791 257">
     <span class='ocr_line' id='line_1_1' title="bbox 402 205 1791 257; baseline -0.001 -2"><span class='ocrx_word' id='word_1_1' title='bbox 402 227 524 257; x_wconf 77' lang='lat' dir='ltr'>PART.</span> <span class='ocrx_word' id='word_1_2' title='bbox 561 226 592 256; x_wconf 84' lang='lat'>1.</span> <span class='ocrx_word' id='word_1_3' title='bbox 627 225 723 255; x_wconf 81' lang='lat' dir='ltr'>CAP.</span> <span class='ocrx_word' id='word_1_4' title='bbox 760 224 810 255; x_wconf 87' lang='lat'>11.</span> <span class='ocrx_word' id='word_1_5' title='bbox 848 224 901 253; x_wconf 85' lang='lat' dir='ltr'>DE</span> <span class='ocrx_word' id='word_1_6' title='bbox 937 222 1111 253; x_wconf 69' lang='lat' dir='ltr'>canlsrl</span> <span class='ocrx_word' id='word_1_7' title='bbox 1145 222 1266 253; x_wconf 87' lang='lat' dir='ltr'>ECCL.</span> <span class='ocrx_word' id='word_1_8' title='bbox 1303 222 1502 253; x_wconf 67' lang='lat' dir='ltr'>consur.</span> <span class='ocrx_word' id='word_1_9' title='bbox 1730 205 1791 254; x_wconf 80' lang='grc'>71</span> 
     </span>
    </p>
   </div>
   <div class='ocr_carea' id='block_1_2' title="bbox 94 333 1819 2816">
    <p class='ocr_par' dir='ltr' id='par_1_2' title="bbox 113 333 1794 553">
     <span class='ocr_line' id='line_1_2' title="bbox 114 333 1792 403; baseline -0.003 -16"><span class='ocrx_word' id='word_1_10' title='bbox 114 339 245 387; x_wconf 90' lang='lat' dir='ltr'>nobis</span> <span class='ocrx_word' id='word_1_11' title='bbox 273 337 530 403; x_wconf 86' lang='lat' dir='ltr'>praestanda</span> <span class='ocrx_word' id='word_1_12' title='bbox 563 346 696 396; x_wconf 76' lang='lat' dir='ltr'>sunt,</span> <span class='ocrx_word' id='word_1_13' title='bbox 737 334 1048 384; x_wconf 90' lang='lat' dir='ltr'>evincendum</span> <span class='ocrx_word' id='word_1_14' title='bbox 1076 334 1274 394; x_wconf 76' lang='lat' dir='ltr'>scilicet7</span> <span class='ocrx_word' id='word_1_15' title='bbox 1309 344 1355 382; x_wconf 87' lang='lat' dir='ltr'>et</span> <span class='ocrx_word' id='word_1_16' title='bbox 1390 351 1553 398; x_wconf 89' lang='lat' dir='ltr'>corpus</span> <span class='ocrx_word' id='word_1_17' title='bbox 1583 333 1792 382; x_wconf 80' lang='lat' dir='ltr'>Ecclesiae</span> 
     </span>
     <span class='ocr_line' id='line_1_3' title="bbox 114 411 1794 479; baseline -0.004 -16"><span class='ocrx_word' id='word_1_18' title='bbox 114 432 245 479; x_wconf 86' lang='lat' dir='ltr'>agere</span> <span class='ocrx_word' id='word_1_19' title='bbox 274 416 324 461; x_wconf 92' lang='lat' dir='ltr'>in</span> <span class='ocrx_word' id='word_1_20' title='bbox 350 414 584 472; x_wconf 70' lang='lat' dir='ltr'>animam,</span> <span class='ocrx_word' id='word_1_21' title='bbox 616 422 663 460; x_wconf 90' lang='lat' dir='ltr'>et</span> <span class='ocrx_word' id='word_1_22' title='bbox 691 412 895 459; x_wconf 89' lang='lat' dir='ltr'>animam</span> <span class='ocrx_word' id='word_1_23' title='bbox 930 411 1130 458; x_wconf 88' lang='lat' dir='ltr'>vicissim</span> <span class='ocrx_word' id='word_1_24' title='bbox 1155 411 1210 457; x_wconf 59' lang='lat' dir='ltr'>in*</span> <span class='ocrx_word' id='word_1_25' title='bbox 1233 427 1398 476; x_wconf 88' lang='lat' dir='ltr'>corpus</span> <span class='ocrx_word' id='word_1_26' title='bbox 1431 419 1478 457; x_wconf 91' lang='lat' dir='ltr'>et</span> <span class='ocrx_word' id='word_1_27' title='bbox 1512 425 1595 474; x_wconf 89' lang='lat' dir='ltr'>per</span> <span class='ocrx_word' id='word_1_28' title='bbox 1626 427 1794 474; x_wconf 89' lang='lat' dir='ltr'>corpus</span> 
     </span>
     <span class='ocr_line' id='line_1_4' title="bbox 113 488 722 553; baseline -0.005 -15"><span class='ocrx_word' id='word_1_29' title='bbox 113 491 316 553; x_wconf 88' lang='lat' dir='ltr'>ejusdem</span> <span class='ocrx_word' id='word_1_30' title='bbox 345 488 550 536; x_wconf 69' lang='lat' dir='ltr'>Ecclesiae</span> <span class='ocrx_word' id='word_1_31' title='bbox 572 505 722 552; x_wconf 88' lang='lat' dir='ltr'>agere.</span> 
     </span>
    </p>

    <p class='ocr_par' dir='ltr' id='par_1_3' title="bbox 106 560 1798 1151">
     <span class='ocr_line' id='line_1_5' title="bbox 179 560 1798 628; baseline -0.002 -17"><span class='ocrx_word' id='word_1_32' title='bbox 179 566 287 611; x_wconf 89' lang='lat'><strong>121.</strong></span> <span class='ocrx_word' id='word_1_33' title='bbox 326 566 381 611; x_wconf 82' lang='lat' dir='ltr'>Et</span> <span class='ocrx_word' id='word_1_34' title='bbox 407 565 613 628; x_wconf 90' lang='lat' dir='ltr'>primum</span> <span class='ocrx_word' id='word_1_35' title='bbox 631 562 820 628; x_wconf 89' lang='lat' dir='ltr'>quidem</span> <span class='ocrx_word' id='word_1_36' title='bbox 850 562 926 609; x_wconf 86' lang='lat' dir='ltr'>vix</span> <span class='ocrx_word' id='word_1_37' title='bbox 948 560 1220 625; x_wconf 84' lang='lat' dir='ltr'>probatione</span> <span class='ocrx_word' id='word_1_38' title='bbox 1242 560 1418 622; x_wconf 84' lang='lat' dir='ltr'><strong>indiget</strong></span> <span class='ocrx_word' id='word_1_39' title='bbox 1433 594 1446 618; x_wconf 77' lang='grc'><em>,</em></span> <span class='ocrx_word' id='word_1_40' title='bbox 1487 577 1595 608; x_wconf 90' lang='lat' dir='ltr'>cum</span> <span class='ocrx_word' id='word_1_41' title='bbox 1617 569 1664 608; x_wconf 90' lang='lat' dir='ltr'>et</span> <span class='ocrx_word' id='word_1_42' title='bbox 1689 563 1798 608; x_wconf 85' lang='lat' dir='ltr'>Pro-</span> 
     </span>
     <span class='ocr_line' id='line_1_6' title="bbox 112 634 1798 704; baseline -0.002 -18"><span class='ocrx_word' id='word_1_43' title='bbox 112 649 332 688; x_wconf 89' lang='lat' dir='ltr'>testantes</span> <span class='ocrx_word' id='word_1_44' title='bbox 351 640 440 704; x_wconf 90' lang='lat' dir='ltr'>ipsi</span> <span class='ocrx_word' id='word_1_45' title='bbox 458 640 710 697; x_wconf 67' lang='lat' dir='ltr'>fateantur,</span> <span class='ocrx_word' id='word_1_46' title='bbox 732 655 818 702; x_wconf 91' lang='lat' dir='ltr'>per</span> <span class='ocrx_word' id='word_1_47' title='bbox 836 637 920 683; x_wconf 87' lang='lat' dir='ltr'>Dei</span> <span class='ocrx_word' id='word_1_48' title='bbox 936 634 1130 682; x_wconf 87' lang='lat' dir='ltr'>verbum</span> <span class='ocrx_word' id='word_1_49' title='bbox 1151 652 1231 681; x_wconf 90' lang='lat' dir='ltr'>seu</span> <span class='ocrx_word' id='word_1_50' title='bbox 1251 634 1630 699; x_wconf 75' lang='lat' dir='ltr'>praedicationem</span> <span class='ocrx_word' id='word_1_51' title='bbox 1642 637 1798 686; x_wconf 89' lang='lat' dir='ltr'>Evan-</span> 
     </span>
     <span class='ocr_line' id='line_1_7' title="bbox 109 708 1797 780; baseline -0.001 -19"><span class='ocrx_word' id='word_1_52' title='bbox 109 715 212 778; x_wconf 87' lang='lat' dir='ltr'>gelii</span> <span class='ocrx_word' id='word_1_53' title='bbox 246 724 384 780; x_wconf 84' lang='lat' dir='ltr'>atque</span> <span class='ocrx_word' id='word_1_54' title='bbox 424 733 508 779; x_wconf 88' lang='lat' dir='ltr'>per</span> <span class='ocrx_word' id='word_1_55' title='bbox 549 716 842 761; x_wconf 82' lang='lat' dir='ltr'>Sacramenta</span> <span class='ocrx_word' id='word_1_56' title='bbox 872 710 994 772; x_wconf 81' lang='lat' dir='ltr'><strong>gigni</strong></span> <span class='ocrx_word' id='word_1_57' title='bbox 1022 710 1072 754; x_wconf 87' lang='lat' dir='ltr'>in</span> <span class='ocrx_word' id='word_1_58' title='bbox 1107 708 1240 756; x_wconf 90' lang='lat' dir='ltr'>nobis</span> <span class='ocrx_word' id='word_1_59' title='bbox 1271 710 1566 757; x_wconf 83' lang='lat' dir='ltr'>sanctitatem</span> <span class='ocrx_word' id='word_1_60' title='bbox 1585 746 1598 769; x_wconf 64' lang='lat'><em>7</em></span> <span class='ocrx_word' id='word_1_61' title='bbox 1631 728 1685 758; x_wconf 91' lang='lat' dir='ltr'>ac</span> <span class='ocrx_word' id='word_1_62' title='bbox 1712 730 1797 777; x_wconf 88' lang='lat' dir='ltr'>per</span> 
     </span>
     <span class='ocr_line' id='line_1_8' title="bbox 108 783 1795 855; baseline -0.002 -18"><span class='ocrx_word' id='word_1_63' title='bbox 108 791 393 855; x_wconf 88' lang='lat' dir='ltr'>Baptismum</span> <span class='ocrx_word' id='word_1_64' title='bbox 413 791 462 835; x_wconf 82' lang='lat' dir='ltr'>in</span> <span class='ocrx_word' id='word_1_65' title='bbox 481 791 630 853; x_wconf 87' lang='lat' dir='ltr'>specie</span> <span class='ocrx_word' id='word_1_66' title='bbox 656 804 739 834; x_wconf 91' lang='lat' dir='ltr'>nos</span> <span class='ocrx_word' id='word_1_67' title='bbox 766 784 971 849; x_wconf 85' lang='lat' dir='ltr'>cooptari</span> <span class='ocrx_word' id='word_1_68' title='bbox 990 784 1039 829; x_wconf 93' lang='lat' dir='ltr'>in</span> <span class='ocrx_word' id='word_1_69' title='bbox 1060 783 1270 831; x_wconf 85' lang='lat' dir='ltr'>Ecclesiae</span> <span class='ocrx_word' id='word_1_70' title='bbox 1296 802 1482 849; x_wconf 87' lang='lat' dir='ltr'>corpus.</span> <span class='ocrx_word' id='word_1_71' title='bbox 1510 786 1557 832; x_wconf 89' lang='lat' dir='ltr'>Si</span> <span class='ocrx_word' id='word_1_72' title='bbox 1578 803 1669 850; x_wconf 89' lang='lat' dir='ltr'>qua</span> <span class='ocrx_word' id='word_1_73' title='bbox 1689 804 1795 834; x_wconf 86' lang='lat' dir='ltr'>con-</span> 
     </span>
     <span class='ocr_line' id='line_1_9' title="bbox 108 860 1796 929; baseline -0.001 -18"><span class='ocrx_word' id='word_1_74' title='bbox 108 867 330 913; x_wconf 86' lang='lat' dir='ltr'>troversia</span> <span class='ocrx_word' id='word_1_75' title='bbox 358 866 480 929; x_wconf 81' lang='lat' dir='ltr'>viget</span> <span class='ocrx_word' id='word_1_76' title='bbox 493 898 509 921; x_wconf 87' lang='lat'><em>,</em></span> <span class='ocrx_word' id='word_1_77' title='bbox 530 864 623 911; x_wconf 87' lang='lat' dir='ltr'>haec</span> <span class='ocrx_word' id='word_1_78' title='bbox 639 870 734 908; x_wconf 90' lang='lat' dir='ltr'>tota</span> <span class='ocrx_word' id='word_1_79' title='bbox 758 868 968 909; x_wconf 88' lang='lat' dir='ltr'>versatur</span> <span class='ocrx_word' id='word_1_80' title='bbox 993 860 1112 905; x_wconf 89' lang='lat' dir='ltr'>circa</span> <span class='ocrx_word' id='word_1_81' title='bbox 1135 860 1332 907; x_wconf 89' lang='lat' dir='ltr'>modum</span> <span class='ocrx_word' id='word_1_82' title='bbox 1351 896 1363 917; x_wconf 59' lang='lat' dir='ltr'>a</span> <span class='ocrx_word' id='word_1_83' title='bbox 1380 876 1472 924; x_wconf 90' lang='lat' dir='ltr'>quo</span> <span class='ocrx_word' id='word_1_84' title='bbox 1498 861 1796 911; x_wconf 83' lang='lat' dir='ltr'>Sacramenta</span> 
     </span>
     <span class='ocr_line' id='line_1_10' title="bbox 106 934 1796 1002; baseline -0.002 -15"><span class='ocrx_word' id='word_1_85' title='bbox 106 940 229 987; x_wconf 89' lang='lat' dir='ltr'>hunc</span> <span class='ocrx_word' id='word_1_86' title='bbox 248 941 459 987; x_wconf 87' lang='lat' dir='ltr'>effectum</span> <span class='ocrx_word' id='word_1_87' title='bbox 477 937 762 1002; x_wconf 74' lang='lat' dir='ltr'>producant,</span> <span class='ocrx_word' id='word_1_88' title='bbox 784 945 944 982; x_wconf 90' lang='lat' dir='ltr'>utrum</span> <span class='ocrx_word' id='word_1_89' title='bbox 967 934 1141 982; x_wconf 91' lang='lat' dir='ltr'>scilicet</span> <span class='ocrx_word' id='word_1_90' title='bbox 1159 953 1243 999; x_wconf 89' lang='lat' dir='ltr'>per</span> <span class='ocrx_word' id='word_1_91' title='bbox 1266 953 1314 983; x_wconf 89' lang='lat' dir='ltr'>se</span> <span class='ocrx_word' id='word_1_92' title='bbox 1348 945 1395 983; x_wconf 87' lang='lat' dir='ltr'>et</span> <span class='ocrx_word' id='word_1_93' title='bbox 1419 936 1711 996; x_wconf 70' lang='lat' dir='ltr'>immediate,</span> <span class='ocrx_word' id='word_1_94' title='bbox 1742 948 1796 985; x_wconf 89' lang='lat' dir='ltr'>ut</span> 
     </span>
     <span class='ocr_line' id='line_1_11' title="bbox 106 1011 1791 1072; baseline -0.001 -10"><span class='ocrx_word' id='word_1_95' title='bbox 106 1016 397 1063; x_wconf 89' lang='lat' dir='ltr'>contendunt</span> <span class='ocrx_word' id='word_1_96' title='bbox 420 1012 640 1060; x_wconf 84' lang='lat' dir='ltr'>Catholici</span> <span class='ocrx_word' id='word_1_97' title='bbox 659 1048 671 1072; x_wconf 66' lang='lat' dir='ltr'>a</span> <span class='ocrx_word' id='word_1_98' title='bbox 691 1029 752 1059; x_wconf 88' lang='lat' dir='ltr'>an</span> <span class='ocrx_word' id='word_1_99' title='bbox 779 1029 891 1060; x_wconf 86' lang='lat' dir='ltr'>vero</span> <span class='ocrx_word' id='word_1_100' title='bbox 919 1011 1155 1059; x_wconf 84' lang='lat' dir='ltr'>mediante</span> <span class='ocrx_word' id='word_1_101' title='bbox 1178 1011 1269 1059; x_wconf 90' lang='lat' dir='ltr'>fide</span> <span class='ocrx_word' id='word_1_102' title='bbox 1287 1049 1300 1071; x_wconf 62' lang='lat'>7</span> <span class='ocrx_word' id='word_1_103' title='bbox 1325 1021 1379 1058; x_wconf 90' lang='lat' dir='ltr'>ut</span> <span class='ocrx_word' id='word_1_104' title='bbox 1404 1021 1652 1060; x_wconf 83' lang='lat' dir='ltr'>autumant</span> <span class='ocrx_word' id='word_1_105' title='bbox 1675 1014 1791 1061; x_wconf 71' lang='lat' dir='ltr'>Pro—</span> 
     </span>
     <span class='ocr_line' id='line_1_12' title="bbox 107 1089 441 1151; baseline -0.003 -15"><span class='ocrx_word' id='word_1_106' title='bbox 107 1100 328 1138; x_wconf 89' lang='lat' dir='ltr'>testantes</span> <span class='ocrx_word' id='word_1_107' title='bbox 353 1089 441 1151; x_wconf 83' lang='grc'>(1)</span> 
     </span>
    </p>

    <p class='ocr_par' dir='ltr' id='par_1_4' title="bbox 99 1163 1793 1531">
     <span class='ocr_line' id='line_1_13' title="bbox 170 1163 1789 1230; baseline 0.001 -19"><span class='ocrx_word' id='word_1_108' title='bbox 170 1166 274 1211; x_wconf 86' lang='lat'><strong>122.</strong></span> <span class='ocrx_word' id='word_1_109' title='bbox 309 1165 525 1228; x_wconf 84' lang='lat' dir='ltr'>Superest</span> <span class='ocrx_word' id='word_1_110' title='bbox 550 1163 689 1227; x_wconf 89' lang='lat' dir='ltr'>igitur</span> <span class='ocrx_word' id='word_1_111' title='bbox 722 1164 935 1212; x_wconf 89' lang='lat' dir='ltr'>evincere</span> <span class='ocrx_word' id='word_1_112' title='bbox 952 1199 964 1222; x_wconf 85' lang='lat'>,</span> <span class='ocrx_word' id='word_1_113' title='bbox 986 1164 1114 1228; x_wconf 87' lang='lat' dir='ltr'>quod</span> <span class='ocrx_word' id='word_1_114' title='bbox 1139 1164 1292 1211; x_wconf 87' lang='lat' dir='ltr'>anima</span> <span class='ocrx_word' id='word_1_115' title='bbox 1319 1173 1423 1228; x_wconf 87' lang='lat' dir='ltr'>agat</span> <span class='ocrx_word' id='word_1_116' title='bbox 1440 1166 1489 1210; x_wconf 92' lang='lat' dir='ltr'>in</span> <span class='ocrx_word' id='word_1_117' title='bbox 1506 1181 1698 1230; x_wconf 87' lang='lat' dir='ltr'>corpus,</span> <span class='ocrx_word' id='word_1_118' title='bbox 1724 1166 1789 1214; x_wconf 88' lang='lat' dir='ltr'>ita</span> 
     </span>
     <span class='ocr_line' id='line_1_14' title="bbox 101 1240 1793 1306; baseline 0.002 -20"><span class='ocrx_word' id='word_1_119' title='bbox 101 1249 153 1286; x_wconf 92' lang='lat' dir='ltr'>ut</span> <span class='ocrx_word' id='word_1_120' title='bbox 179 1240 378 1287; x_wconf 89' lang='lat' dir='ltr'>exterius</span> <span class='ocrx_word' id='word_1_121' title='bbox 402 1256 450 1286; x_wconf 91' lang='lat' dir='ltr'>se</span> <span class='ocrx_word' id='word_1_122' title='bbox 478 1240 646 1304; x_wconf 71' lang='lat' dir='ltr'>prodat</span> <span class='ocrx_word' id='word_1_123' title='bbox 673 1240 865 1287; x_wconf 82' lang='lat' dir='ltr'>interior</span> <span class='ocrx_word' id='word_1_124' title='bbox 891 1240 1112 1286; x_wconf 86' lang='lat' dir='ltr'>sanctitas</span> <span class='ocrx_word' id='word_1_125' title='bbox 1135 1247 1237 1286; x_wconf 90' lang='lat' dir='ltr'>tum</span> <span class='ocrx_word' id='word_1_126' title='bbox 1262 1257 1347 1305; x_wconf 87' lang='lat' dir='ltr'>per</span> <span class='ocrx_word' id='word_1_127' title='bbox 1378 1241 1456 1306; x_wconf 87' lang='lat' dir='ltr'>pia</span> <span class='ocrx_word' id='word_1_128' title='bbox 1487 1258 1657 1305; x_wconf 83' lang='lat' dir='ltr'>opera,</span> <span class='ocrx_word' id='word_1_129' title='bbox 1689 1251 1793 1290; x_wconf 89' lang='lat' dir='ltr'>tum</span> 
     </span>
     <span class='ocr_line' id='line_1_15' title="bbox 100 1310 1783 1381; baseline 0.002 -19"><span class='ocrx_word' id='word_1_130' title='bbox 100 1316 239 1363; x_wconf 86' lang='lat' dir='ltr'>etiam</span> <span class='ocrx_word' id='word_1_131' title='bbox 270 1333 355 1381; x_wconf 87' lang='lat' dir='ltr'>per</span> <span class='ocrx_word' id='word_1_132' title='bbox 384 1315 747 1363; x_wconf 79' lang='lat' dir='ltr'>extraordinaria</span> <span class='ocrx_word' id='word_1_133' title='bbox 779 1315 855 1362; x_wconf 88' lang='lat' dir='ltr'>illa</span> <span class='ocrx_word' id='word_1_134' title='bbox 892 1315 1043 1375; x_wconf 88' lang='lat' dir='ltr'>dona,</span> <span class='ocrx_word' id='word_1_135' title='bbox 1085 1315 1253 1380; x_wconf 87' lang='lat' dir='ltr'>quibus</span> <span class='ocrx_word' id='word_1_136' title='bbox 1286 1318 1408 1363; x_wconf 88' lang='lat' dir='ltr'>Deus</span> <span class='ocrx_word' id='word_1_137' title='bbox 1434 1310 1675 1366; x_wconf 84' lang='lat' dir='ltr'>consuevit</span> <span class='ocrx_word' id='word_1_138' title='bbox 1706 1318 1783 1365; x_wconf 82' lang='lat' dir='ltr'>in·</span> 
     </span>
     <span class='ocr_line' id='line_1_16' title="bbox 100 1390 1785 1455; baseline 0.003 -19"><span class='ocrx_word' id='word_1_139' title='bbox 100 1392 275 1455; x_wconf 76' lang='lat' dir='ltr'>signem</span> <span class='ocrx_word' id='word_1_140' title='bbox 308 1391 643 1438; x_wconf 87' lang='lat' dir='ltr'>nonnullorum</span> <span class='ocrx_word' id='word_1_141' title='bbox 671 1392 877 1439; x_wconf 84' lang='lat' dir='ltr'>Ecclesiae</span> <span class='ocrx_word' id='word_1_142' title='bbox 899 1390 1220 1438; x_wconf 87' lang='lat' dir='ltr'>membrorum</span> <span class='ocrx_word' id='word_1_143' title='bbox 1238 1392 1534 1440; x_wconf 84' lang='lat' dir='ltr'>sanctitatem</span> <span class='ocrx_word' id='word_1_144' title='bbox 1559 1410 1785 1441; x_wconf 89' lang='lat' dir='ltr'>exornare</span> 
     </span>
     <span class='ocr_line' id='line_1_17' title="bbox 99 1464 780 1531; baseline 0.001 -18"><span class='ocrx_word' id='word_1_145' title='bbox 99 1483 149 1513; x_wconf 89' lang='lat' dir='ltr'>ac</span> <span class='ocrx_word' id='word_1_146' title='bbox 175 1467 321 1515; x_wconf 82' lang='lat' dir='ltr'>veluti</span> <span class='ocrx_word' id='word_1_147' title='bbox 348 1464 493 1530; x_wconf 90' lang='lat' dir='ltr'>sigillo</span> <span class='ocrx_word' id='word_1_148' title='bbox 524 1466 780 1531; x_wconf 81' lang='lat' dir='ltr'>obsignare.</span> 
     </span>
    </p>

    <p class='ocr_par' dir='ltr' id='par_1_5' title="bbox 94 1541 1819 2586">
     <span class='ocr_line' id='line_1_18' title="bbox 165 1541 1789 1607; baseline 0.001 -18"><span class='ocrx_word' id='word_1_149' title='bbox 165 1543 273 1589; x_wconf 78' lang='lat'><strong>123.</strong></span> <span class='ocrx_word' id='word_1_150' title='bbox 309 1545 334 1589; x_wconf 85' lang='lat' dir='ltr'>J</span> <span class='ocrx_word' id='word_1_151' title='bbox 340 1560 413 1588; x_wconf 87' lang='lat' dir='ltr'>am</span> <span class='ocrx_word' id='word_1_152' title='bbox 428 1559 538 1589; x_wconf 90' lang='lat' dir='ltr'>vero</span> <span class='ocrx_word' id='word_1_153' title='bbox 565 1543 834 1589; x_wconf 90' lang='lat' dir='ltr'>interiorem</span> <span class='ocrx_word' id='word_1_154' title='bbox 852 1542 993 1589; x_wconf 90' lang='lat' dir='ltr'>fidem</span> <span class='ocrx_word' id='word_1_155' title='bbox 1023 1541 1233 1606; x_wconf 85' lang='lat' dir='ltr'>patefieri</span> <span class='ocrx_word' id='word_1_156' title='bbox 1250 1558 1333 1606; x_wconf 90' lang='lat' dir='ltr'>per</span> <span class='ocrx_word' id='word_1_157' title='bbox 1348 1552 1592 1591; x_wconf 86' lang='lat' dir='ltr'>externam</span> <span class='ocrx_word' id='word_1_158' title='bbox 1606 1544 1789 1607; x_wconf 86' lang='lat' dir='ltr'>profes-—</span> 
     </span>
     <span class='ocr_line' id='line_1_19' title="bbox 99 1616 1785 1684; baseline 0.001 -19"><span class='ocrx_word' id='word_1_159' title='bbox 99 1619 276 1666; x_wconf 88' lang='lat' dir='ltr'>sionem</span> <span class='ocrx_word' id='word_1_160' title='bbox 300 1627 346 1665; x_wconf 91' lang='lat' dir='ltr'>et</span> <span class='ocrx_word' id='word_1_161' title='bbox 379 1617 555 1665; x_wconf 90' lang='lat' dir='ltr'>cultum</span> <span class='ocrx_word' id='word_1_162' title='bbox 582 1618 856 1666; x_wconf 78' lang='lat' dir='ltr'>exteriorem</span> <span class='ocrx_word' id='word_1_163' title='bbox 871 1652 886 1679; x_wconf 83' lang='lat'>,</span> <span class='ocrx_word' id='word_1_164' title='bbox 910 1618 989 1683; x_wconf 85' lang='lat' dir='ltr'>qui</span> <span class='ocrx_word' id='word_1_165' title='bbox 1009 1618 1111 1664; x_wconf 88' lang='lat' dir='ltr'>Deo</span> <span class='ocrx_word' id='word_1_166' title='bbox 1137 1616 1385 1664; x_wconf 84' lang='lat' dir='ltr'>exhibetur</span> <span class='ocrx_word' id='word_1_167' title='bbox 1400 1653 1412 1677; x_wconf 79' lang='grc'><em>,</em></span> <span class='ocrx_word' id='word_1_168' title='bbox 1437 1635 1578 1664; x_wconf 90' lang='lat' dir='ltr'>nemo</span> <span class='ocrx_word' id='word_1_169' title='bbox 1608 1627 1679 1665; x_wconf 91' lang='lat' dir='ltr'>est</span> <span class='ocrx_word' id='word_1_170' title='bbox 1704 1620 1785 1684; x_wconf 87' lang='lat' dir='ltr'>qui</span> 
     </span>
     <span class='ocr_line' id='line_1_20' title="bbox 96 1692 1784 1759; baseline 0.001 -19"><span class='ocrx_word' id='word_1_171' title='bbox 96 1693 315 1756; x_wconf 85' lang='lat' dir='ltr'>ambigat.</span> <span class='ocrx_word' id='word_1_172' title='bbox 346 1694 552 1758; x_wconf 88' lang='lat' dir='ltr'>Idipsum</span> <span class='ocrx_word' id='word_1_173' title='bbox 568 1693 747 1741; x_wconf 89' lang='lat' dir='ltr'>dicatur</span> <span class='ocrx_word' id='word_1_174' title='bbox 767 1694 824 1742; x_wconf 91' lang='lat' dir='ltr'>de</span> <span class='ocrx_word' id='word_1_175' title='bbox 844 1711 944 1759; x_wconf 74' lang='lat' dir='ltr'>spe⁷</span> <span class='ocrx_word' id='word_1_176' title='bbox 975 1697 1102 1755; x_wconf 87' lang='lat' dir='ltr'>cujus</span> <span class='ocrx_word' id='word_1_177' title='bbox 1123 1693 1168 1740; x_wconf 90' lang='lat' dir='ltr'>vi</span> <span class='ocrx_word' id='word_1_178' title='bbox 1192 1694 1265 1752; x_wconf 82' lang='lat' dir='ltr'>fit,</span> <span class='ocrx_word' id='word_1_179' title='bbox 1281 1702 1333 1739; x_wconf 91' lang='lat' dir='ltr'>ut</span> <span class='ocrx_word' id='word_1_180' title='bbox 1356 1692 1599 1758; x_wconf 88' lang='lat' dir='ltr'>culparum</span> <span class='ocrx_word' id='word_1_181' title='bbox 1617 1695 1784 1741; x_wconf 90' lang='lat' dir='ltr'>remis-</span> 
     </span>
     <span class='ocr_line' id='line_1_21' title="bbox 96 1768 1781 1835; baseline 0.001 -19"><span class='ocrx_word' id='word_1_182' title='bbox 96 1771 274 1817; x_wconf 89' lang='lat' dir='ltr'>sionem</span> <span class='ocrx_word' id='word_1_183' title='bbox 303 1787 326 1816; x_wconf 88' lang='lat' dir='ltr'>a</span> <span class='ocrx_word' id='word_1_184' title='bbox 355 1771 450 1816; x_wconf 91' lang='lat' dir='ltr'>Deo</span> <span class='ocrx_word' id='word_1_185' title='bbox 474 1778 686 1834; x_wconf 90' lang='lat' dir='ltr'>petamus</span> <span class='ocrx_word' id='word_1_186' title='bbox 720 1779 860 1835; x_wconf 90' lang='lat' dir='ltr'>atque</span> <span class='ocrx_word' id='word_1_187' title='bbox 891 1778 1187 1834; x_wconf 82' lang='lat' dir='ltr'>expectemus</span> <span class='ocrx_word' id='word_1_188' title='bbox 1207 1805 1219 1827; x_wconf 65' lang='lat'>7</span> <span class='ocrx_word' id='word_1_189' title='bbox 1255 1786 1412 1833; x_wconf 85' lang='lat' dir='ltr'>preces</span> <span class='ocrx_word' id='word_1_190' title='bbox 1445 1768 1503 1815; x_wconf 90' lang='lat' dir='ltr'>ad</span> <span class='ocrx_word' id='word_1_191' title='bbox 1535 1787 1643 1817; x_wconf 90' lang='lat' dir='ltr'>eum</span> <span class='ocrx_word' id='word_1_192' title='bbox 1670 1770 1781 1817; x_wconf 87' lang='lat' dir='ltr'>fun-</span> 
     </span>
     <span class='ocr_line' id='line_1_22' title="bbox 97 1843 1779 1910; baseline 0 -18"><span class='ocrx_word' id='word_1_193' title='bbox 97 1846 200 1892; x_wconf 92' lang='lat' dir='ltr'>dam</span> <span class='ocrx_word' id='word_1_194' title='bbox 210 1863 259 1892; x_wconf 90' lang='lat' dir='ltr'>us</span> <span class='ocrx_word' id='word_1_195' title='bbox 278 1881 290 1904; x_wconf 78' lang='lat'>,</span> <span class='ocrx_word' id='word_1_196' title='bbox 321 1854 373 1891; x_wconf 82' lang='lat' dir='ltr'>ut</span> <span class='ocrx_word' id='word_1_197' title='bbox 393 1844 545 1892; x_wconf 89' lang='lat' dir='ltr'>media</span> <span class='ocrx_word' id='word_1_198' title='bbox 559 1845 724 1892; x_wconf 89' lang='lat' dir='ltr'>idonea</span> <span class='ocrx_word' id='word_1_199' title='bbox 750 1845 1061 1904; x_wconf 70' lang='lat' dir='ltr'>obtineamus,</span> <span class='ocrx_word' id='word_1_200' title='bbox 1078 1843 1245 1910; x_wconf 88' lang='lat' dir='ltr'>quibus</span> <span class='ocrx_word' id='word_1_201' title='bbox 1263 1845 1311 1891; x_wconf 93' lang='lat' dir='ltr'>in</span> <span class='ocrx_word' id='word_1_202' title='bbox 1334 1844 1483 1906; x_wconf 85' lang='lat' dir='ltr'>officio</span> <span class='ocrx_word' id='word_1_203' title='bbox 1501 1854 1779 1909; x_wconf 71' lang='lat' dir='ltr'>perstemus,</span> 
     </span>
     <span class='ocr_line' id='line_1_23' title="bbox 94 1920 1780 1987; baseline 0 -19"><span class='ocrx_word' id='word_1_204' title='bbox 94 1938 411 1987; x_wconf 79' lang='lat' dir='ltr'>expugnemus</span> <span class='ocrx_word' id='word_1_205' title='bbox 439 1920 598 1968; x_wconf 84' lang='lat' dir='ltr'>salutis</span> <span class='ocrx_word' id='word_1_206' title='bbox 632 1930 802 1968; x_wconf 70' lang='lat' dir='ltr'>nostrae</span> <span class='ocrx_word' id='word_1_207' title='bbox 836 1920 1150 1980; x_wconf 73' lang='lat' dir='ltr'>adversarios,</span> <span class='ocrx_word' id='word_1_208' title='bbox 1189 1920 1331 1967; x_wconf 86' lang='lat' dir='ltr'>ardua</span> <span class='ocrx_word' id='word_1_209' title='bbox 1368 1920 1687 1984; x_wconf 81' lang='lat' dir='ltr'>aggrediamur</span> <span class='ocrx_word' id='word_1_210' title='bbox 1720 1921 1780 1968; x_wconf 86' lang='lat' dir='ltr'>ad</span> 
     </span>
     <span class='ocr_line' id='line_1_24' title="bbox 94 1995 1778 2061; baseline 0.001 -19"><span class='ocrx_word' id='word_1_211' title='bbox 94 1996 290 2044; x_wconf 87' lang='lat' dir='ltr'>salutem</span> <span class='ocrx_word' id='word_1_212' title='bbox 325 1995 461 2043; x_wconf 91' lang='lat' dir='ltr'>nobis</span> <span class='ocrx_word' id='word_1_213' title='bbox 493 1996 871 2061; x_wconf 87' lang='lat' dir='ltr'>comparandam.</span> <span class='ocrx_word' id='word_1_214' title='bbox 907 1997 1117 2061; x_wconf 89' lang='lat' dir='ltr'>Denique</span> <span class='ocrx_word' id='word_1_215' title='bbox 1156 1996 1459 2060; x_wconf 86' lang='lat' dir='ltr'>patefacimus</span> <span class='ocrx_word' id='word_1_216' title='bbox 1502 1996 1778 2044; x_wconf 86' lang='lat' dir='ltr'>charitatem</span> 
     </span>
     <span class='ocr_line' id='line_1_25' title="bbox 94 2071 1774 2137; baseline 0.001 -19"><span class='ocrx_word' id='word_1_217' title='bbox 94 2082 194 2119; x_wconf 92' lang='lat' dir='ltr'>tum</span> <span class='ocrx_word' id='word_1_218' title='bbox 217 2072 266 2118; x_wconf 91' lang='lat' dir='ltr'>in</span> <span class='ocrx_word' id='word_1_219' title='bbox 294 2072 578 2137; x_wconf 86' lang='lat' dir='ltr'>exequendis</span> <span class='ocrx_word' id='word_1_220' title='bbox 609 2073 695 2120; x_wconf 91' lang='lat' dir='ltr'>Dei</span> <span class='ocrx_word' id='word_1_221' title='bbox 720 2071 952 2119; x_wconf 87' lang='lat' dir='ltr'>mandatis</span> <span class='ocrx_word' id='word_1_222' title='bbox 974 2108 987 2130; x_wconf 73' lang='grc'><em>,</em></span> <span class='ocrx_word' id='word_1_223' title='bbox 1013 2075 1148 2133; x_wconf 86' lang='lat' dir='ltr'>juxta</span> <span class='ocrx_word' id='word_1_224' title='bbox 1178 2071 1295 2118; x_wconf 89' lang='lat' dir='ltr'>illud</span> <span class='ocrx_word' id='word_1_225' title='bbox 1326 2071 1497 2118; x_wconf 90' lang='lat' dir='ltr'>Christi</span> <span class='ocrx_word' id='word_1_226' title='bbox 1531 2072 1727 2120; x_wconf 87' lang='lat' dir='ltr'>effatum</span> <span class='ocrx_word' id='word_1_227' title='bbox 1762 2090 1774 2119; x_wconf 92' lang='lat'>:</span> 
     </span>
     <span class='ocr_line' id='line_1_26' title="bbox 98 2148 1777 2211; baseline 0 -17"><span class='ocrx_word' id='word_1_228' title='bbox 98 2149 197 2211; x_wconf 76' lang='lat' dir='ltr'>Qui</span> <span class='ocrx_word' id='word_1_229' title='bbox 223 2149 363 2195; x_wconf 76' lang='lat' dir='ltr'>hahet</span> <span class='ocrx_word' id='word_1_230' title='bbox 386 2149 619 2195; x_wconf 77' lang='lat' dir='ltr'>mandata</span> <span class='ocrx_word' id='word_1_231' title='bbox 649 2165 755 2195; x_wconf 82' lang='lat' dir='ltr'>mea</span> <span class='ocrx_word' id='word_1_232' title='bbox 792 2156 836 2195; x_wconf 75' lang='lat' dir='ltr'>et</span> <span class='ocrx_word' id='word_1_233' title='bbox 870 2156 1026 2194; x_wconf 78' lang='lat' dir='ltr'>servat</span> <span class='ocrx_word' id='word_1_234' title='bbox 1051 2164 1132 2202; x_wconf 84' lang='lat' dir='ltr'>ea,</span> <span class='ocrx_word' id='word_1_235' title='bbox 1169 2149 1248 2193; x_wconf 74' lang='lat' dir='ltr'>ille</span> <span class='ocrx_word' id='word_1_236' title='bbox 1275 2156 1341 2194; x_wconf 74' lang='lat' dir='ltr'>est</span> <span class='ocrx_word' id='word_1_237' title='bbox 1378 2149 1477 2210; x_wconf 81' lang='lat' dir='ltr'>qui·</span> <span class='ocrx_word' id='word_1_238' title='bbox 1495 2148 1658 2211; x_wconf 69' lang='lat' dir='ltr'>diliqz&#39;t</span> <span class='ocrx_word' id='word_1_239' title='bbox 1685 2166 1777 2196; x_wconf 85' lang='lat' dir='ltr'>me.</span> 
     </span>
     <span class='ocr_line' id='line_1_27' title="bbox 101 2223 1777 2287; baseline -0.001 -16"><span class='ocrx_word' id='word_1_240' title='bbox 101 2224 196 2285; x_wconf 78' lang='lat' dir='ltr'>Qui</span> <span class='ocrx_word' id='word_1_241' title='bbox 222 2233 379 2271; x_wconf 81' lang='lat' dir='ltr'>autem</span> <span class='ocrx_word' id='word_1_242' title='bbox 415 2225 576 2287; x_wconf 62' lang='lat' dir='ltr'>diligit</span> <span class='ocrx_word' id='word_1_243' title='bbox 606 2241 704 2282; x_wconf 68' lang='lat' dir='ltr'>me,</span> <span class='ocrx_word' id='word_1_244' title='bbox 727 2224 957 2287; x_wconf 56' lang='lat' dir='ltr'>dilzjqetur</span> <span class='ocrx_word' id='word_1_245' title='bbox 990 2240 1021 2268; x_wconf 84' lang='lat' dir='ltr'>a</span> <span class='ocrx_word' id='word_1_246' title='bbox 1052 2223 1194 2269; x_wconf 80' lang='lat' dir='ltr'>Patre</span> <span class='ocrx_word' id='word_1_247' title='bbox 1227 2239 1326 2270; x_wconf 80' lang='lat' dir='ltr'>meo</span> <span class='ocrx_word' id='word_1_248' title='bbox 1343 2237 1363 2278; x_wconf 82' lang='lat'>,⁰</span> <span class='ocrx_word' id='word_1_249' title='bbox 1391 2231 1437 2269; x_wconf 77' lang='lat' dir='ltr'>et</span> <span class='ocrx_word' id='word_1_250' title='bbox 1463 2239 1539 2286; x_wconf 70' lang='lat' dir='ltr'>eqo</span> <span class='ocrx_word' id='word_1_251' title='bbox 1572 2223 1777 2286; x_wconf 70' lang='lat' dir='ltr'>dz&#39;lz&#39;qam</span> 
     </span>
     <span class='ocr_line' id='line_1_28' title="bbox 97 2296 1819 2364; baseline 0.001 -22"><span class='ocrx_word' id='word_1_252' title='bbox 97 2314 202 2343; x_wconf 80' lang='lat' dir='ltr'>eum</span> <span class='ocrx_word' id='word_1_253' title='bbox 233 2300 333 2362; x_wconf 75' lang='lat'>(2)3</span> <span class='ocrx_word' id='word_1_254' title='bbox 366 2309 465 2345; x_wconf 89' lang='lat' dir='ltr'>tum</span> <span class='ocrx_word' id='word_1_255' title='bbox 491 2300 633 2346; x_wconf 86' lang='lat' dir='ltr'>etiam</span> <span class='ocrx_word' id='word_1_256' title='bbox 661 2316 745 2364; x_wconf 89' lang='lat' dir='ltr'>per</span> <span class='ocrx_word' id='word_1_257' title='bbox 772 2308 900 2346; x_wconf 89' lang='lat' dir='ltr'>actus</span> <span class='ocrx_word' id='word_1_258' title='bbox 923 2296 1204 2357; x_wconf 88' lang='lat' dir='ltr'>dilectionis,</span> <span class='ocrx_word' id='word_1_259' title='bbox 1224 2298 1274 2344; x_wconf 90' lang='lat' dir='ltr'>in</span> <span class='ocrx_word' id='word_1_260' title='bbox 1303 2315 1417 2362; x_wconf 91' lang='lat' dir='ltr'>quos</span> <span class='ocrx_word' id='word_1_261' title='bbox 1448 2299 1771 2360; x_wconf 83' lang='lat' dir='ltr'>erumpimus3</span> <span class='ocrx_word' id='word_1_262' title='bbox 1816 2326 1819 2330; x_wconf 94' lang='lat'>·</span> 
     </span>
     <span class='ocr_line' id='line_1_29' title="bbox 96 2372 1776 2437; baseline 0.001 -20"><span class='ocrx_word' id='word_1_263' title='bbox 96 2381 198 2418; x_wconf 89' lang='lat' dir='ltr'>tum</span> <span class='ocrx_word' id='word_1_264' title='bbox 222 2372 412 2420; x_wconf 88' lang='lat' dir='ltr'>demum</span> <span class='ocrx_word' id='word_1_265' title='bbox 443 2375 494 2420; x_wconf 91' lang='lat' dir='ltr'>in</span> <span class='ocrx_word' id='word_1_266' title='bbox 527 2373 793 2423; x_wconf 86' lang='lat' dir='ltr'>exercendis</span> <span class='ocrx_word' id='word_1_267' title='bbox 819 2373 1056 2421; x_wconf 87' lang='lat' dir='ltr'>charitatis</span> <span class='ocrx_word' id='word_1_268' title='bbox 1080 2373 1295 2437; x_wconf 88' lang='lat' dir='ltr'>operibus</span> <span class='ocrx_word' id='word_1_269' title='bbox 1319 2381 1365 2419; x_wconf 92' lang='lat' dir='ltr'>et</span> <span class='ocrx_word' id='word_1_270' title='bbox 1384 2372 1706 2419; x_wconf 79' lang='lat' dir='ltr'>misericordiae</span> <span class='ocrx_word' id='word_1_271' title='bbox 1726 2372 1776 2419; x_wconf 90' lang='lat' dir='ltr'>in</span> 
     </span>
     <span class='ocr_line' id='line_1_30' title="bbox 94 2437 1766 2515; baseline 0.001 -21"><span class='ocrx_word' id='word_1_272' title='bbox 94 2437 385 2513; x_wconf 76' lang='lat' dir='ltr'>proximum3</span> <span class='ocrx_word' id='word_1_273' title='bbox 419 2450 543 2515; x_wconf 91' lang='lat' dir='ltr'>quod</span> <span class='ocrx_word' id='word_1_274' title='bbox 562 2460 608 2498; x_wconf 88' lang='lat' dir='ltr'>et</span> <span class='ocrx_word' id='word_1_275' title='bbox 637 2450 695 2498; x_wconf 90' lang='lat' dir='ltr'>de</span> <span class='ocrx_word' id='word_1_276' title='bbox 729 2449 976 2499; x_wconf 89' lang='lat' dir='ltr'>virtutibus</span> <span class='ocrx_word' id='word_1_277' title='bbox 1004 2448 1189 2513; x_wconf 86' lang='lat' dir='ltr'>reliquis</span> <span class='ocrx_word' id='word_1_278' title='bbox 1224 2447 1391 2496; x_wconf 89' lang='lat' dir='ltr'>exinde</span> <span class='ocrx_word' id='word_1_279' title='bbox 1427 2448 1766 2513; x_wconf 88' lang='lat' dir='ltr'>prodeuntibus</span> 
     </span>
     <span class='ocr_line' id='line_1_31' title="bbox 97 2522 1643 2586; baseline 0.001 -16"><span class='ocrx_word' id='word_1_280' title='bbox 97 2533 178 2570; x_wconf 91' lang='lat' dir='ltr'>aut</span> <span class='ocrx_word' id='word_1_281' title='bbox 201 2524 301 2570; x_wconf 86' lang='lat' dir='ltr'>illas</span> <span class='ocrx_word' id='word_1_282' title='bbox 330 2525 656 2573; x_wconf 87' lang='lat' dir='ltr'>comitantibus</span> <span class='ocrx_word' id='word_1_283' title='bbox 680 2525 740 2572; x_wconf 90' lang='lat' dir='ltr'>ob</span> <span class='ocrx_word' id='word_1_284' title='bbox 763 2524 972 2572; x_wconf 89' lang='lat' dir='ltr'>eamdem</span> <span class='ocrx_word' id='word_1_285' title='bbox 1001 2525 1229 2571; x_wconf 88' lang='lat' dir='ltr'>rationem</span> <span class='ocrx_word' id='word_1_286' title='bbox 1261 2523 1457 2586; x_wconf 85' lang='lat' dir='ltr'>intelligi</span> <span class='ocrx_word' id='word_1_287' title='bbox 1488 2522 1643 2571; x_wconf 88' lang='lat' dir='ltr'>dehet.</span> 
     </span>
    </p>

    <p class='ocr_par' dir='ltr' id='par_1_6' title="bbox 94 2599 1772 2816">
     <span class='ocr_line' id='line_1_32' title="bbox 158 2599 1771 2664; baseline 0.001 -19"><span class='ocrx_word' id='word_1_288' title='bbox 158 2599 267 2646; x_wconf 80' lang='lat'><strong>124.</strong></span> <span class='ocrx_word' id='word_1_289' title='bbox 308 2601 424 2646; x_wconf 89' lang='lat' dir='ltr'>Cum</span> <span class='ocrx_word' id='word_1_290' title='bbox 451 2608 609 2647; x_wconf 87' lang='lat' dir='ltr'>autem</span> <span class='ocrx_word' id='word_1_291' title='bbox 628 2602 875 2648; x_wconf 88' lang='lat' dir='ltr'>exteriores</span> <span class='ocrx_word' id='word_1_292' title='bbox 895 2599 1117 2661; x_wconf 89' lang='lat' dir='ltr'>ejusmodi</span> <span class='ocrx_word' id='word_1_293' title='bbox 1145 2609 1300 2659; x_wconf 70' lang='lat' dir='ltr'>actus,</span> <span class='ocrx_word' id='word_1_294' title='bbox 1329 2615 1382 2647; x_wconf 90' lang='lat' dir='ltr'>ac</span> <span class='ocrx_word' id='word_1_295' title='bbox 1412 2607 1656 2664; x_wconf 88' lang='lat' dir='ltr'>propterea</span> <span class='ocrx_word' id='word_1_296' title='bbox 1687 2616 1771 2646; x_wconf 84' lang='lat' dir='ltr'>ex-</span> 
     </span>
     <span class='ocr_line' id='line_1_33' title="bbox 94 2673 1769 2740; baseline 0.001 -19"><span class='ocrx_word' id='word_1_297' title='bbox 94 2675 234 2722; x_wconf 88' lang='lat' dir='ltr'>terior</span> <span class='ocrx_word' id='word_1_298' title='bbox 257 2675 355 2740; x_wconf 89' lang='lat' dir='ltr'>ipsa</span> <span class='ocrx_word' id='word_1_299' title='bbox 375 2674 591 2722; x_wconf 88' lang='lat' dir='ltr'>sanctitas</span> <span class='ocrx_word' id='word_1_300' title='bbox 609 2711 622 2733; x_wconf 76' lang='grc'>,</span> <span class='ocrx_word' id='word_1_301' title='bbox 653 2676 748 2723; x_wconf 88' lang='lat' dir='ltr'>sive</span> <span class='ocrx_word' id='word_1_302' title='bbox 765 2684 942 2740; x_wconf 89' lang='lat' dir='ltr'>spectes</span> <span class='ocrx_word' id='word_1_303' title='bbox 970 2674 1248 2739; x_wconf 85' lang='lat' dir='ltr'>principium</span> <span class='ocrx_word' id='word_1_304' title='bbox 1265 2710 1277 2734; x_wconf 74' lang='lat'><strong>‚</strong></span> <span class='ocrx_word' id='word_1_305' title='bbox 1302 2692 1359 2723; x_wconf 86' lang='lat' dir='ltr'>ex</span> <span class='ocrx_word' id='word_1_306' title='bbox 1380 2692 1472 2740; x_wconf 91' lang='lat' dir='ltr'>quo</span> <span class='ocrx_word' id='word_1_307' title='bbox 1497 2673 1741 2722; x_wconf 87' lang='lat' dir='ltr'>dimanant</span> <span class='ocrx_word' id='word_1_308' title='bbox 1756 2710 1769 2734; x_wconf 82' lang='lat'>‚</span> 
     </span>
     <span class='ocr_line' id='line_1_34' title="bbox 94 2749 1772 2816; baseline -0.001 -19"><span class='ocrx_word' id='word_1_309' title='bbox 94 2750 191 2799; x_wconf 87' lang='lat' dir='ltr'>sive</span> <span class='ocrx_word' id='word_1_310' title='bbox 206 2751 458 2810; x_wconf 62' lang='lat' dir='ltr'>motivum,</span> <span class='ocrx_word' id='word_1_311' title='bbox 473 2767 565 2815; x_wconf 92' lang='lat' dir='ltr'>quo</span> <span class='ocrx_word' id='word_1_312' title='bbox 576 2751 678 2816; x_wconf 89' lang='lat' dir='ltr'>quis</span> <span class='ocrx_word' id='word_1_313' title='bbox 693 2751 752 2798; x_wconf 91' lang='lat' dir='ltr'>ad</span> <span class='ocrx_word' id='word_1_314' title='bbox 769 2768 845 2798; x_wconf 92' lang='lat' dir='ltr'>eos</span> <span class='ocrx_word' id='word_1_315' title='bbox 856 2749 1109 2799; x_wconf 90' lang='lat' dir='ltr'>moliendos</span> <span class='ocrx_word' id='word_1_316' title='bbox 1121 2759 1443 2815; x_wconf 74' lang='lat' dir='ltr'>permovetur,</span> <span class='ocrx_word' id='word_1_317' title='bbox 1464 2751 1560 2800; x_wconf 83' lang='lat' dir='ltr'>sive</span> <span class='ocrx_word' id='word_1_318' title='bbox 1579 2749 1772 2798; x_wconf 90' lang='lat' dir='ltr'>demum</span> 
     </span>
    </p>
   </div>
   <div class='ocr_carea' id='block_1_3' title="bbox 100 2890 1422 3040">
    <p class='ocr_par' dir='ltr' id='par_1_7' title="bbox 100 2890 1422 3040">
     <span class='ocr_line' id='line_1_35' title="bbox 153 2890 1422 2972; baseline 0.004 -16"><span class='ocrx_word' id='word_1_319' title='bbox 153 2919 204 2970; x_wconf 85' lang='lat'>(1)</span> <span class='ocrx_word' id='word_1_320' title='bbox 234 2919 310 2958; x_wconf 80' lang='lat' dir='ltr'>Cfr.</span> <span class='ocrx_word' id='word_1_321' title='bbox 349 2928 452 2960; x_wconf 76' lang='lat' dir='ltr'>tract.</span> <span class='ocrx_word' id='word_1_322' title='bbox 481 2918 538 2960; x_wconf 80' lang='lat' dir='ltr'>De</span> <span class='ocrx_word' id='word_1_323' title='bbox 573 2920 811 2961; x_wconf 72' lang='lat' dir='ltr'>Sacrament.</span> <span class='ocrx_word' id='word_1_324' title='bbox 849 2890 892 2960; x_wconf 68' lang='lat' dir='ltr'>ini</span> <span class='ocrx_word' id='word_1_325' title='bbox 1029 2920 1084 2971; x_wconf 77' lang='lat'>(2)</span> <span class='ocrx_word' id='word_1_326' title='bbox 1109 2921 1217 2962; x_wconf 80' lang='lat' dir='ltr'>Joan.</span> <span class='ocrx_word' id='word_1_327' title='bbox 1248 2935 1330 2972; x_wconf 82' lang='lat' dir='ltr'>xiv,</span> <span class='ocrx_word' id='word_1_328' title='bbox 1355 2935 1422 2962; x_wconf 82' lang='lat'>21.</span> 
     </span>
     <span class='ocr_line' id='line_1_36' title="bbox 100 2983 777 3040; baseline 0.009 -19"><span class='ocrx_word' id='word_1_329' title='bbox 100 2997 256 3035; x_wconf 64' lang='lat' dir='ltr'>ymera,</span> <span class='ocrx_word' id='word_1_330' title='bbox 283 2998 362 3037; x_wconf 85' lang='lat' dir='ltr'>cap.</span> <span class='ocrx_word' id='word_1_331' title='bbox 390 2998 412 3024; x_wconf 85' lang='lat'><em>2</em></span> <span class='ocrx_word' id='word_1_332' title='bbox 429 3014 442 3035; x_wconf 92' lang='lat'>‚</span> <span class='ocrx_word' id='word_1_333' title='bbox 468 3000 509 3026; x_wconf 86' lang='lat' dir='ltr'>n.</span> <span class='ocrx_word' id='word_1_334' title='bbox 536 2983 587 3036; x_wconf 76' lang='grc'>43</span> <span class='ocrx_word' id='word_1_335' title='bbox 614 2995 649 3027; x_wconf 84' lang='lat' dir='ltr'>et</span> <span class='ocrx_word' id='word_1_336' title='bbox 673 3000 777 3040; x_wconf 84' lang='lat' dir='ltr'>seqq.</span> 
     </span>
    </p>
   </div>
  </div>
 </body>
</html>
