2028 3354
1670 171 1758 220 127

436 196 561 224 PART.
600 193 637 223 1.
671 194 768 223 GAP.
807 192 873 221 ΠΙ.
911 192 964 220 DE
998 189 1212 220 EGGLESIAE
1245 190 1387 221 NO'rls.

86 322 156 361 est
173 348 185 370 ,
218 310 387 358 directe
416 308 628 355 ordinata
661 323 759 355 esse
785 306 844 354 ad
868 305 1271 354 confirmationem
1294 303 1501 353 fidelium
1525 304 1595 369 (l)
1622 313 1761 371 atque

88 388 147 436 ad
176 386 433 434 infidelium
467 384 820 432 conversionem
838 418 850 441 ,
885 398 1026 430 nemo
1054 389 1214 429 tamen
1244 381 1502 445 negaverit,
1539 380 1762 429 indirecte

88 464 252 512 saltem
282 480 334 510 ea
357 461 563 509 conferre
593 459 653 507 ad
677 457 1075 525 patefaciendum,
1105 466 1286 521 gratum
1306 465 1636 522 acceptumque
1666 459 1763 505 Deo

88 558 184 589 esse
208 548 378 587 coetum
401 538 559 596 illum,
581 538 631 583 in
655 553 746 600 quo
765 534 860 583 solo
887 534 1118 581 ordinarie
1134 534 1267 579 fiunt.
1288 533 1441 591 Quaeri
1460 533 1650 598 insuper
1659 537 1763 596 jure

88 625 244 682 posset
275 613 333 662 ab
362 613 634 662 adversariis
651 648 663 671 7
699 612 778 675 qui
807 611 910 668 fiat,
940 618 992 655 ut
1020 607 1244 669 ejusmodi
1267 606 1474 672 prodigia
1498 619 1765 658 constanter

89 691 147 738 ab
175 690 443 737 hominibus
467 697 653 735 tantum
676 686 734 733 ad
752 684 888 731 illum
905 681 1184 749 peculiarem
1208 691 1380 729 coetum
1403 699 1483 729 seu
1501 685 1765 734 societatem

89 766 403 829 spectantibus
437 772 707 829 patrentur,
732 759 924 806 minime
952 775 1065 806 vero
1105 756 1163 804 ab
1193 756 1329 817 aliis,
1371 758 1462 804 nisi
1500 760 1607 824 quia
1643 763 1765 810 Deus

89 851 248 907 aperte
272 838 648 889 vulthominibus
667 834 883 882 exhibere
906 834 1112 896 signum,
1134 850 1226 897 quo
1248 832 1554 897 dignoscatur,
1570 835 1698 884 illam
1720 846 1766 885 et

89 936 184 965 non
212 917 350 963 aliam
373 932 470 964 esse
488 913 752 960 societatem
782 928 808 957 a
838 927 887 957 se
916 909 1213 957 institutam?

78 978 81 980 ⁵
152 995 264 1040 219.
305 992 374 1039 Ad
402 992 493 1050 6¹³²,
521 990 659 1052 Resp,
698 988 747 1034 10
769 987 890 1051 Ney.
922 987 1095 1034 Eadem
1116 1002 1287 1051 nempe
1307 987 1512 1048 ratione,
1534 1005 1623 1053 qua
1655 989 1768 1038 olim

93 1072 215 1117 Deus
231 1065 515 1133 peringentia
533 1065 737 1130 patravit
761 1062 979 1111 miracula
1000 1062 1058 1109 ad
1068 1062 1433 1111 controversiam
1456 1063 1768 1114 dirimendam

86 1144 142 1192 de
156 1161 261 1192 vera
283 1141 502 1205 religione
522 1140 645 1187 inter
662 1139 886 1194 Israelitas
905 1148 953 1186 et
972 1141 1000 1186 J
1004 1138 1156 1186 udaeos
1174 1137 1244 1201 (2)
1259 1177 1272 1200 a
1294 1138 1423 1186 sicin
1448 1154 1572 1188 novo
1593 1141 1769 1190 foedere

85 1236 179 1266 non
200 1218 403 1277 destitit,
427 1234 532 1264 cum
557 1234 672 1282 opus
699 1215 812 1276 fuit,
843 1215 1006 1264 eadem
1029 1215 1157 1278 signa
1179 1214 1314 1262 edere
1338 1214 1397 1262 ad
1428 1233 1586 1263 veram
1611 1218 1767 1266 Eccle-

87 1296 202 1341 siam
231 1312 362 1341 suam
388 1311 412 1340 a
440 1292 562 1340 falsis
589 1291 847 1358 quibusque
872 1291 1004 1338 sectis
1040 1290 1372 1338 secernendam
1400 1291 1488 1355 (3).

145 1370 257 1417 220.
296 1371 434 1435 Resp.
461 1369 514 1414 2⁰
542 1370 668 1415 Dz'sc.
690 1369 805 1425 Quia
833 1367 894 1414 ad
915 1367 1277 1415 controversiam
1306 1367 1402 1416 sive
1428 1367 1536 1416 fidei
1555 1368 1650 1420 sive
1669 1368 1767 1417 dis-

85 1445 262 1510 ciplinae
296 1443 609 1492 dirimendam
638 1461 753 1507 opus
784 1442 1015 1490 miraculis
1042 1460 1139 1489 non
1162 1451 1256 1502 est,
1286 1459 1440 1496 comm
1470 1460 1624 1505 seem,
1658 1463 1762 1509 neq.

86 1522 209 1567 Deus
233 1522 360 1567 enim
384 1521 492 1566 satis
514 1519 721 1583 providit
737 1517 1006 1565 hominibus
1024 1518 1072 1564 in
1093 1517 1320 1580 ejusmodi
1343 1521 1664 1567 controversiis
1683 1538 1767 1586 per

87 1595 333 1642 infallibile
366 1594 573 1643 Ecclesiae
603 1594 947 1659 magisterium,
981 1594 1051 1641 cui
1086 1591 1126 1641 'si
1154 1594 1295 1641 fidem
1333 1594 1554 1643 adhibere
1587 1597 1767 1644 sectarii

87 1671 323 1720 noluerint
340 1707 354 1730 ,
373 1687 524 1735 neque
541 1669 759 1735 prodigiis
779 1670 1070 1734 acquiescent
1085 1705 1097 1728 ,
1128 1671 1197 1717 uti
1226 1669 1435 1718 Christus
1452 1671 1552 1737 ipse
1568 1679 1765 1722 testatus

140 1857 191 1908 (l)
219 1856 376 1906 Nescio,
401 1856 585 1909 quomodo
618 1856 687 1894 sibi
719 1856 895 1894 cohaereat
956 1858 1030 1895 sive
1060 1856 1235 1895 haereticis
1271 1859 1345 1897 sive
1382 1858 1617 1899 schismaticis
1647 1874 1764 1901 secer-

83 1923 330 1968 adversarius,
366 1923 456 1961 dum
492 1922 679 1962 contendit
717 1920 896 1961 miracula

87 1988 167 2027 fieri
202 1989 250 2026 ad
282 1988 598 2027 confirmationem
631 1988 819 2034 fidelium,
850 1994 886 2025 et

89 2048 332 2093 nihilominus
348 2062 460 2107 negat
472 2054 548 2091 haec
560 2068 682 2092 veram
694 2052 894 2092 Ecclesiam

86 2121 286 2171 patefacere
302 2133 366 2158 seu
379 2120 622 2158 manifestare.
644 2117 778 2169 Imqua
795 2119 895 2155 enim

88 2185 160 2223 fide
181 2186 486 2224 confirmarentur
505 2183 732 2222 Christiani?
746 2181 843 2220 Num
855 2184 895 2221 in

90 2246 176 2287 falsa
190 2253 209 2288 Ἰ
234 2249 280 2288 At
299 2251 369 2289 hoc
390 2250 530 2303 absque
543 2251 730 2301 impietate
742 2246 813 2286 dici
825 2262 899 2291 ne-,

91 2315 174 2365 quit
185 2343 195 2362 ‚
213 2316 363 2365 perinde
373 2330 415 2355 ac
426 2318 455 2354 si
466 2315 565 2354 Deus
585 2314 704 2353 ederet
719 2314 894 2352 miracula

91 2379 136 2418 ad
144 2379 411 2420 confirmandos
420 2381 642 2420 Christianos
652 2381 691 2417 in
705 2379 778 2418 fide
786 2380 891 2418 falsa.

92 2443 193 2482 Num
213 2446 254 2483 in
284 2443 395 2483 vera?
412 2445 483 2484 Sed
503 2447 532 2484 si
549 2447 598 2484 ita
620 2452 675 2485 est
689 2473 700 2492 ,
724 2458 805 2496 ergo
824 2445 895 2483 hoc

91 2512 169 2560 ipso
200 2523 265 2560 per
295 2511 470 2548 miracula
511 2509 610 2548 Deus
640 2524 764 2548 veram
791 2511 894 2549 illam

93 2574 291 2613 Ecclesiam
318 2587 395 2614 esse
425 2573 607 2622 ostendit²
636 2576 676 2613 in
699 2589 771 2628 qua
799 2578 894 2627 ejus-

96 2640 195 2678 modi
221 2640 396 2678 miracula
423 2640 596 2678 eduntur.

148 2705 198 2755 (2)
228 2704 307 2745 Cfr.
328 2719 370 2742 ιιι
389 2705 477 2757 Reg.
498 2718 585 2742 xvm
602 2735 613 2753 ,
636 2717 681 2742 ἰι
706 2712 741 2744 et
763 2717 866 2756 seqq.

152 2769 205 2820 (3)
233 2770 344 2809 Plura
370 2771 571 2808 identidem
593 2769 766 2808 miracula
786 2768 899 2808 edidit

97 2834 197 2873 Deus
212 2865 224 2883 ‚
259 2839 334 2876 sive
359 2838 518 2889 antiquis
558 2838 633 2874 sive
660 2836 899 2874 rencentiori-

98 2898 168 2937 bus
191 2901 413 2951 temporibus
428 2930 440 2948 ‚
474 2900 521 2939 ad
542 2900 709 2939 Ecclesiae
738 2894 813 2938 sdae
838 2914 898 2939 ve-

100 2965 244 3002 ritatem
274 2965 565 3004 confirmandam
599 2973 708 3016 atque
741 2979 761 3002 a
793 2967 898 3003 sectis

955 1923 1132 1963 nendam.
1160 1924 1234 1962 Cfr.
1262 1937 1346 1977 quae
1374 1927 1415 1965 in
1448 1927 1765 1969 confirmationem

956 1988 1158 2041 disciplinae
1183 1990 1352 2029 Ecclesiae
1374 1991 1566 2032 catholicae
1596 1994 1767 2034 adversus

956 2061 1092 2092 sectam
1107 2054 1395 2094 Novatianorum
1410 2058 1518 2096 refert
1529 2071 1575 2097 ex
1589 2058 1764 2112 Dionysio

963 2118 1068 2159 Alex.
1102 2119 1304 2170 Eusebius,
1337 2119 1442 2160 Hinc.
1475 2122 1565 2162 eccl.
1601 2123 1669 2163 lib.
1698 2138 1736 2164 vr
1752 2154 1763 2173 ‚

956 2198 1036 2236 cap.
1062 2182 1116 2236 44
1133 2197 1145 2234 3
1180 2187 1270 2224 item
1301 2200 1384 2239 quae
1419 2200 1483 2238 per
1517 2186 1559 2225 S.
1591 2188 1765 2227 Basilium

957 2248 1013 2286 M.
1034 2249 1208 2289 adversus
1240 2259 1374 2290 sectam
1404 2250 1623 2291 Arianorum
1654 2254 1765 2293 refert

958 2311 1156 2355 Garnerius
1175 2317 1217 2353 in
1237 2317 1315 2367 ejus
1342 2317 1415 2354 vita
1431 2345 1442 2363 ,
1466 2330 1553 2369 opp.
1583 2325 1672 2356 tom.
1693 2332 1737 2357 ιιι
1751 2349 1761 2367 ,

957 2393 1038 2431 pag.
1061 2380 1131 2418 103
1147 2387 1185 2418 et
1198 2393 1294 2432 seq.;
1308 2388 1342 2419 et
1358 2393 1438 2433 quae
1454 2382 1494 2419 in
1507 2383 1577 2420 vita
1589 2381 1628 2423 S.
1647 2382 1762 2423 Joan-

956 2447 1015 2483 nie
1040 2444 1259 2484 Damasceni
1284 2445 1454 2484 adversus
1476 2455 1609 2486 sectam
1633 2448 1763 2499 Iceno-

957 2510 1170 2549 machorum
1183 2511 1388 2550 reseruntur
1401 2513 1497 2563 apud
1510 2512 1551 2552 P.
1564 2500 1613 2553 Le
1625 2513 1760 2565 Quieta,

955 2583 1046 2614 tom.
1063 2589 1076 2613 1
1094 2606 1106 2624 ‚
1123 2591 1206 2629 pag.
1232 2589 1245 2613 1
1260 2590 1272 2614 1
1291 2585 1326 2615 et
1337 2590 1439 2629 seqq.
1456 2586 1495 2616 ut
1510 2578 1577 2617 alia
1590 2594 1684 2631 pene
1706 2583 1763 2618 in-

955 2653 1114 2679 numera
1126 2650 1337 2692 praeteream
1352 2642 1520 2682 adversus
1529 2643 1615 2683 alias
1628 2653 1757 2693 sectas,

960 2719 1039 2758 quae
1062 2706 1240 2745 studiosos
1259 2703 1419 2745 historiae
1432 2708 1677 2749 ecclesiasticae
1688 2711 1760 2748 mi-

963 2773 1064 2809 nime
1083 2771 1206 2811 latent.
1229 2771 1318 2811 Haec
1332 2775 1538 2823 speciminis
1563 2777 1676 2827 gratia
1699 2790 1760 2814 no-

964 2837 1020 2875 his
1031 2837 1193 2876 attulisse
1202 2837 1359 2875 sufficiat
1371 2838 1417 2876 ad
1428 2838 1592 2880 falsitatis
1606 2854 1761 2892 arguen-

964 2900 1048 2938 dam
1068 2900 1258 2940 adversarii
1286 2903 1536 2941 assertionem.
