2028 3354
1753 181 1813 230 93

488 206 613 234 PART.
649 205 682 235 1.
723 204 817 233 CAP.
854 203 922 232 111.
960 203 1013 231 DE
1048 201 1262 232 ECCLESIAE
1295 201 1434 231 Nous.

140 330 188 369 et
226 318 458 367 charitatis
485 334 565 364 seu
591 316 930 363 communionis
961 316 1112 362 unitas
1142 323 1243 361 tum
1281 315 1332 361 in
1365 311 1583 361 membris
1623 313 1812 378 singulis

138 406 240 444 tum
268 396 317 442 in
339 403 437 441 toto
463 410 652 458 corpore
681 392 843 439 haberi
865 392 1010 457 possit
1039 401 1085 438 et
1118 390 1396 439 conservari.
1426 391 1716 455 Quapropter
1735 389 1814 437 illa

137 473 230 519 sola
260 472 411 518 unitas
449 487 531 517 ceu
566 478 676 516 nota
712 485 832 517 verae
870 467 1041 514 Christi
1073 467 1278 514 Ecclesiae
1318 464 1478 512 haberi
1509 464 1671 524 debet,
1710 483 1813 531 quae

135 557 383 611 utrumque
408 545 755 611 complectitur,
785 544 1014 590 unitatem
1041 542 1211 589 scilicet
1243 540 1349 587 fidei
1375 550 1422 587 et
1445 541 1780 588 communionis
1797 578 1810 601 ‚

134 641 240 671 cum
270 622 423 669 medio
453 622 622 669 idoneo
656 638 759 667 eam
792 616 1079 684 producendi
1111 626 1158 663 et
1181 617 1356 679 jugiter
1385 617 1705 665 conservandi.
1749 619 1815 666 Ex

135 716 225 764 quo
245 699 419 764 pariter
435 697 639 760 legitime
662 695 859 742 infertur
878 729 890 751 7
916 709 990 739 eas
1010 692 1249 738 societates
1269 708 1365 737 non
1388 708 1520 755 posse
1544 693 1739 756 spectari
1759 702 1813 740 ut:

134 791 266 825 veras
298 773 463 822 Christi
493 772 738 829 Ecclesiam,
772 785 874 833 quae
907 766 1132 829 ejusmodi
1162 775 1271 813 nota
1303 766 1536 814 destitutae
1557 777 1666 815 sunt
1690 768 1776 834 (l).

660 889 732 930 DE
761 888 907 930 NOTA
935 887 1294 931 SANCTITATIS.

200 1006 310 1053 160.
348 1003 646 1052 sanctitatem
681 1009 844 1047 notam
885 1017 982 1048 esse
1012 1017 1135 1049 verae
1177 1000 1416 1061 Ecclesiae,
1445 1019 1586 1050 nemo
1624 1011 1695 1050 est
1732 1004 1813 1069 qui

134 1081 347 1144 ambigat.
378 1078 583 1125 Christus
607 1071 734 1124 enim
763 1077 894 1126 venit
933 1077 983 1123 in
1014 1077 1141 1124 hunc
1175 1078 1409 1125 mundum
1448 1086 1494 1126 et
1523 1096 1683 1145 passus
1715 1088 1810 1141 est,

131 1166 182 1204 ut
214 1158 348 1202 illam
372 1153 683 1217 (Ecclesiam)
701 1155 1020 1217 sanctificaret
1046 1153 1138 1217 (2),
1165 1162 1211 1201 et
1236 1153 1373 1217 elegit
1391 1172 1476 1201 nos
1493 1191 1506 1215 7
1532 1164 1591 1202 ‘at
1611 1174 1814 1204 essemus

129 1235 287 1280 sancti
306 1240 350 1277 et
378 1232 689 1278 immaculati
718 1228 788 1293 (3)
812 1265 824 1288 ,
851 1247 931 1277 seu
960 1230 1089 1276 dedit
1117 1231 1420 1293 semetipsum
1443 1248 1537 1294 pro
1572 1233 1733 1288 nobis,
1759 1240 1817 1279 ut

128 1324 211 1354 nos
233 1308 485 1354 redimeret
516 1307 578 1353 ab
607 1310 745 1352 omni
778 1308 1060 1368 iniquitate,
1089 1314 1134 1351 et
1163 1306 1418 1352 mandaret
1446 1308 1544 1353 sibi
1570 1313 1813 1371 populum

126 1385 487 1447 acceptabilem,
506 1391 774 1429 sectatorem
795 1383 1030 1429 bonorum
1048 1398 1244 1445 operam
1262 1382 1348 1446 (4).
1370 1383 1454 1430 Hic
1470 1384 1597 1431 enim
1618 1393 1688 1431 est
1705 1385 1810 1431 finis

126 1460 365 1524 proximus
384 1468 431 1506 et
454 1457 750 1504 immediatus
764 1492 777 1516 ‚
805 1474 946 1521 quern
966 1456 1053 1503 sibi
1075 1457 1361 1522 Redemptor
1378 1468 1536 1506 noster
1566 1461 1811 1525 proposuit

127 1535 176 1580 iri
190 1552 269 1580 sua
284 1534 476 1580 Ecclesia
490 1533 792 1579 instituenda.
810 1534 904 1579 Nec
923 1532 1017 1578 ulla
1034 1542 1155 1580 secta
1170 1542 1254 1592 est,
1274 1550 1377 1598 quae
1397 1551 1492 1580 non
1513 1536 1806 1600 profiteatur,

127 1609 373 1657 Ecclesiam
407 1609 575 1655 Christi
606 1617 812 1654 sanctam
837 1625 933 1655 esse
965 1608 1050 1672 (5).
1080 1608 1362 1669 Difficultas,
1399 1610 1434 1656 si
1456 1628 1546 1675 qua
1574 1620 1671 1671 est,
1701 1629 1810 1660 ver-

125 1693 253 1732 satur
279 1686 394 1731 circa
415 1684 623 1744 modum,
640 1700 731 1748 quo
758 1684 855 1730 haec
873 1693 997 1744 nota,
1012 1693 1151 1749 prout
1175 1684 1367 1732 visibilis
1394 1695 1464 1732 est
1481 1722 1493 1745 7
1520 1687 1808 1734 internosca-

124 1769 215 1809 tur.
237 1761 355 1808 Cum
378 1777 488 1810 vero
514 1759 865 1807 communiones
892 1776 1054 1807 omnes
1065 1794 1083 1817 ,
1106 1760 1202 1810 sive
1230 1761 1396 1808 merito
1426 1762 1523 1810 sive
1542 1762 1803 1823 immerito,

178 1936 230 1987 (1)
255 1923 334 1975 Hoc
360 1938 469 1975 etiam
501 1937 647 1986 agnovit
670 1944 706 1974 et
742 1936 858 1974 fassus
883 1945 938 1975 est
999 1937 1108 1989 paulo
1156 1945 1237 1988 post
1275 1951 1456 1989 exponam
1493 1936 1608 1992 hujus
1646 1941 1805 1980 auctoris
1873 1960 1876 1962 >

122 2001 280 2050 Palmer,
292 2003 330 2039 in
343 2015 390 2052 op
404 2003 467 2039 cit.
484 2009 576 2052 part.
593 2015 621 2048 ι,
640 2014 721 2051 cap.
738 1998 774 2050 4,
788 2009 877 2039 sect.
893 2012 951 2049 2‚'

121 2066 187 2105 ubi
221 2069 261 2105 in
295 2067 460 2105 conclus.
487 2081 527 2105 n.
560 2079 611 2113 2,
641 2067 767 2104 scribit
799 2080 810 2104 ε
834 2064 934 2116 Quo-

121 2132 229 2170 niam
252 2132 361 2171 Deus
377 2134 558 2185 praecepit
584 2132 767 2169 unitatem
792 2132 832 2169 in
856 2130 935 2171 Ec-

122 2198 238 2237 clesia
263 2212 333 2237 saa
348 2230 358 2246 ‚
382 2206 420 2237 et
432 2200 616 2250 quoniam
644 2197 822 2236 Christus
841 2197 934 2236 adeo

124 2277 207 2302 eam
239 2266 383 2317 optavit
409 2272 445 2303 et
474 2266 599 2303 oravit
618 2277 692 2314 pro
723 2264 835 2316 ipsa,
871 2277 933 2302 ne-

126 2331 288 2367 cessario
320 2331 491 2381 sequitur
507 2360 517 2370 .
541 2329 641 2381 quod
663 2330 745 2381 ipse
763 2329 936 2368 debuerit

124 2394 251 2432 media
277 2396 518 2447 suppeditare
552 2396 603 2434 ad
620 2395 719 2433 hanc
747 2397 933 2434 unitatem

128 2459 357 2515 servandam
380 2476 390 2510 3
417 2462 571 2512 ideoque
593 2460 694 2512 quod
722 2462 847 2498 omnis
874 2474 933 2499 so-

124 2525 243 2562 cietas
262 2554 272 2571 ,
316 2537 399 2575 quw
425 2526 551 2564 media
577 2538 654 2563 non
674 2525 842 2576 possidet
880 2525 931 2563 ad

127 2588 355 2627 servandam
376 2590 560 2627 unitatem
579 2591 873 2638 communionis,
894 2596 931 2628 et

122 2656 234 2705 cujus
268 2654 471 2706 principia
503 2654 810 2706 fundamentalia
845 2669 928 2693 eam

123 2720 367 2772 adstrinqunt
387 2720 440 2759 ad
454 2719 690 2759 tolerandam
719 2725 790 2759 aut
813 2722 928 2760 etiam

125 2785 176 2823 ad
189 2785 397 2838 fovendam
431 2785 658 2825 divisionem
686 2785 822 2837 absque
852 2793 926 2825 ter-

124 2851 230 2889 mino
250 2881 261 2900 ‚
280 2865 359 2891 non
381 2854 504 2905 possit
523 2865 601 2890 esse
629 2851 803 2891 Ecclesia
828 2852 923 2893 Dei.

113 2915 292 2959 ‚Notanda
304 2925 388 2956 sunt
399 2917 509 2957 verba
520 2916 583 2957 illa
598 2917 738 2970 absque
751 2920 924 2964 termino,

125 2994 209 3034 quae
230 2983 381 3022 omnino
399 2983 583 3023 cohaerent
600 2985 810 3037 systemati,
826 2984 928 3038 quod

999 2002 1193 2053 anglicani.

1053 2065 1110 2119 (2)
1138 2065 1270 2118 Ephes.
1297 2083 1333 2116 v,
1361 2066 1426 2107 26.

1052 2133 1104 2184 (3)
1136 2133 1232 2173 thid.
1263 2148 1298 2180 1,
1331 2133 1371 2184 4.

1051 2199 1101 2250 (k)
1126 2199 1198 2238 Tit.
1223 2214 1272 2247 n,
1306 2198 1367 2250 14.

1051 2264 1104 2315 (ὅ)
1135 2264 1180 2304 Id
1224 2267 1342 2317 reipsa
1384 2265 1600 2316 profitentur
1630 2263 1799 2316 Confess.

996 2328 1146 2370 Helvet.
1159 2339 1291 2382 poster.
1312 2344 1392 2381 cap.
1412 2343 1456 2381 17
1471 2357 1483 2377 ‚
1504 2332 1616 2381 prior,
1635 2338 1704 2370 art.
1724 2343 1801 2382 xiv3

994 2393 1162 2447 Belqica‚
1178 2404 1243 2435 art.
1260 2400 1370 2434 xxvm'
1385 2408 1395 2445 3
1411 2394 1662 2446 Basileensis,¹
1681 2405 1749 2436 art.
1761 2409 1801 2448 νς

995 2461 1204 2499 Bohemica
1220 2492 1229 2509 ,
1249 2468 1320 2500 art.
1339 2463 1402 2499 viix
1418 2461 1608 2511 2Au9ust.
1624 2469 1695 2501 art.
1713 2475 1765 2500 vn
1786 2474 1800 2513 3

995 2518 1200 2574 Saxonica‚
1213 2524 1390 2575 art.x11‚·C
1391 2525 1510 2565 atech.
1515 2525 1605 2576 qall.
1617 2526 1717 2566 dom.
1735 2525 1800 2578 153

996 2591 1149 2632 Catech.
1168 2591 1411 2643 Heidelberq.
1439 2605 1477 2643 q.
1507 2591 1585 2642 233
1624 2591 1800 2641 Ursinus,

995 2657 1094 2698 domt
1115 2671 1160 2696 21
1178 2687 1189 2708 ‚
1221 2664 1352 2710 quoest.
1382 2657 1434 2708 54
1450 2688 1460 2706 ‚
1485 2657 1505 2711 ὃ
1531 2655 1570 2708 4.
1606 2657 1801 2697 Nihilomi-

994 2736 1088 2768 nus,
1121 2728 1230 2775 pro'ut
1254 2724 1366 2762 iidem
1400 2723 1703 2762 Walenburchici
1734 2723 1799 2762 ob-

994 2781 1160 2836 servantJ
1174 2789 1243 2828 loc.
1259 2790 1322 2827 cit.
1335 2786 1356 2840 ξ
1370 2786 1443 2836 26,
1460 2788 1576 2827 nullae
1594 2797 1798 2841 protestan-

993 2853 1083 2890 tium
1114 2854 1358 2892 confessiones
1398 2861 1542 2905 ponunt
1568 2855 1796 2892 sanctitatem

991 2925 1167 2970 tanquam
1193 2927 1321 2958 notam
1347 2919 1405 2957 vel
1438 2920 1584 2970 signum
1615 2929 1710 2957 verae
1737 2928 1796 2954 ec·-

992 2983 1121 3023 clesiae.
