2028 3354
235 213 330 263 528
734 230 894 264 macr.
934 233 989 263 DE
1023 232 1143 266 Locis
1178 234 1484 275 τΗιιοιοαιοιε,

297 345 412 395 779.
454 346 597 392 Porro
626 345 892 395 Honorium
916 366 1072 414 neque
1101 359 1205 399 astu
1231 355 1645 405 monothelitarum
1671 358 1930 410 hallucina-

232 431 364 480 tum,
401 437 557 486 neque
576 438 675 468 rem
709 422 970 488 dogmatice
991 425 1281 488 definivisse,
1313 430 1378 477 sic
1412 432 1718 482 vindicamus.
1759 435 1842 484 Ille
1879 436 1932 484 in

232 500 452 563 dogmate
499 499 558 547 de
601 499 777 566 duplici
817 504 1088 568 operatione
1123 522 1175 552 ac
1211 505 1454 555 voluntate
1493 528 1668 560 errasse
1707 509 1931 562 dicendus

231 594 329 623 non
352 584 449 636 est,
482 576 562 642 qui
590 587 751 642 aperte
776 588 822 626 et
846 596 1063 645 expresse
1088 579 1325 647 duplicem
1353 584 1404 630 in
1433 583 1615 634 Christo
1641 606 1726 652 pro
1757 588 1933 654 duplici

231 657 328 715 ejus
346 660 514 700 natura
538 655 735 701 asseruit
759 656 1079 720 operationem
1102 667 1150 704 et
1175 658 1492 720 voluntatem3
1516 663 1687 727 quique
1704 674 1930 730 praeterea

230 728 397 775 eadem
434 728 513 776 illa
553 747 663 777 usus
704 739 774 778 est
814 731 962 780 forma
1012 732 1072 779 ad
1120 733 1288 799 dogma
1326 735 1413 783 hoc
1451 738 1780 800 asserendum,
1828 758 1929 806 quae

228 812 460 870 tanquam
495 804 718 853 catholica
751 806 810 853 ab
843 809 1131 856 oecumenico
1169 811 1372 860 Concilio
1401 829 1508 860 cum
1544 814 1710 880 plausu
1739 827 1930 882 excepta

229 891 314 929 est.
335 882 537 929 Rursum
564 899 573 927 :
603 881 682 929 ille
705 882 1034 931 definitionem
1056 884 1367 949 dogmaticam
1389 889 1569 939 dedisse
1589 891 1814 941 dicendus
1834 912 1931 942 non

229 967 301 1005 est
327 993 341 1019 ,
383 958 462 1024 qui
505 967 665 1022 aperte
703 960 951 1024 profitetur
991 977 1039 1007 se
1077 961 1203 1008 nolle
1245 963 1485 1029 quidpiam
1526 967 1736 1017 definire.
1792 970 1931 1036 Atqui

228 1044 486 1100 utrumque
509 1034 671 1082 fecisse
710 1036 974 1083 Honorium
996 1046 1178 1084 constat
1206 1053 1262 1084 ex
1292 1039 1403 1103 ipsis
1439 1042 1643 1106 epistolis
1662 1082 1674 1104 ,
1716 1045 1776 1093 ob
1816 1064 1929 1113 quas

227 1120 482 1159 accusatur.

293 1186 410 1235 780.
450 1189 507 1236 Et
531 1205 644 1236 sane
673 1187 830 1254 quoad
855 1189 1087 1255 primum,
1118 1190 1374 1239 decretoria
1398 1201 1510 1240 sunt
1532 1193 1726 1244 Honorii
1749 1197 1893 1247 verba
1916 1217 1928 1246 z

234 1267 485 1326 Quantum
509 1265 580 1312 ad
591 1265 764 1329 doqma
791 1267 1162 1314 ecclesiasticum
1178 1271 1442 1331 pertinet...
1477 1279 1702 1334 utrasque
1727 1283 1933 1324 naturas

228 1345 286 1389 in
319 1358 417 1388 uno
456 1342 639 1388 Christo
662 1343 849 1388 unitate
881 1345 1112 1390 naturali
1135 1345 1408 1407 copulatas,
1442 1363 1557 1394 cum
1581 1348 1783 1396 alterius
1806 1366 1933 1397 com-

227 1420 455 1466 munione
479 1426 749 1482 operantes,
778 1426 919 1482 atque
944 1423 1226 1482 operatrices
1258 1423 1473 1484 confiteri
1504 1423 1725 1471 debemus
1743 1461 1755 1485 ,
1784 1433 1829 1472 et
1852 1427 1932 1473 di—

227 1498 397 1542 vinam
428 1495 619 1558 quidem
634 1529 652 1552 ,
680 1512 786 1558 quoe
820 1496 915 1542 Dei
938 1504 1056 1543 sunt
1084 1505 1387 1560 operantem;
1420 1507 1464 1545 et
1493 1499 1791 1559 humanam,
1825 1519 1932 1565 quoe

228 1573 398 1619 earnis
417 1579 536 1618 sunt
557 1580 858 1634 exequentem
884 1572 973 1636 (l).
1004 1573 1058 1619 Et
1083 1573 1256 1620 iterum
1276 1573 1417 1639 paulo
1441 1585 1546 1640 post
1572 1575 1731 1623 scribit
1760 1579 1931 1626 :Duas
1990 1588 1993 1591 ’

225 1657 465 1706 naturas,
493 1648 551 1694 id
578 1656 669 1703 est,
699 1649 975 1695 divinitatis
1005 1657 1047 1695 et
1078 1651 1247 1696 carnis
1279 1662 1571 1714 assumptae,
1596 1654 1651 1699 in
1687 1670 1789 1700 una
1811 1670 1931 1717 per-

225 1742 344 1773 sona
380 1725 628 1789 Unigeniti
663 1726 755 1772 Dei
787 1725 984 1783 Patris,
1023 1727 1295 1789 inconfuse,
1322 1728 1530 1775 indivise
1561 1737 1606 1775 et
1638 1731 1930 1777 inconverti-

225 1802 391 1848 biliter
420 1803 672 1867 nobiscum
692 1802 967 1865 proea'z'care
994 1805 1206 1866 propria
1240 1812 1486 1866 operantes
1514 1804 1604 1869 (2).
1637 1807 1779 1853 Porro
1808 1806 1929 1853 hanc

224 1877 335 1925 fidei
347 1877 686 1942 professionem
699 1914 711 1937 ,
727 1878 1063 1925 commentario
1080 1879 1222 1926 etiam
1237 1878 1396 1927 addito
1409 1916 1421 1939 .,
1437 1880 1682 1946 descripsit
1696 1881 1927 1928 Honorius

226 1972 285 2003 ex
317 1953 490 2002 celebri
526 1953 789 2018 dogmatica
826 1953 1022 2019 epistola
1055 1955 1101 2001 S.
1137 1955 1330 2017 Leonis,
1372 1957 1442 2002 ad
1474 1957 1773 2004 Flavianum
1810 1957 1930 2004 scri-

219 2029 381 2092 bentis
418 2048 429 2077 :
464 2032 584 2095 Ayic
612 2033 745 2078 enim
774 2038 980 2093 utraque
1006 2032 1173 2092 forma
1201 2048 1314 2078 eum
1341 2033 1542 2079 alterius
1570 2037 1923 2092 communione,

225 2108 356 2172 quod
373 2109 642 2171 proprium
674 2115 765 2161 est;
800 2108 954 2155 Verbo
984 2108 1161 2155 scilicet
1184 2117 1406 2170 operante
1431 2110 1562 2171 quod
1586 2111 1738 2159 Verbi
1763 2117 1854 2166 est,
1881 2118 1927 2156 et

226 2201 372 2232 earne
408 2192 658 2248 exequente
694 2183 822 2247 quod
853 2186 1018 2230 carnis
1056 2192 1123 2231 est
1155 2183 1242 2249 (3).
1282 2185 1380 2232 Hoc
1416 2193 1575 2232 autem
1607 2184 1929 2233 testimonium

227 2338 274 2377 ad
297 2351 379 2390 pag.
409 2335 506 2376 632.
531 2336 623 2374 Item
651 2335 870 2375 Dissertaz.
891 2335 1045 2376 critico-
1114 2349 1242 2387 opusc.
1261 2334 1304 2375 6.
1318 2335 1547 2388 Quapropter
1564 2336 1618 2375 vel
1640 2336 1717 2387 ipse
1729 2333 1926 2376 Bossuetus

225 2404 368 2442 storica
389 2402 537 2442 dell'ab.
558 2402 681 2440 Pietro
699 2402 864 2452 Cot-gne,
893 2402 1048 2441 tradotta
1113 2402 1229 2440 fassus
1254 2410 1308 2440 est
1340 2415 1351 2439 ε
1380 2399 1467 2438 J'ai
1496 2404 1587 2452 raye
1620 2400 1666 2438 de
1697 2414 1789 2439 mon
1816 2402 1931 2440 truite

226 2469 287 2508 dal
312 2469 434 2507 franc.
466 2470 512 2506 in
545 2469 611 2505 cui
639 2469 676 2506 ei
701 2468 888 2505 dimostra
916 2469 1047 2505 imus·
1111 2466 1176 2505 De
1196 2465 1234 2504 la
1248 2467 1457 2518 puissance
1480 2465 1765 2517 ecclesiastique
1786 2474 1867 2505 tout
1884 2479 1926 2506 ce

225 2536 382 2573 sistente
414 2532 452 2572 la
479 2539 631 2586 pretesa
665 2533 807 2571 cadula
841 2532 902 2571 del
935 2539 1045 2571 samo
1110 2535 1178 2586 qui
1207 2532 1368 2584 reqarde
1396 2531 1428 2571 le
1452 2546 1556 2586 pape
1588 2531 1752 2581 Libere,
1784 2532 1945 2573 commox

225 2600 347 2653 Papa
368 2599 525 2638 Liberio
539 2628 551 2649 ‚
574 2612 644 2637 con
665 2605 751 2637 note
775 2597 837 2636 del
857 2597 1042 2650 raccoqli-
1109 2612 1158 2638 ne
1175 2605 1371 2651 prouvant
1385 2611 1461 2651 pas
1484 2598 1574 2636 bien
1589 2612 1630 2637 ee
1647 2612 1719 2650 que
1720 2600 1768 2652 je
1781 2598 1925 2638 vouloie

225 2673 306 2705 tore
321 2694 334 2713 ‚
359 2667 400 2703 in
426 2680 488 2717 op.
519 2664 697 2703 Raccolta
712 2665 756 2703 di
773 2664 1045 2703 dissertazioni
1109 2664 1257 2704 &tablin
1271 2664 1348 2703 cfr.
1361 2664 1460 2716 apud
1471 2664 1517 2703 de
1530 2664 1676 2703 Maistre
1688 2695 1699 2713 ‚
1713 2664 1786 2703 Du
1798 2664 1924 2714 Papo,

227 2732 271 2770 di
295 2733 414 2769 storia
448 2731 728 2778 ecclesiastica,
757 2744 831 2782 per
862 2743 976 2783 opera
1001 2730 1044 2768 di
1108 2731 1171 2770 liv.
1197 2743 1233 2778 1,
1256 2730 1319 2769 oh.
1346 2729 1410 2768 15.

227 2796 522 2835 Franz-antonio
544 2794 715 2834 Zaccaria
732 2826 743 2844 ‚
770 2795 887 2834 Roma
914 2793 1015 2849 1794
1030 2824 1041 2843 ,
1165 2796 1178 2846 (
1186 2797 1220 2847 1)
1246 2796 1361 2848 Epist.
1384 2809 1410 2834 ιι
1426 2824 1437 2843 ,
1465 2796 1562 2848 apud
1593 2795 1774 2834 Harduin.
1793 2790 1917 2840 Acta,

227 2871 321 2902 tom.
344 2874 394 2909 x,
420 2861 512 2901 diss.
529 2861 572 2908 33
587 2870 699 2914 atque
723 2862 888 2914 ejusdem
902 2861 1042 2900 Zacha-
1108 2871 1181 2903 etc.
1206 2871 1300 2902 tom.
1330 2877 1395 2911 ιιι,
1422 2862 1495 2902 col.
1534 2859 1649 2911 1354.

227 2930 291 2966 riae
312 2926 354 2966 S.
379 2926 417 2966 J.
440 2925 604 2966 Dissert.
627 2926 673 2965 de
695 2928 954 2965 commentitio
971 2927 1042 2964 Li·
1165 2928 1220 2979 (2)
1252 2928 1351 2968 lbid.

228 2992 325 3031 herii
342 2991 454 3045 lapsu
469 3021 481 3040 ‚
507 3005 589 3045 quae
614 3000 753 3045 prostat
769 2994 810 3031 in
841 2992 1044 3031 Thesauro
1166 2992 1221 3045 (3)
1250 2993 1349 3034 lbid.
1373 3002 1460 3033 tom.
1484 3006 1534 3041 ιι,
1556 2989 1630 3029 col.
1656 2987 1748 3043 294.

235 3057 488 3111 Theoloqico,
504 3067 594 3099 tom.
623 3070 678 3109 11,
699 3066 796 3112 part.
825 3071 878 3109 ιι,
906 3058 975 3099 lib.
997 3070 1036 3108 1,
1790 3052 1792 3054 ’
