2028 3354
204 169 270 217 62

674 187 834 218 TBAGT.
869 188 926 218 DE
959 189 1078 220 Locis
1113 166 1420 226 rnsozoalels.

204 301 352 350 donec
375 300 559 365 penitus
586 298 783 345 abolitus
812 308 897 347 est.
925 301 1064 363 Quod
1095 305 1134 351 si
1162 307 1208 353 S.
1239 308 1521 372 Cyprianu3‚
1553 326 1627 374 ep.
1646 310 1722 358 cit.
1743 349 1755 372 ,
1785 312 1874 360 hu·-

197 376 402 441 jusmodi
419 374 577 441 populi
588 376 665 435 jus
685 373 744 422 de
770 374 1020 425 traditione
1039 378 1197 428 divina
1217 390 1265 429 et
1283 383 1530 447 apostolica
1555 384 1876 437 observatione

202 451 480 501 descendere
508 449 668 509 docet,
692 450 735 497 S.
751 451 927 515 Martyr
948 452 1101 500 latiori
1127 455 1455 518 significatione
1476 460 1551 508 hic
1570 463 1875 512 traditionem

205 530 426 577 divinam
455 534 789 573 commemorat
814 564 826 587 ‚
864 537 1092 593 quatenus
1120 531 1344 596 exemplis
1380 535 1595 584 innititur
1627 555 1684 585 ex
1720 539 1876 589 divina

202 604 438 668 Scriptura
457 601 745 667 depromptis
761 638 774 662 ,
801 603 995 652 minime
1014 622 1124 652 vero
1142 606 1269 670 quod
1287 608 1437 673 reipsa
1460 628 1516 658 ex
1541 612 1702 660 divina
1722 614 1874 679 aliqua

200 681 301 743 lege
334 678 450 726 illud
484 678 710 744 proficisci
741 681 1069 728 autumaverit.
1099 680 1227 729 Adde
1246 719 1259 742 ,
1283 684 1329 730 S.
1361 684 1640 750 Cyprianum
1661 689 1786 754 loqui
1817 692 1877 739 de
1949 690 1951 693 ’

200 755 415 819 suffragio
442 762 522 801 aut
546 754 811 802 testimonio
830 792 842 815 ‚
872 756 997 821 quod
1019 756 1218 822 populus
1237 759 1378 807 ferret
1400 760 1457 808 de
1484 763 1687 811 moribus
1709 766 1877 829 eligen-

198 831 392 892 dorum,
423 848 521 878 non
544 839 701 881 autem
725 830 785 879 de
813 831 1036 879 electione
1058 832 1157 898 ipsa
1175 870 1187 893 .,
1217 837 1346 896 cujus
1367 838 1624 898 judicium
1656 841 1875 908 Episcopo

175 906 549 969 reservabatur,
582 916 636 954 ut
665 916 846 955 constat
875 926 932 956 ex
957 908 1161 974 epistolae
1186 910 1303 957 serie
1322 910 1413 974 (1).
1624 945 1627 947 -

266 984 375 1032 108.
414 983 482 1030 Ad
507 984 576 1030 2¹¹¹
592 1019 605 1043 ‚
635 983 754 1048 Neq.
786 984 855 1032 Ad
883 983 1044 1032 allatas
1070 1003 1180 1035 vero
1206 985 1503 1050 probationes
1528 990 1797 1055 desumptas
1819 1009 1878 1040 ex

198 1060 371 1108 Christi
410 1068 457 1108 et
487 1060 613 1108 Petri
634 1059 819 1120 verbis,
851 1061 973 1108 Disc.
1005 1062 1278 1126 Improbant
1312 1062 1521 1110 Christus
1558 1074 1605 1111 et
1633 1067 1876 1131 Apostolus

197 1137 381 1203 imperii
404 1145 485 1184 aut
516 1137 758 1203 potestatis
780 1136 950 1184 fastum
970 1146 1017 1185 et
1041 1137 1238 1184 abusum
1269 1139 1320 1185 in
1349 1138 1555 1187 Ecclesiae
1581 1142 1844 1205 pastoribus
1862 1179 1875 1198 .

197 1230 360 1267 eonc.,·
386 1221 665 1277 potestatem
699 1213 850 1279 ipsam
878 1222 925 1261 et
951 1213 1228 1279 imperium,
1261 1232 1365 1279 neq.
1404 1215 1677 1281 improbant
1705 1217 1877 1266 scilicet

195 1290 246 1337 in
278 1289 490 1337 Ecclesiae
507 1289 731 1336 ministris
755 1288 1005 1337 elationem
1022 1327 1035 1350 7
1063 1289 1350 1356 jubentque.
1372 1308 1431 1339 ne
1444 1301 1723 1356 potestatem
1743 1311 1879 1341 exer-

195 1374 332 1413 ceant
360 1366 499 1414 nimis
531 1365 698 1413 duram
729 1374 775 1413 et
807 1367 1134 1431 imperiosam,
1171 1367 1566 1432 quemadmodum
1601 1368 1879 1416 exercebant

197 1443 433 1508 Principes
473 1442 700 1506 gentium.
747 1440 926 1489 Abusus
963 1460 1104 1507 porro
1137 1442 1397 1506 legitimum
1431 1445 1498 1491 rei
1525 1444 1714 1507 alicujus
1740 1463 1879 1492 usum

196 1519 437 1585 supponit.
462 1519 581 1565 Sane
607 1518 816 1565 Christus
836 1520 971 1566 Petro
987 1555 999 1579 7
1031 1520 1057 1565 J
1063 1536 1172 1565 oan.
1196 1520 1300 1565 XXI
1323 1553 1335 1578 ,
1359 1523 1460 1581 J'am
1485 1519 1665 1567 dixerat
1689 1538 1702 1566 :
1733 1523 1881 1568 Pasce

195 1612 341 1658 agnos
366 1611 541 1642 meos...
561 1611 705 1658 pasce
723 1611 824 1641 oves
846 1611 1001 1649 meas,·
1023 1610 1075 1641 ac
1099 1593 1225 1642 idem
1249 1595 1412 1641 Petrus
1435 1613 1447 1643 :
1475 1596 1689 1651 Pascite,
1710 1600 1799 1660 qui
1828 1601 1885 1644 in

198 1672 327 1717 vohis
344 1678 435 1731 est,
459 1687 647 1735 yreyem
668 1671 762 1717 Dei
771 1704 790 1727 ,
810 1671 1110 1734 providentes
1133 1688 1229 1717 non
1250 1680 1401 1717 coacte
1416 1708 1429 1726 ,
1455 1672 1540 1718 sed
1551 1681 1802 1735 spontanee
1825 1691 1886 1720 se-

195 1747 413 1795 eundum
441 1751 595 1794 Deum
620 1747 711 1814 (2).
741 1747 799 1794 At
825 1745 1072 1812 providere
1100 1754 1150 1794 et
1179 1763 1366 1811 pascere
1391 1747 1491 1795 sine
1517 1757 1747 1813 potestate
1781 1750 1883 1816 quis

253 1942 307 1995 (l)
338 1943 399 1982 Sic
421 1944 522 1982 enim
541 1941 665 1980 scribit
682 1938 721 1980 S.
736 1940 877 1994 Martyr
891 1971 902 1990 ‚
928 1942 1000 1980 loc.

199 2011 262 2049 cit.
283 2009 450 2062 Propter
474 2008 574 2060 quod
598 2006 800 2058 diliqenter
812 2006 856 2044 de
880 2006 1003 2045 tradi-

199 2076 302 2114 tione
326 2075 462 2112 divina
476 2080 511 2111 et
529 2072 733 2126 apostolica
749 2071 1004 2111 observatione

199 2141 472 2180 observandum
502 2147 555 2178 est
578 2146 615 2177 et
642 2138 846 2178 tenendum
860 2168 870 2186 ‚
904 2138 1005 2190 quod

196 2206 305 2260 apud
327 2219 398 2245 nos
424 2219 569 2258 quoque
594 2212 632 2243 et
650 2206 731 2257 fere
747 2217 820 2257 per
840 2205 1004 2256 provin-

195 2274 279 2311 cias
312 2274 512 2311 universas
541 2277 714 2319 tenet-ur,
742 2275 786 2308 ut
814 2270 865 2307 ad
898 2269 1004 2307 ordi-

196 2340 372 2377 nationes
415 2339 490 2376 rite
527 2336 772 2376 celebrandas
812 2334 864 2373 ad
920 2348 1004 2373 eam

193 2402 362 2456 plebem,
391 2405 460 2442 eui
487 2403 716 2455 praepositus
755 2400 963 2440 ordinatur
987 2429 1001 2449 ,

197 2467 389 2521 Episcopi
411 2469 580 2521 ejusdem
595 2468 811 2521 provincioe
829 2467 1005 2519 proximi

197 2535 337 2585 quique
356 2535 613 2581 conveniant,
636 2539 671 2571 et
694 2532 916 2585 Episcopus
942 2530 1004 2569 de-

197 2599 366 2651 liqatur,
384 2598 493 2652 plebe
518 2604 708 2653 praesente
724 2627 735 2646 ‚
755 2611 841 2650 quw
865 2599 1003 2649 sinqu-

197 2665 320 2704 lorum
362 2666 483 2704 vitam
514 2664 739 2718 plenissime
781 2664 892 2701 novit
911 2691 923 2711 ‚
968 2670 1006 2702 et

197 2732 499 2784 uniuscujusque
518 2736 647 2779 actum
665 2729 712 2767 de
735 2730 817 2781 ejus
843 2741 999 2767 eonver-

198 2797 343 2836 satione
354 2798 566 2849 perspexit.
582 2796 640 2834 En
654 2796 782 2849 itaque
799 2796 998 2845 rationem,

199 2875 313 2917 quare
331 2864 434 2916 juxta
448 2862 489 2901 S.
507 2862 734 2916 Cyprianum
755 2862 1006 2913 exquireretur

199 2929 412 2981 suffragium
441 2927 560 2981 plebis
581 2959 593 2976 ,
627 2924 872 2979 ut'praeberet
900 2927 1004 2966 testi-

145 3033 148 3037 ,
200 2994 435 3036 moniumde
459 2994 615 3048 eligendi
637 2993 713 3033 vita
741 2998 778 3033 et
808 2992 971 3033 moribus
990 3022 1003 3041 ‚

1066 1942 1184 1994 idque
1209 1955 1372 1981 consone
1407 1944 1453 1982 ad
1484 1942 1651 1996 Apostoli
1682 1945 1847 1996 regulam
1866 1976 1877 1994 ‚

1068 2007 1139 2044 iad
1162 2005 1259 2045 Tim.
1281 2020 1321 2044 lu
1338 2036 1349 2054 ‚
1380 2022 1401 2060 7
1423 2021 1434 2045 z
1454 2007 1612 2060 Oportet
1641 2008 1883 2063 illum(Epi-

1067 2072 1235 2123 scopum)
1254 2078 1288 2109 et
1310 2073 1571 2111 testinnonium
1587 2073 1723 2112 habere
1738 2074 1881 2113 bonum

1068 2137 1182 2175 abiis
1196 2166 1206 2184 ‚
1228 2137 1299 2187 qui
1314 2135 1414 2187 foris
1436 2143 1537 2176 sunt.
1551 2137 1659 2190 Quod
1673 2140 1703 2176 si
1727 2138 1775 2176 ab
1792 2139 1878 2177 eth-

1075 2204 1173 2241 nicis
1200 2204 1290 2254 ipsis
1317 2201 1470 2242 necesse
1493 2210 1549 2242 est
1570 2204 1707 2242 habere
1734 2202 1878 2243 bonum

1070 2269 1326 2306 testimonium
1341 2296 1354 2315 ‚
1374 2281 1438 2306 seu
1451 2268 1550 2319 apud
1571 2281 1633 2306 eos
1658 2267 1756 2306 bona
1772 2269 1872 2307 fama

1067 2335 1169 2382 frui,
1198 2342 1337 2386 quanto
1365 2336 1477 2386 magis
1500 2334 1598 2386 apud
1623 2334 1751 2374 fideles
1767 2337 1787 2373 ?
1822 2337 1877 2374 uti

1067 2399 1234 2438 observat
1247 2399 1287 2438 S.
1302 2398 1713 2452 Joan.Chrysostomus.
1728 2400 1875 2440 Exinde

1069 2464 1207 2503 effluxit
1232 2466 1272 2503 in
1288 2464 1450 2504 Ecclesia
1480 2458 1657 2505 catholica
1680 2464 1873 2519 disciplina

1067 2530 1115 2569 de
1128 2530 1277 2582 publice
1298 2530 1567 2570 denunciandis
1584 2532 1799 2571 nomini-bus
1810 2545 1873 2570 or-

1067 2597 1316 2636 dinandorum
1334 2627 1345 2646 ‚
1380 2606 1422 2637 ut
1439 2629 1450 2647 ‚
1478 2601 1507 2637 si
1529 2613 1613 2653 quae
1640 2601 1726 2638 vitia
1761 2600 1802 2636 in
1828 2599 1872 2636 iis

1066 2665 1167 2712 sint,
1195 2663 1430 2715 detegantur.
1458 2664 1537 2705 Cfr.
1558 2665 1778 2712 Haliierius,
1808 2677 1870 2716 op.

1066 2730 1131 2767 cit.
1154 2728 1220 2767 De
1233 2731 1359 2768 sacris
1374 2729 1546 2770 election.
1560 2737 1653 2782 part.
1672 2742 1684 2767 ι
1701 2758 1712 2778 ,
1734 2742 1817 2780 cap.
1832 2740 1871 2773 2,

1066 2808 1221 2834 necnon
1233 2794 1323 2837 Nat.
1341 2796 1447 2837 Alex.
1464 2796 1551 2835 diss.
1564 2806 1634 2835 vm
1648 2795 1714 2834 cit.
1734 2802 1821 2834 sect.
1837 2801 1873 2841 i,

1070 2874 1181 2913 prop.
1211 2875 1268 2901 m.

1125 2926 1177 2976 (2)
1204 2927 1295 2968 Lon.
1305 2927 1369 2966 cit.
