2028 3354
208 229 301 277 514

708 243 866 275 macr.
905 244 959 273 ΒΕ
995 243 1112 274 mels
1146 245 1442 278 'rflssomalcts-

855 357 1246 393 DIFFICULTATES.

275 464 389 512 755.
432 462 538 527 Ohj.
566 465 737 530 prima.
779 465 828 511 1“0
855 466 1106 530 Perperam
1139 466 1331 530 antiqua
1361 466 1548 514 traditio
1578 469 1820 515 invocatur
1847 466 1909 515 ad

208 541 435 606 ejusmodi
464 540 760 606 privilegium
788 558 908 588 rom.
937 540 1149 588 Pontifici
1178 541 1519 590 adstruendum
1537 580 1549 603 ,
1578 561 1686 591 cum
1711 543 1906 608 quaestio

207 619 305 667 haec
335 617 537 683 antiquis
564 617 705 683 plane
731 625 852 665 esset
878 617 1050 681 ignota.
1075 617 1129 663 2⁰
1155 618 1274 665 Sane
1298 616 1497 665 adducta
1529 620 1921 669 testimoniorum,

207 695 441 759 congeries
471 712 569 741 rem
596 712 695 742 non
723 694 941 753 conficit,
985 711 1095 741 cum
1129 693 1201 742 vel
1238 695 1293 740 de
1323 695 1415 741 solo
1452 695 1593 741 Petro
1620 695 1875 760 loquantur
1895 732 1908 755 ,

207 771 285 821 vel
323 772 379 819 de
408 772 626 819 Ecclesia
662 771 926 827 catholica,
961 769 1035 818 vel
1064 770 1120 815 de
1153 772 1267 817 Sede
1301 787 1508 817 roma-na
1523 805 1542 832 ,
1574 771 1766 818 minime
1798 788 1910 821 vero

207 850 268 897 de
295 847 402 895 solis
431 865 551 894 rom.
587 845 907 894 Pontificibus.
938 845 990 892 30
1012 844 1148 903 Quod
1181 847 1219 891 si
1250 846 1478 893 nonnulla
1506 863 1563 894 ex
1591 846 1827 894 recensitis
1854 847 1913 895 de

208 925 281 972 his
309 924 436 989 loqui
466 922 713 981 videntur,
748 939 845 968 non
873 920 931 967 de
959 921 1071 985 ipsis
1097 921 1397 969 Pontificibus
1424 922 1697 986 singillatim
1715 959 1727 982 ,
1751 923 1834 970 sed
1855 922 1913 970 de

215 1002 425 1067 ipsorum
452 999 569 1045 serie
599 1015 651 1045 ac
679 996 964 1044 successione
994 995 1058 1042 ita
1087 1005 1200 1042 sunt
1219 998 1484 1061 accipienda
1502 1035 1514 1058 ,
1543 1007 1595 1046 ut
1625 999 1914 1063 significent,

211 1077 352 1124 fidem
380 1093 406 1121 a
437 1076 576 1121 ‘Petro
602 1073 825 1121 traditam
844 1088 1030 1136 semper
1059 1070 1198 1118 fuisse
1218 1070 1277 1117 ab
1304 1088 1357 1118 ea
1368 1073 1676 1136 custoditam,
1705 1084 1786 1122 aut
1812 1092 1917 1122 cus-

210 1150 482 1200 todiendam
515 1149 613 1198 fore
659 1166 808 1214 usque
843 1147 904 1195 ad
945 1147 1401 1195 consummationem
1450 1149 1615 1210 seculi,
1654 1161 1709 1197 ut
1747 1151 1919 1198 confir-

211 1237 403 1277 mentur
431 1226 623 1286 fideles,
661 1224 788 1291 quod
822 1242 962 1273 nemo
999 1222 1208 1287 ambigit.
1240 1224 1286 1270 Si
1318 1223 1445 1270 enim
1477 1225 1719 1289 contigerit
1750 1244 1919 1291 quem-

213 1307 342 1372 piam
369 1321 553 1362 errare,
582 1321 690 1350 cum
719 1319 848 1350 error
883 1319 909 1348 a
939 1317 1200 1349 successore
1228 1300 1518 1363 corrigatur,
1555 1300 1644 1348 dici
1668 1311 1916 1368 propterea

217 1381 411 1447 nequit,
457 1389 615 1445 portas
648 1378 785 1426 inferi
831 1376 1053 1426 adversus
1091 1375 1234 1424 fidem
1267 1376 1394 1424 Petri
1440 1393 1535 1424 esse
1584 1377 1917 1442 praevalituraS.

220 1459 273 1506 40
323 1456 536 1515 Accedit,
582 1456 669 1504 etsi
705 1462 866 1502 errent
897 1454 1171 1513 PontificeS,
1211 1452 1341 1499 haud
1376 1470 1662 1518 consequens
1715 1470 1812 1502 esse
1846 1472 1918 1502 ca-

219 1534 437 1583 thedram
475 1549 791 1581 romanamve
824 1530 994 1578 Sedem
1039 1547 1064 1576 a
1091 1528 1184 1577 fide
1220 1529 1500 1589 desciscere,
1538 1546 1647 1576 cum
1671 1533 1806 1592 juxta
1839 1548 1924 1577 no-

219 1622 322 1659 tum
347 1610 508 1657 Leonis
522 1610 584 1656 M.
608 1608 823 1657 effatum:
851 1607 1008 1655 Aliud
1022 1614 1142 1653 sunt
1161 1606 1284 1654 sedes
1300 1640 1319 1664 ,
1339 1606 1485 1652 aliud
1496 1607 1810 1669 proesidentes
1828 1606 1922 1670 (l).

222 1688 278 1734 50
307 1690 512 1734 Demum
541 1685 670 1732 haud
696 1700 881 1749 semper
908 1699 1068 1749 presse
1095 1683 1290 1729 Patrum
1319 1682 1457 1729 effata
1485 1682 1754 1748 accipienda
1784 1690 1922 1741 sunt,

223 1782 330 1812 cum
348 1762 627 1809 urbanitatis
645 1760 926 1827 quandoque
944 1768 991 1808 et
1009 1759 1145 1806 officii
1175 1776 1311 1807 causa
1330 1759 1395 1806 ita
1420 1758 1595 1806 fuerint
1620 1758 1775 1806 locuti.
1794 1760 1923 1822 Ergo.

223 1945 312 1977 eaeoe
326 1936 544 1976 solemniter
560 1935 629 1973 hoc
647 1936 691 1973 in
709 1939 835 1987 capite
849 1936 1043 1973 sementim

226 2002 382 2056 epocha.
427 2002 676 2053 Amplissimis
716 2015 800 2039 vero
837 2000 1046 2039 seculorum

1113 1934 1340 1971 auctoritate
1375 1930 1561 1970 hodierna
1593 1929 1779 1970 Ecclesioe
1813 1930 1927 1983 901Ιί-

1114 2012 1224 2037 canae
1249 1999 1451 2046 doctrina,
1482 1997 1669 2037 Avenione
1698 1996 1831 2051 17473
1862 1999 1928 2037 ubi

231 2071 401 2108 omnium
418 2067 673 2116 documentis,
692 2082 711 2105 a
723 2073 799 2105 tota
811 2080 959 2119 quoque
971 2065 1047 2117 gal·
1116 2073 1313 2118 postquam
1339 2066 1380 2102 in
1405 2063 1551 2103 erudita
1578 2063 1787 2115 praefatione
1810 2072 1929 2102 osten-

230 2136 352 2175 licana
381 2134 566 2183 Ecclesia,
597 2142 633 2173 et
664 2134 711 2172 ab
737 2133 922 2172 academia
943 2131 1046 2172 Pari-

233 2203 343 2241 siensi
365 2202 411 2240 ad
429 2215 494 2240 an.
512 2214 629 2254 usque
649 2198 748 2239 1682
764 2199 948 2247 deductis,
973 2200 1051 2237 avi-

236 2277 312 2306 tam
350 2268 448 2306 hanc
480 2267 717 2305 nobilissimae
753 2265 850 2304 illius
883 2265 1051 2314 Ecclesiae

237 2336 442 2374 doctrinam
464 2342 673 2373 constanter
690 2346 935 2385 perseverasse
947 2333 1052 2371 evin-

243 2403 308 2439 cit.
344 2399 420 2438 Nec
459 2403 583 2438 minus
618 2399 823 2438 luculenter
858 2399 897 2436 id
931 2401 1051 2450 ipsum

239 2467 398 2505 ostendit
420 2465 530 2504 Card.
554 2465 663 2512 Orsi,
693 2479 756 2517 op.
778 2464 842 2503 eit.
869 2473 965 2502 tom.
997 2476 1051 2510 11,

236 2531 304 2571 1111.
335 2546 400 2579 iv,
432 2544 511 2582 cap.
545 2544 589 2585 17
619 2539 655 2569 et
681 2545 785 2583 seqq.
819 2529 910 2572 ,Non
939 2543 1054 2581 pauca

243 2601 354 2639 etiam
377 2599 599 2636 documenta
623 2598 799 2647 congessit
821 2595 1053 2643 Muzzarelli,

244 2665 287 2703 111
311 2679 374 2717 op.
403 2663 445 2703 Il
466 2664 567 2702 buon
591 2677 659 2701 uso
688 2662 786 2701 della
808 2661 931 2713 loyica
947 2692 956 2709 ,
982 2670 1053 2701 etc.

243 2745 370 2783 opusc.
393 2745 456 2776 111,
480 2726 654 2767 Primato
679 2728 728 2767 ed
742 2726 983 2779 infallibilitd
999 2726 1059 2765 del

245 2794 371 2849 Papa.
391 2796 533 2835 Verum
561 2794 735 2834 omnibus
758 2794 920 2845 palmam
945 2793 1056 2832 facile

245 2864 432 2916 praeripuit
453 2863 502 2900 cl.
534 2861 690 2909 Scan-di,
717 2862 756 2898 in
781 2861 878 2911 regia
908 2860 1054 2897 univer-

242 2931 348 2968 sitate
381 2927 599 2966 Taurinensi
618 2926 728 2978 prof„
759 2926 799 2962 in
821 2937 929 2975 opere
953 2923 1054 2976 quod

247 2994 394 3033 duobus
417 2991 668 3031 voluminibus
697 2993 736 3028 in
765 2986 810 3039 40
838 2988 1053 3039 complexus

243 3068 297 3097 651
328 3073 339 3098 :
374 3056 432 3099 De
462 3070 639 3109 suprema
670 3055 821 3093 romani
850 3050 1051 3103 Pontificis

1118 2131 1173 2169 dit
1187 2130 1283 2169 hanc
1297 2144 1441 2182 semper
1457 2130 1645 2168 inhaesisse
1656 2127 1829 2166 Ecclesiae
1852 2129 1928 2180 gal·
1992 2148 1994 2150 v

1120 2197 1250 2237 licanae
1298 2194 1523 2235 sententiam
1567 2194 1613 2232 de
1654 2194 1845 2244 pontificia
1891 2196 1932 2233 in

1121 2263 1275 2302 decretis
1300 2263 1515 2313 dogmaticis
1541 2258 1810 2298 infallibilitate
1825 2287 1837 2309 ,
1860 2252 1933 2297 do-
1994 2267 2005 2272 ”

1122 2330 1307 2367 cumentis
1330 2327 1542 2378 omnigenis
1564 2326 1604 2362 in
1625 2325 1738 2375 priori
1753 2332 1854 2375 parte
1870 2324 1933 2362 de·
1982 2327 2007 2363 i'

1123 2401 1312 2441 monstrat,
1338 2394 1449 2430 etiam
1473 2392 1519 2428 ab
1543 2404 1607 2429 an.
1626 2387 1728 2427 1680
1750 2403 1867 2442 usque
1888 2388 1936 2427 ad

1122 2467 1265 2496 aetatem
1279 2471 1383 2495 suam
1404 2460 1573 2495 strenuos
1589 2468 1733 2506 semper
1745 2462 1934 2493 assertores
1992 2486 1996 2487 ⁷

1123 2532 1159 2563 et
1181 2524 1344 2563 vindices
1365 2524 1471 2562 avitae
1498 2522 1674 2560 doctrinae
1704 2523 1744 2559 in
1772 2520 1934 2559 Ecclesia

1124 2590 1302 2642 gallicana
1324 2589 1496 2641 viguisse.
1519 2587 1599 2626 Hoc
1622 2601 1713 2639 opus
1734 2587 1856 2625 denuo
1877 2596 1934 2621 re-

1125 2670 1254 2699 cusum
1279 2663 1333 2694 est
1360 2668 1494 2706 paucos
1519 2660 1605 2692 ante
1632 2665 1747 2691 annos
1774 2650 1934 2700 Mogun-

1125 2723 1209 2770 tiae,
1240 2735 1283 2760 ac
1303 2721 1367 2758 Pio
1396 2718 1465 2758 Vll
1499 2721 1665 2757 immort.
1701 2730 1811 2754 mem.
1836 2728 1935 2752 nun·-

1123 2795 1313 2840 cupatum.
1334 2785 1414 2824 Cfr.
1440 2787 1550 2824 etiam
1572 2784 1677 2822 Com.
1694 2781 1748 2819 De
1760 2780 1928 2828 Maistre‚

1120 2851 1188 2891 Du
1215 2853 1351 2905 Papo,
1377 2849 1444 2890 liv.
1471 2862 1514 2897 1,
1540 2849 1603 2887 ch.
1634 2859 1670 2885 1.

1178 2920 1228 2972 (1)
1260 2918 1387 2970 Epist.
1413 2928 1485 2955 cvl.
1501 2914 1589 2952 edit.
1602 2910 1737 2950 Baller.
1750 2909 1801 2950 ad
1817 2909 1928 2949 Ana-

1118 2986 1253 3026 tolium
1276 2983 1414 3037 Episc.
1444 2979 1643 3018 Constant.
1669 2992 1751 3030 cap.
1778 2975 1818 3017 5.
