2028 3354
1678 175 1772 222 257

411 193 535 222 PAn'r.
571 193 603 222 1.
644 192 740 221 CAP.
776 191 838 223 lv.
878 193 931 221 ΒΕ
966 192 1181 224 ECCLESIAE
1210 193 1409 223 DOTIBUS.

84 305 135 351 in
162 313 376 352 concreto
400 308 503 367 jus,
534 320 615 352 seu
637 303 806 352 veritas
836 313 916 352 aut
935 304 1134 364 falsitas,
1165 304 1441 352 orthodoxia
1480 313 1561 353 aut
1586 303 1779 353 hetero-

86 380 220 428 doxia
253 381 439 443 alicujus
470 379 690 428 doctrinae
728 381 935 444 exurgit7
971 389 1018 429 et
1047 398 1153 428 cum
1179 398 1296 446 quo,
1334 381 1403 428 uti
1444 380 1669 442 diximus,
1709 390 1781 429 est

84 457 340 505 necessario
374 466 420 503 et
452 456 823 522 inseparabiliter
850 473 1113 505 connexum
1146 466 1286 521 atque
1311 455 1371 503 ab
1403 473 1457 504 eo
1484 457 1775 523 dependens.

150 532 260 579 389.
300 533 588 592 Janseniani7
619 542 669 579 ut
692 532 936 580 eluderent
957 532 1308 579 damnationem
1328 533 1538 597 quinque
1567 534 1781 598 proposi-

83 609 264 655 tionum
284 643 298 669 ,
334 625 435 674 quae
474 609 703 673 decerptae
734 616 868 656 erant
901 625 957 654 ex
996 607 1271 670 Anqustino
1302 608 1510 654 Jansenii
1533 645 1545 667 7
1575 609 1781 658 Arnaldo

82 684 222 745 duce,
257 694 502 750 coeperunt
533 685 814 748 distinguere
846 682 970 729 inter
993 686 1085 743 jus
1118 690 1166 728 et
1192 685 1399 744 factum.
1437 685 1782 749 propositiones

83 760 214 820 illas7
245 761 293 807 in
323 778 371 809 se
400 770 626 826 spectatas
644 796 657 821 7
692 757 888 825 professi
913 766 1025 804 sunt
1055 757 1226 805 merito
1255 758 1539 823 proscriptas
1559 796 1571 819 7
1610 778 1779 826 easque

82 854 130 883 se
157 854 215 883 ex
241 837 378 884 corde
397 846 449 883 ut
468 836 703 883 haereticas
728 850 914 899 quoque
939 833 1191 891 damnare;
1226 850 1422 894 verum7
1444 843 1547 901 tum
1567 852 1643 882 eas
1666 853 1782 883 oon-

82 912 221 959 tineri
246 914 295 959 in
323 913 535 960 Jansenii
557 912 856 973 Augustino,
887 926 941 956 ac
969 910 1017 956 in
1043 918 1204 957 mente
1227 919 1274 957 et
1294 927 1432 958 sensu
1455 913 1667 959 Jansenii
1694 912 1784 961 hae·

82 989 249 1036 reticas
274 1006 371 1035 esse
387 1025 399 1048 7
425 987 666 1052 protestati
691 995 802 1033 sunt
815 984 945 1032 nulla
965 1003 1012 1032 se
1031 986 1213 1033 ratione
1232 986 1399 1034 adduci
1422 1005 1576 1052 posse7
1601 999 1653 1038 ut
1676 1007 1777 1038 cre-

83 1064 250 1111 derent
281 1081 331 1110 ac
361 1064 706 1128 profiterentur.
744 1064 891 1120 Nam7
930 1071 982 1108 ut
1015 1062 1103 1126 ipsi
1136 1061 1350 1124 aiebant,
1393 1064 1481 1111 hoe
1507 1066 1682 1113 factum
1712 1077 1784 1114 est

83 1157 210 1186 mere
240 1139 526 1197 humanum3
560 1138 673 1185 circa
704 1138 877 1185 factum
906 1148 1064 1184 autem
1099 1138 1363 1186 humanum
1383 1176 1395 1198 7
1432 1141 1683 1190 Ecclesiam
1714 1143 1785 1190 in-

81 1214 359 1262 fallibilitate
386 1215 579 1262 minime
600 1214 776 1279 pollere
793 1250 805 1273 7
839 1213 965 1278 apud
984 1231 1150 1261 omnes
1173 1215 1222 1260 in
1253 1215 1461 1262 confesso
1484 1226 1569 1264 est.
1594 1219 1660 1265 Ex
1690 1236 1783 1284 quo

84 1290 351 1338 inferebant
375 1308 423 1338 se
446 1307 531 1338 nec
553 1289 722 1338 debere
740 1325 752 1349 7
784 1306 870 1336 nec
894 1306 1028 1354 posse
1053 1288 1267 1354 obsequi,
1298 1290 1568 1340 obluctante
1594 1295 1784 1360 propria

80 1384 160 1414 sua
199 1367 503 1423 conscientia7
531 1366 825 1413 damnationi
860 1374 906 1413 et
931 1383 1138 1413 censurae
1171 1367 1379 1432 quinque
1406 1370 1782 1434 propositionum

80 1445 130 1489 in
166 1460 306 1490 sensu
341 1443 537 1490 auctoris
563 1441 649 1507 (l).
679 1443 775 1488 Hac
799 1442 976 1489 ratione
1001 1442 1277 1489 Janseniani
1306 1443 1643 1493 adnitebantur
1665 1447 1784 1494 effu-

81 1535 187 1581 gere
211 1519 515 1582 promeritam
541 1517 891 1565 damnationem
910 1553 922 1576 7
942 1517 993 1563 in
1015 1534 1108 1582 quo
1126 1519 1301 1582 pariter
1318 1519 1490 1568 iterum
1512 1521 1777 1588 iterumque

85 1594 273 1641 fuerunt
300 1595 548 1659 proscripti
568 1594 654 1658 (2).

137 1792 190 1844 (1)
225 1793 356 1832 Totam
383 1795 559 1846 originem
592 1808 634 1833 ae
669 1808 897 1847 progressum
968 1793 1034 1834 dri
1066 1809 1117 1833 vn
1150 1795 1421 1848 subscripsisse
1456 1799 1636 1849 quidem,
1670 1801 1779 1840 nibi—

83 1860 195 1913 hujus
212 1860 460 1899 distinctionis
484 1863 625 1913 copiose
645 1863 755 1901 refert
779 1862 900 1901 Tour-

84 1926 184 1979 nely,
204 1928 243 1963 in
255 1934 367 1966 tract.
384 1925 446 1963 De
456 1928 600 1977 qratia,
613 1937 706 1979 part.
721 1941 748 1974 17
766 1935 897 1980 quaest.

85 2004 125 2030 ιιι
144 2020 154 2038 ,
173 1991 310 2042 epocha
328 1994 431 2030 tertia
443 1994 670 2044 jansenismi.
692 1992 768 2032 Csr.
788 1996 896 2032 etiam

90 2055 165 2094 OE
167 2070 277 2095 uvres
288 2056 333 2094 de
349 2057 391 2095 F
389 2057 532 2103 ἑηέΙοη,
552 2058 760 2106 versantes,
781 2058 896 2106 1821,

86 2129 180 2160 tom.
215 2138 261 2168 x,
293 2121 598 2162 Avertissement
624 2124 670 2162 de
700 2123 897 2172 l'editeur7

88 2199 206 2237 prem.
227 2190 338 2239 partie
355 2202 367 2227 ι
384 2191 521 2227 Precis
531 2190 821 2240 doqmatique...
837 2190 900 2227 des

90 2264 236 2290 errears
247 2254 542 2306 clujanse'nisme
551 2269 652 2308 pour
663 2257 784 2293 servir
799 2256 900 2294 d’in-

91 2316 303 2356 troduction
323 2333 402 2358 aux
432 2322 545 2359 ecrits
567 2320 611 2358 cle
639 2320 811 2359 Fenelon
831 2334 900 2359 sur

91 2387 182 2419 cette
196 2383 352 2422 matiere
366 2415 378 2433 7
396 2395 466 2425 art.
488 2400 503 2424 1
521 2418 532 2436 7
551 2385 572 2439 ξ
591 2398 636 2439 17
655 2416 666 2434 7
685 2385 899 2425 Deuaeieme

91 2447 306 2499 subterfuqe
335 2477 347 2496 7
392 2449 423 2487 le
472 2451 610 2490 silence
657 2458 900 2503 respectueux

94 2526 163 2551 sm·
195 2513 227 2551 le
250 2514 330 2565 fait
347 2514 394 2552 de
420 2513 657 2565 dameam,
687 2532 769 2569 pag.
794 2530 838 2557 21
865 2526 900 2556 et

95 2592 200 2630 seqq.
597 2573 600 2578 ⁸

150 2643 202 2694 (2)
232 2643 316 2682 Huc
336 2652 476 2696 spectat
501 2646 656 2684 celebris
679 2660 789 2686 casus
809 2661 899 2686 con·

92 2709 282 2757 scientiae,
305 2724 380 2762 quo
393 2711 542 2761 fingitur
562 2711 714 2751 clericus
727 2741 739 2760 ,
761 2716 821 2752 eui
834 2713 900 2751 ab·

94 2773 226 2812 solutio
249 2776 519 2814 sacramentalis
543 2775 720 2828 denegata
743 2778 813 2816 fuit
824 2806 837 2826 ,
857 2791 899 2816 eo

95 2839 195 2891 quod
224 2841 438 2882 declarasset
454 2872 464 2890 ‚
495 2856 534 2880 se
572 2856 702 2882 revera
732 2845 901 2896 quinque

92 2898 364 2956 propositiones
399 2906 624 2961 simpliciter
665 2917 699 2947 et
738 2909 901 2948 absolute

96 2970 303 3020 damnare,
333 2986 379 3012 ac
401 2974 577 3025 formuloe
600 2974 693 3026 fidei
730 2974 896 3017 Alexan-

161 3034 210 3083 Τ,
257 3036 368 3083 VIII.

968 1860 1150 1908 lominus,
1165 1869 1351 1912 quantum
1367 1863 1420 1901 act
1428 1866 1672 1914 quaestionem
1680 1867 1782 1918 facti

967 1940 1034 1964 seu
1083 1927 1369 1967 attributionem
1409 1929 1567 1968 illarum
1610 1934 1780 1983 quinque

962 1994 1271 2044 propositionum
1309 1993 1406 2033 libro
1435 1995 1650 2045 Jansenst,
1675 1999 1778 2036 emis-

966 2059 1103 2096 timare
1134 2072 1173 2095 se
1206 2058 1426 2110 religiosa-m
1465 2062 1632 2113 sufficere
1659 2062 1778 2101 silen-

968 2124 1079 2161 tium.
1116 2122 1236 2174 Quem
1274 2138 1398 2162 casum
1435 2127 1679 2179 quadraginta
1712 2127 1780 2166 do-

967 2193 1083 2227 ctores
1099 2191 1312 2241 parisienses
1323 2191 1377 2228 his
1392 2192 1513 2230 verbis
1525 2192 1778 2232 resolverunt:

970 2253 1152 2293 Doctores
1172 2256 1437 2309 infrascripti,
1469 2259 1554 2295 visa
1581 2271 1692 2296 casus
1713 2273 1779 2297 ex-

962 2320 1153 2371 positione
1170 2350 1180 2368 7
1199 2319 1316 2373 hujus
1338 2322 1585 2361 ecclesiastici
1596 2325 1676 2362 viri
1694 2337 1779 2362 sen-

969 2386 1129 2423 tentiam
1166 2399 1234 2424 nec
1259 2400 1398 2425 novam
1420 2401 1497 2425 esse
1513 2417 1523 2437 ‚
1543 2402 1611 2427 nec
1638 2391 1777 2441 sinqu-

970 2450 1105 2499 larem,
1131 2464 1201 2490 nec
1227 2452 1275 2490 ab
1309 2451 1489 2492 Ecclesia
1527 2455 1776 2506 damnata-m,

969 2528 1087 2567 neque
1118 2516 1254 2565 talem,
1291 2527 1336 2556 nt
1373 2519 1630 2571 confessarius
1656 2524 1780 2573 possit

970 2582 1047 2633 ipsi
1077 2583 1388 2622 sacramentalem
1420 2585 1603 2638 denegare
1628 2587 1778 2626 ahsolu-

968 2648 1109 2687 tionem
1123 2680 1134 2697 7
1157 2652 1240 2689 nisi
1261 2664 1344 2689 eam
1378 2654 1649 2691 retractaverit.
1670 2652 1778 2693 Deli-

969 2715 1138 2755 beratum
1170 2719 1216 2756 in
1255 2715 1428 2758 Sarbena
1474 2720 1538 2758 die
1581 2731 1632 2759 πο
1672 2719 1780 2758 ,salii

970 2793 1038 2819 an.
1063 2794 1178 2835 ¹7⁰¹·
1206 2783 1269 2822 Ast
1287 2784 1383 2823 hanc
1407 2787 1679 2836 responsionem
1694 2785 1777 2824 Cle-

971 2860 1075 2884 mens
1097 2859 1134 2886 xl
1147 2848 1335 2889 damnavit
1356 2864 1398 2889 ae
1412 2851 1642 2901 reprobavit,
1664 2865 1776 2903 appo-

971 2912 1038 2950 sito
1051 2911 1195 2953 decreto
1212 2915 1296 2953 dato
1318 2915 1376 2954 die
1401 2915 1446 2953 13
1459 2915 1564 2954 Febr.
1578 2930 1639 2956 an.
1657 2915 1771 2968 ¹7⁰3·

964 2977 1042 3017 cfr.
1061 2979 1122 3016 cit.
1144 2988 1323 3019 auctores.

1525 3044 1580 3089 17

1375 3099 1386 3117 Χ
