2028 3354
230 202 325 249 430
701 219 853 249 ΤΒΑΟΤ.
897 220 950 248 nu
985 219 1106 249 Locis
1140 221 1450 253 THEOLOGICIS.

230 337 281 382 in
310 351 471 382 omnes
510 333 757 397 Episcopos
790 350 872 379 suo
896 332 1033 380 modo
1069 331 1285 381 derivatae
1311 335 1401 400 (l).
1437 335 1566 383 Idem
1588 335 1661 383 dic
1685 335 1743 382 de
1764 334 1927 400 appel-

229 411 401 459 latione
440 410 630 458 Vicani
671 409 877 464 Christi,
914 426 1004 473 qua
1040 409 1215 473 pariter
1246 410 1485 458 interdum
1503 411 1664 459 donati
1697 420 1808 458 sunt
1827 410 1931 475 Epi-

229 487 355 551 scopi
374 495 513 550 atque
537 486 676 532 etiarn
702 484 990 550 Presbyteri,
1017 495 1249 549 quatenus
1273 486 1323 531 in
1350 487 1607 535 ministerio
1631 506 1716 553 pro
1745 487 1930 534 Christo

226 562 456 626 legatione
475 563 733 626 funguntur
756 563 846 625 (2).

305 639 414 685 616.
457 638 560 701 Ohj.
616 638 833 686 secunda.
880 640 929 684 10
985 638 1138 686 Semel
1188 639 1461 704 episcopatu
1508 640 1757 690 universali
1808 658 1926 687 rom.

223 715 467 765 Pontificis—
485 714 735 761 constituto
751 750 763 773 7
787 714 1002 780 Episcopi
1021 715 1275 762 evaderent
1305 715 1505 762 totidem
1524 717 1731 779 ejusdem
1770 717 1931 765 vicarii

225 803 272 842 et
299 792 502 840 ministri
517 827 529 851 7
569 790 696 856 quod
718 800 840 838 esset
863 799 1073 838 evertere
1102 791 1456 838 ecclesiasticam
1477 792 1786 839 hierarchiam
1808 792 1930 840 divi-

223 871 349 917 nitus
385 868 665 915 institutam.
706 868 761 912 2⁰
806 867 1052 913 Ordinaria
1083 869 1218 932 Papae
1257 877 1461 932 potestas
1493 869 1542 914 in
1575 868 1735 916 alienis
1767 868 1931 916 dioece-

226 945 351 993 sibus
381 945 582 992 excitare
616 943 749 990 facile
783 952 936 1007 posset
971 942 1297 1001 turbamenta,
1328 945 1678 1005 contentiones,
1717 943 1933 992 scandala

227 1031 274 1069 et
311 1023 361 1067 in
392 1021 617 1084 legitimos
640 1028 847 1084 pastores
887 1027 1237 1083 contemptum.
1264 1020 1315 1065 30
1346 1022 1462 1067 Fieri
1491 1031 1713 1084 praeterea
1736 1022 1930 1086 nequit,

226 1107 279 1145 ut
309 1115 427 1144 unus
448 1114 564 1143 rom.
606 1095 819 1142 Pontifex
856 1104 979 1141 recte
1003 1096 1146 1159 possit
1187 1094 1433 1159 providere
1461 1097 1687 1157 Ecclesiae,
1719 1115 1805 1163 per
1836 1098 1935 1143 uni-

226 1191 417 1224 versum
449 1172 611 1220 orbem
634 1172 868 1237 dispersae.
906 1172 1068 1236 Neque
1098 1170 1156 1218 ab
1192 1171 1278 1219 hac
1310 1172 1540 1218 sententia
1581 1173 1801 1221 abhorret
1826 1173 1932 1220 Bel-

225 1252 455 1318 larminus
475 1286 487 1309 7
513 1249 593 1315 qui
620 1249 840 1314 inquirit,
869 1258 1029 1294 utrum
1067 1247 1327 1314 expeditius
1355 1248 1473 1294 foret
1509 1246 1568 1294 ab
1591 1265 1684 1294 uno
1721 1250 1934 1313 Principe

226 1330 322 1393 regi
341 1337 493 1375 totum
507 1336 738 1374 terrarum
761 1325 956 1372 orbem?
981 1326 1300 1383 Quaestionem
1318 1342 1456 1389 porro
1482 1324 1695 1388 negative
1713 1324 1902 1372 resolvit
1919 1361 1931 1384 7

228 1424 372 1473 quum
397 1405 497 1452 fieri
523 1421 620 1450 non
644 1404 789 1469 possit
805 1440 816 1461 7
843 1412 896 1449 ut
914 1401 972 1449 ab
990 1419 1083 1449 uno
1104 1403 1317 1467 Principe
1336 1411 1406 1448 tot
1426 1411 1616 1467 tamque
1639 1402 1933 1449 dissimilium

228 1484 469 1531 nationem
495 1482 703 1545 regimen
728 1479 957 1527 habeatur
993 1497 1078 1545 per
1106 1479 1343 1525 ministros
1380 1478 1554 1543 absque
1592 1479 1814 1541 injustitia
1838 1478 1923 1542 (3)-

294 1560 405 1608 617.
448 1561 581 1623 Resp.
613 1558 681 1604 Ad
707 1559 796 1617 lm,
818 1557 939 1620 Neq.
966 1558 1200 1620 sequelam
1228 1593 1241 1611 ‚
1279 1573 1385 1602 cum
1423 1556 1712 1621 episcopatus
1753 1556 1935 1603 univer-

231 1637 338 1685 salis
355 1674 367 1697 7
394 1654 535 1701 quem
555 1653 673 1682 rom.
706 1634 917 1682 Pontifici
936 1634 1220 1681 adstruimus
1238 1670 1250 1687 .‚
1276 1651 1374 1680 non
1401 1632 1617 1680 excludat
1639 1633 1930 1697 episcopatus

231 1714 562 1780 particulares,
606 1713 701 1758 imo
741 1720 989 1777 supponat.
1035 1712 1130 1758 Nec
1166 1711 1291 1757 enim
1334 1727 1553 1756 romanus
1607 1708 1819 1756 Pontifex
1851 1725 1935 1771 per

232 1793 469 1858 episcopos
509 1789 654 1838 veluti
693 1805 776 1854 per
821 1788 1121 1835 administros
1171 1795 1251 1833 aut
1292 1786 1483 1833 vicarios
1531 1802 1635 1832 suos
1689 1782 1935 1830 Ecclesiam

230 1869 374 1931 regit,
430 1865 511 1913 sed
567 1882 642 1912 eos
698 1864 938 1912 constituit
978 1873 1205 1929 tanquam
1258 1862 1454 1909 totidem
1500 1861 1762 1926 principes,
1812 1858 1933 1905 ordi-

230 1946 361 1994 naria
395 1951 625 2010 potestate
661 1942 910 1989 instructos
950 1940 1009 1987 ad
1043 1941 1405 2004 uniuscujusque
1444 1936 1651 1985 Ecclesiae
1692 1933 1935 2001 peculiaris

229 2023 407 2070 bonum
423 2057 435 2080 7
456 2020 669 2086 quamvis
690 2035 796 2065 cum
820 2016 976 2064 dehita
997 2015 1284 2079 subjectione
1302 2016 1351 2061 in
1375 2015 1510 2076 hujus
1540 2013 1779 2083 potestatis
1808 2026 1936 2057 exer-

230 2100 336 2147 citio
366 2117 392 2145 a
437 2112 631 2144 romana
664 2095 806 2152 Sede,
853 2093 911 2140 ad
945 2093 1224 2142 servandam
1263 2091 1494 2138 unitatem
1538 2098 1641 2136 tum
1679 2086 1788 2134 fidei
1830 2094 1933 2131 tum

230 2173 573 2225 communionis
603 2173 652 2218 in
681 2170 875 2218 Ecclesia
903 2169 1137 2217 universa.
1176 2171 1306 2215 Tunc
1343 2166 1493 2214 solum
1522 2162 1780 2211 intervenit
1816 2177 1932 2208 auc-

231 2255 417 2301 toritate
441 2268 523 2298 sua
550 2266 667 2296 rom.
696 2246 936 2305 Pontifex,
975 2263 1082 2292 cum
1109 2254 1190 2292 aut
1207 2245 1395 2306 alicujus
1416 2239 1658 2307 peculiaris
1684 2238 1933 2285 dioeceseos

231 2340 312 2378 aut
344 2329 550 2377 Ecclesiae
583 2323 858 2373 universalis
892 2321 1065 2369 utilitas
1096 2323 1193 2369 sive
1228 2320 1476 2368 necessitas
1499 2316 1548 2363 id
1584 2317 1738 2381 ipsum
1767 2322 1933 2379 postu-

230 2407 298 2454 lat
325 2406 413 2468 (4).

298 2481 408 2528 618.
445 2479 516 2527 Ad
550 2480 643 2537 ‘2¹27
676 2478 797 2541 Ney.
850 2479 980 2522 Patet
1015 2474 1246 2539 siquidem
1284 2489 1341 2519 ex
1385 2469 1523 2516 modo
1557 2469 1717 2527 dictis,
1751 2465 1931 2513 nullam

233 2573 419 2625 prorsus
441 2556 618 2619 jurium
647 2554 962 2611 collisionem,
992 2550 1142 2598 nullas
1168 2547 1541 2605 colluctationeS,
1567 2543 1780 2593 scandala
1803 2539 1929 2588 nulla

234 2644 315 2683 aut
340 2640 663 2697 contemptum
695 2630 940 2696 provenire
968 2629 1016 2674 in
1046 2627 1274 2689 subjectos
1297 2623 1511 2672 Praelatos
1529 2639 1585 2669 ex
1605 2619 1783 2668 romani
1809 2618 1929 2662 Pon-

290 2783 344 2839 (1)
374 2785 454 2824 cfr,
477 2784 575 2823 idem
595 2781 850 2836 Raynaudus,
880 2778 974 2819 ibid.
1003 2779 1050 2819 ad
1173 2777 1225 2830 (3)
1262 2775 1321 2815 De
1334 2770 1776 2824 rom.Pontifice,lib.1‚
1793 2781 1928 2821 cap-9,

235 2867 363 2893 vocem
380 2849 581 2891 Successor
603 2849 731 2887 Petri.
1116 2860 1157 2884 n.
1190 2857 1257 2895 7¹·

293 2918 346 2970 (2)
376 2916 452 2955 Cfr.
483 2914 621 2954 Natalis
645 2913 763 2959 Alex„
782 2912 870 2951 diss.
905 2913 969 2949 cit.
1003 2910 1049 2949 ad
1172 2909 1225 2960 (4)
1256 2908 1333 2947 cfr.
1359 2906 1595 2951 Ballerinius,
1616 2900 1660 2939 V
1658 2900 1816 2939 indiciae
1834 2912 1928 2938 auc·-

237 2984 369 3037 object.
394 2980 436 3031 4.
1112 2976 1278 3014 toritatis
1293 2970 1509 3023 Pontificiae
1524 2998 1534 3016 7
1553 2974 1684 3006 contra
1701 2979 1794 3019 opus
1813 2964 1919 3004 Just.

1115 3039 1303 3078 Fobronii
1320 3067 1330 3086 ‚
1355 3050 1437 3088 cap.
1464 3035 1486 3073 3
1504 3063 1514 3083 ‚
1542 3048 1582 3073 n.
1608 3034 1631 3072 3
1656 3041 1692 3072 et
1714 3046 1817 3084 seqq.
