2028 3354
233 198 294 247 70
697 213 853 244 ‘ramw-
891 214 945 243 nn
981 215 1096 246 coms
1130 215 1427 246 rnnoioclcls.

298 329 404 378 118.
441 330 556 376 Cum
588 344 644 373 ex
671 326 758 373 hoc
781 334 942 374 mutuo
975 331 1274 389 commercio7
1308 339 1361 377 ut
1389 329 1588 376 diximus
1607 365 1619 388 7
1656 329 1749 376 vita
1774 327 1893 377 efflo-

234 414 380 453 rescat
395 440 408 462 7
433 401 673 451 efflorescit
703 410 751 448 et
777 403 930 448 unitas
947 437 960 461 7
991 398 1384 467 quemadmodum
1407 406 1559 452 unitas
1584 420 1789 469 personae
1817 421 1895 451 seu

234 478 463 528 individui
509 477 557 523 in
587 478 824 542 supposito
850 476 1054 524 humano
1104 495 1156 524 ac
1187 480 1281 526 vita
1325 498 1381 527 ex
1424 482 1589 528 animae
1619 488 1665 527 et
1693 481 1894 544 corporis

231 564 393 601 mutuo
426 552 698 599 commercio
718 552 976 618 profluunt.
1005 552 1147 600 Valde
1172 563 1414 618 propterea
1436 556 1626 604 interest
1642 591 1654 614 7
1681 564 1897 601 mutuum

229 627 454 692 ejusmodi
475 629 596 676 inter
614 628 818 675 animam
836 637 882 675 et
902 645 1066 694 corpus
1087 628 1290 676 Ecclesiae
1308 633 1633 679 commercium
1662 631 1898 677 adstruere

229 704 288 751 ob
307 705 570 768 gravissima
586 740 598 763 7
624 720 724 768 quae
744 703 910 753 exinde
935 703 1145 768 pendent
1167 704 1402 752 corollaria
1418 741 1430 763 7
1459 706 1517 754 de
1536 707 1700 771 quibus
1720 724 1745 754 a
1766 704 1898 752 nobis

226 780 364 845 paulo
382 789 488 845 post
508 779 740 844 agendum
763 780 868 829 erit.
890 780 955 826 Sit
979 780 1119 843 igitur

897 920 1162 963 PROPOSIT
1165 920 1237 963 10.

226 1038 452 1082 Mutuum
486 1038 649 1082 existit
681 1037 809 1081 inter
844 1036 1065 1080 animam
1104 1042 1149 1080 et
1181 1051 1352 1097 corpus
1394 1033 1619 1081 Ecclesice
1650 1053 1681 1082 a
1724 1036 1904 1082 Christo

291 1112 525 1157 institutae
554 1113 921 1166 commercium,
957 1127 1048 1172 quo
1077 1113 1234 1172 ipsam
1264 1111 1632 1172 supernaturali
1655 1112 1790 1158 modo
1806 1114 1905 1173 ju-

286 1189 413 1250 9iter
440 1190 592 1233 vivere
622 1193 666 1231 et
690 1203 827 1249 affere
853 1188 1113 1232 certissime
1135 1185 1514 1248 deprehenditur.

298 1317 408 1362 119.
447 1316 555 1364 Ideo
586 1317 636 1362 in
676 1316 990 1381 propositione
1033 1316 1324 1363 enuncianda
1363 1315 1608 1377 adjecimus
1649 1314 1790 1363 verba
1826 1315 1904 1362 illa

229 1393 597 1455 supernaturali
617 1392 782 1448 modo,
813 1391 861 1437 id
877 1400 945 1438 est
962 1428 975 1452 7
1006 1391 1188 1452 divino,
1214 1393 1318 1456 quia
1338 1390 1661 1438 contendimus
1678 1426 1690 1449 7
1723 1407 1820 1437 non
1841 1391 1907 1438 vi·

228 1477 326 1514 tam
350 1466 735 1531 qualemcumque
756 1466 963 1513 Ecclesiae
992 1467 1224 1515 vindicare
1241 1503 1254 1525 7
1279 1467 1360 1513 sed
1384 1483 1486 1512 eam
1502 1502 1514 1525 7
1535 1483 1634 1530 quae
1660 1483 1716 1513 ex
1740 1466 1903 1512 intima

229 1546 326 1604 ejus
360 1542 683 1603 conjunctione
719 1558 824 1589 cum
856 1540 1037 1588 Christo
1071 1543 1282 1604 exurgit7
1323 1557 1462 1605 quam
1483 1545 1656 1604 juyem
1682 1550 1905 1605 praeterea

229 1634 325 1665 esse
355 1616 653 1664 adstruimus.

297 1693 405 1739 120.
446 1694 562 1740 Cum
591 1709 730 1758 porro
750 1710 818 1740 ·ex
851 1692 983 1740 dietis
1019 1693 1080 1740 ad
1116 1692 1342 1755 ejusmodi
1369 1692 1699 1739 commercium
1731 1693 1908 1740 consti-

228 1768 456 1816 tuendum
480 1768 571 1815 duo
595 1777 870 1815 concurrant
889 1804 901 1825 7
931 1768 1057 1815 aliud
1075 1786 1129 1816 ex
1155 1785 1345 1833 corpore
1367 1768 1416 1814 in
1438 1768 1668 1824 animam,
1701 1767 1826 1814 aliud
1849 1785 1906 1815 ex

229 1845 384 1893 anima
403 1846 452 1891 in
475 1863 640 1910 corpus
652 1880 669 1902 ,
699 1845 758 1892 ob
787 1854 998 1892 mutuam
1015 1846 1243 1892 actionem
1269 1861 1320 1891 ac
1341 1845 1618 1891 reactionem
1636 1844 1875 1909 utriusque
1891 1880 1904 1904 7

228 1938 308 1969 seu
340 1938 481 1985 quam
510 1930 726 1968 exercent
755 1921 814 1968 ad
847 1921 1073 1980 invicem3
1107 1921 1166 1967 ad
1198 1920 1316 1968 illud
1347 1918 1724 1967 constituendum
1757 1919 1849 1966 duo
1881 1937 1907 1967 a

227 2074 484 2112 Instruments
520 2074 577 2111 dw
615 2072 746 2111 Christ
773 2075 841 2125 qui
873 2074 1034 2124 aqissait

227 2153 275 2178 en
306 2152 407 2185 eum,
438 2138 487 2177 ils
525 2139 764 2191 apponerent
799 2138 952 2189 l'imaqe
988 2138 1033 2176 de

229 2204 401 2243 l’homme
434 2204 563 2243 celeste
597 2204 694 2242 dans
724 2204 788 2242 des
824 2216 944 2241 coeurs
964 2205 1034 2255 qui

218 2269 423 2322 jusque-la
455 2271 652 2308 n’avaient
683 2269 804 2321 reflete
841 2282 911 2319 que
944 2268 1032 2307 celle

230 2335 276 2373 de
306 2335 479 2373 l’homme
515 2341 700 2373 terrestre.
748 2333 808 2372 Or
834 2333 878 2371 de
913 2335 1030 2371 meme

230 2400 342 2451 qu’ils
361 2401 516 2439 avaient
535 2404 590 2439 όιέ
604 2404 761 2451 envoyes
778 2412 857 2451 par
875 2397 908 2436 le
927 2398 1028 2437 Sau-

226 2476 317 2501 veur
333 2493 345 2511 7
375 2465 400 2502 ὰ
428 2464 511 2503 leur
539 2471 625 2503 tour
648 2463 696 2501 ils
725 2464 946 2515 envoyerent
967 2464 1028 2501 des

233 2529 413 2581 disciples
425 2532 493 2580 qui
505 2531 699 2583 perierem
708 2529 798 2581 plus
816 2529 896 2567 loin
913 2528 950 2567 la
968 2530 1028 2567 di-

226 2596 316 2632 vine
338 2593 488 2646 parole,
510 2603 547 2634 et
561 2593 651 2633 0’est
673 2594 780 2632 ainsi
804 2607 875 2645 que
892 2622 903 2641 ‚
933 2594 1028 2634 dans

225 2667 309 2698 tous
327 2659 379 2698 les
405 2660 533 2699 siecles
552 2690 562 2708 ‚
589 2659 635 2697 de
670 2659 830 2711 l‘quise
849 2660 983 2699 visible
1004 2676 1029 2701 a

225 2724 371 2764 decoule
404 2724 622 2764 l’invisible.
655 2726 759 2765 Telle
786 2732 840 2764 est
865 2729 972 2765 aussi
989 2727 1028 2766 la

226 2790 377 2829 marche
399 2791 469 2841 qui
486 2792 699 2829 entrainait
717 2790 826 2831 l'idee
848 2790 893 2829 de
909 2791 946 2829 la
965 2796 1027 2831 re·

225 2855 387 2894 velation
397 2842 609 2894 chr‘e'tienne
619 2869 630 2894 ε
642 2856 861 2894 institution
863 2857 1025 2908 positive

223 2927 259 2958 et
281 2927 529 2972 permanente
549 2949 563 2970 ‚
597 2920 878 2972 emeiqnement
902 2920 1023 2962 detor»

223 2989 327 3023 ‚nine
353 2984 451 3024 dam
474 2999 532 3024 ses
561 2985 710 3038 doqmes
732 2993 767 3025 et
795 3000 852 3025 ses
868 2990 1021 3040 precep-

1101 2080 1153 2111 tes
1168 2099 1180 2120 ,
1204 2071 1270 2110 elle
1299 2071 1516 2109 necessita&
1542 2084 1600 2109 un
1625 2072 1821 2109 ministere
1845 2073 1905 2109 vi-

1099 2144 1190 2175 vant
1233 2144 1267 2175 et
1296 2136 1482 2189 parlant,
1516 2135 1655 2186 auquel
1679 2141 1838 2186 pussent
1869 2148 1907 2172 ee

1098 2203 1288 2242 rattacher
1313 2215 1409 2241 ceux
1432 2202 1502 2252 qui
1534 2200 1744 2240 desiraient
1762 2200 1799 2239 la
1817 2214 1907 2239 con-

1099 2269 1236 2307 naitre.
1253 2268 1359 2320 Quod
1379 2267 1514 2306 deinde
1533 2266 1642 2304 latius
1659 2268 1904 2319 prosequitur,

1099 2348 1282 2386 exponens
1307 2336 1529 2373 contrarium
1560 2334 1788 2384 principium
1821 2346 1907 2384 pro-

1098 2402 1307 2445 testantium
1328 2429 1339 2448 ,
1360 2398 1467 2451 cujus
1491 2398 1750 2437 absurditatem
1768 2398 1907 2449 patefa—

1097 2468 1160 2505 cit.
1197 2465 1320 2517 Quum
1371 2478 1458 2503 vero
1497 2465 1630 2503 dicitur
1667 2478 1711 2503 ex
1744 2463 1906 2503 Ecclesia

1097 2528 1239 2569 visibili
1268 2530 1457 2569 efformari
1498 2530 1701 2568 Ecclesiam
1740 2526 1907 2567 invisibi-

1096 2596 1170 2634 lem
1188 2624 1199 2642 7
1225 2594 1380 2647 intelligi
1405 2595 1515 2634 debet
1535 2624 1546 2643 ‚
1570 2602 1680 2647 prout
1699 2593 1761 2631 illa
1773 2593 1906 2630 instru-

1095 2667 1263 2699 mentum
1275 2668 1311 2699 et
1326 2674 1502 2712 organum
1513 2668 1564 2699 est
1589 2672 1663 2712 quo
1683 2656 1782 2696 Deus
1791 2658 1906 2695 utitur

1094 2726 1140 2764 ad
1164 2726 1511 2765 communicandam
1548 2724 1702 2780 gratiam
1733 2722 1895 2760 sanctifi-

1094 2799 1236 2830 cantem
1258 2791 1482 2842 habitusqne
1495 2791 1669 2828 virtutum
1683 2800 1696 2838 ;
1712 2785 1896 2840 siquidem

1093 2870 1234 2909 semper
1248 2859 1322 2909 ipse
1338 2858 1433 2908 prior
1455 2862 1507 2894 est
1528 2854 1574 2893 ad
1589 2853 1810 2904 tangendum
1835 2865 1897 2891 cor

1092 2934 1156 2973 per
1179 2925 1330 2974 gratiam
1350 2918 1548 2960 actualem.
