2028 3354
452 176 575 208 PART.
613 178 646 205 1.
686 174 784 206 CAP.
824 176 888 205 lv.
924 176 978 204 DE
1014 175 1229 206 ECCLESIAE
1263 176 1459 206 nonnus.

1716 159 1811 207 223

122 309 216 340 suae
246 291 472 339 unitatem
491 326 503 349 .
533 307 629 338 non
657 289 904 336 hominum
922 326 934 349 a
962 289 1044 336 sed
1066 288 1346 353 Angelorum
1372 288 1617 337 Ecclesiam
1645 289 1808 337 condi—

119 369 276 416 disset.
311 368 525 415 Ceterum
566 367 603 413 si
642 376 803 432 agatur
832 366 890 413 de
917 365 1114 413 Ecclesia
1140 367 1357 414 universa
1396 383 1476 412 seu
1499 364 1556 412 de
1580 374 1678 413 toto
1710 383 1810 414 cor·

120 461 234 510 pore
251 480 264 499 ..
288 442 439 490 abillo
457 459 610 507 neque
633 442 857 505 ejusmodi
877 441 1075 489 charitas
1100 440 1259 489 abesse
1276 451 1455 506 potest3
1477 451 1809 506 potestantem

120 519 278 567 abesse
306 537 361 566 ex
384 529 517 584 parte
544 518 833 583 singulorum
860 517 1180 565 membrorum
1198 553 1209 574 ‚
1242 517 1369 564 salva
1396 518 1629 565 essentiali
1660 519 1807 566 Eccle-

121 597 196 643 siae
225 597 367 662 ipsius
403 597 583 645 unitate
621 595 707 660 (1).
742 597 806 642 Ex
839 594 951 641 falsa
980 609 1119 657 porro
1159 591 1533 642 adversariorum
1563 593 1813 660 hypothesi

178 793 399 846 (l)Optime
416 791 773 832 Maldonatusinilla
792 789 927 828 Christi
992 788 1069 826 lam
1101 789 1304 841 antiquam
1354 802 1421 828 seu
1441 790 1689 842 primitivam
1730 791 1810 831 Ec-

88 907 90 909 ,
122 859 254 907 verba,
284 860 391 898 Joan.
412 874 501 908 xm,
530 858 580 897 35
603 873 615 898 ε
634 858 689 896 In
705 858 773 896 hoc
792 869 927 908 coquo-

993 854 1150 893 cle-siam
1164 856 1274 894 nobis
1281 868 1391 908 posse
1413 856 1585 908 proebere
1596 857 1811 910 exemplum

122 932 228 963 sce-nt
248 939 377 963 omnes
391 956 401 973 ,
415 928 508 977 quia
521 923 707 976 discipuli
721 925 798 962 mei
810 924 899 961 estis
916 953 927 972 ‚
989 920 1087 972 fidei
1128 934 1207 959 suoe
1223 952 1234 968 ‚
1264 921 1451 973 quamdiu
1473 923 1519 960 in
1551 936 1590 960 se
1623 925 1811 962 unitatem

123 993 158 1028 si
179 990 415 1029 dilectionem
435 990 645 1027 habueritis
662 990 712 1027 ad
737 990 903 1027 invicem
917 1018 928 1036 ,

127 1059 288 1108 optime,
326 1058 475 1108 inquam
497 1085 507 1102 ‚
533 1056 658 1093 scribit
681 1069 690 1093 ε
715 1055 856 1094 Caveat
882 1053 932 1092 le-

127 1128 217 1170 ctor,
231 1134 278 1158 ne
289 1121 476 1159 existimet
487 1133 562 1168 eos,
576 1123 645 1172 qui
649 1121 678 1172 fi
682 1121 763 1158 dem
776 1120 928 1170 habent,

125 1180 322 1225 caritatem
347 1192 472 1224 autem
489 1199 566 1224 non
592 1186 757 1237 habent,
781 1186 933 1225 Christi

124 1265 202 1290 non
220 1265 299 1290 esse
322 1251 542 1304 discipulos.
573 1252 679 1291 Nam
712 1259 746 1290 et
771 1252 831 1289 illi
855 1266 933 1291 non

125 1318 247 1356 solum
270 1320 424 1356 nomine
440 1348 450 1366 ‚
473 1318 539 1356 sed
551 1332 591 1357 re
611 1321 728 1358 etiam
749 1321 835 1371 ipsa
858 1319 932 1358 dis·

125 1385 250 1438 cipuli
262 1392 352 1423 sunt
367 1415 377 1433 ‚
393 1399 480 1423 cum
501 1385 548 1422 ab
562 1399 602 1424 eo
622 1385 774 1423 discant
789 1414 802 1434 ,
822 1392 934 1437 atque

126 1450 188 1488 illi
203 1458 387 1502 tanquam
409 1463 495 1488 vero
506 1452 736 1502 proeceptori
747 1450 931 1499 credant,-

127 1523 292 1554 eeterum
314 1517 531 1554 imitatione
551 1529 697 1553 morum
717 1514 798 1567 ejus
818 1516 934 1553 disci·

125 1581 214 1633 puli
241 1595 321 1619 non
352 1588 466 1630 sunt,
492 1582 604 1633 quia,
631 1582 732 1633 quod
760 1581 938 1621 Christus

130 1647 287 1698 antiqu,
328 1649 408 1700 ipsi
439 1661 518 1685 non
549 1647 727 1699 diligunt.
760 1646 816 1686 Et
844 1649 937 1699 quia

129 1711 198 1751 hoc
224 1714 340 1750 etiam
365 1712 472 1750 modo
495 1712 576 1750 vult
612 1713 787 1751 Christus
810 1726 937 1750 omnes

127 1777 299 1816 'contines
323 1777 533 1830 discipulos
559 1791 646 1816 suos
668 1792 745 1816 esse
762 1808 773 1825 ‚
808 1784 843 1815 et
868 1778 939 1829 qui

128 1844 196 1881 hoc
232 1844 410 1894 faciunt,
446 1857 523 1881 non
558 1844 679 1882 solum
713 1848 798 1882 veri
819 1872 833 1892 ‚
873 1843 939 1881 sed

129 1910 244 1963 etiam
273 1909 434 1961 perfecti
479 1909 665 1963 discipuli
704 1912 786 1962 ejus
817 1916 934 1957 sunt,

130 1975 279 2013 indicat
297 1975 393 2014 alios
408 2006 417 2023 ‚
452 1976 521 2027 qui
538 1976 654 2026 fidem
682 1976 820 2014 habent
835 2005 847 2024 ‚
875 1976 936 2014 di-

131 2041 323 2081 lectionem
341 2049 466 2081 autem
488 2055 565 2080 nou
579 2043 734 2091 habent,
752 2056 840 2081 suos
859 2056 937 2081 non

132 2121 208 2146 esse
228 2108 459 2160 discipulam
481 2109 538 2146 sic
557 2108 673 2160 plane
688 2138 698 2156 ‚
728 2113 769 2145 ut
796 2110 832 2145 si
851 2112 938 2159 quis

129 2180 240 2225 pater
268 2180 378 2225 neyet
392 2205 402 2222 ‚
434 2188 494 2213 eos
520 2188 607 2213 suos
628 2188 704 2212 esse
720 2173 822 2224 filios
837 2204 848 2222 ‚
869 2176 938 2225 qui

136 2239 210 2276 sibi
239 2240 408 2278 moribus
456 2240 665 2278 dissimiles
699 2245 824 2287 sunt,
860 2253 938 2278 non

136 2303 235 2353 quod
261 2317 345 2342 vere
373 2318 452 2343 non
488 2306 568 2342 sint
603 2304 709 2356 filii,
746 2303 810 2342 sed
840 2304 940 2356 quod

137 2382 217 2407 non
249 2370 378 2420 quales
410 2385 487 2409 esse
529 2370 736 2423 oportebat.
777 2368 939 2409 Frustra

138 2434 375 2487 appellamur
408 2437 614 2476 christiani
654 2437 816 2488 (scribit
840 2437 940 2484 Leo,

139 2514 250 2540 serm.
272 2499 299 2539 6
315 2531 325 2549 =
349 2502 407 2539 De
429 2502 645 2553 Nativit.)‚
675 2504 713 2540 si
734 2504 940 2542 imitatores

138 2577 219 2605 non
243 2580 376 2604 sumus
392 2566 541 2605 Christi
559 2597 571 2615 ,
593 2570 661 2619 qui
682 2569 765 2607 ideo
779 2582 816 2607 se
836 2571 940 2606 viam

995 986 1185 1026 exhibuit.
1205 987 1259 1025 De
1275 1001 1347 1039 qua
1371 1002 1479 1039 porro
1492 988 1658 1041 loquitur
1679 989 1811 1029 Eccle-

997 1054 1080 1091 sia?
1107 1052 1145 1090 Si
1174 1053 1220 1092 de
1243 1056 1330 1104 ipsis
1365 1053 1442 1106 ejus
1472 1053 1713 1093 incunabulis
1738 1056 1813 1095 dis-

998 1121 1083 1157 serit
1095 1149 1108 1166 ‚
1120 1120 1269 1171 quando
1290 1117 1561 1158 multitudinis
1576 1120 1812 1160 credentium

997 1190 1081 1221 erat
1103 1196 1167 1221 cor
1187 1196 1312 1222 unum
1336 1190 1370 1221 et
1388 1185 1522 1221 anima
1545 1198 1627 1223 una
1643 1215 1654 1233 ,
1683 1200 1814 1238 seque-

998 1248 1316 1296 returAEcclesiam
1330 1264 1533 1301 paucorum
1546 1251 1690 1289 dierum
1704 1254 1815 1293 unice

998 1315 1105 1354 nobis
1133 1330 1237 1367 posse
1262 1318 1426 1368 praebere
1447 1316 1662 1370 exemplum
1693 1319 1779 1359 fidei
1798 1350 1810 1369 ‚

999 1381 1100 1433 quod
1120 1384 1340 1434 putoipsum
1363 1397 1441 1421 non
1464 1384 1684 1434 admittere3
1711 1387 1813 1438 quod

1000 1449 1030 1484 si
1069 1447 1232 1499 loquitur
1267 1449 1312 1486 de
1344 1448 1507 1487 Ecclesia
1534 1451 1814 1502 insequentium

1001 1512 1234 1560 seculorum,
1272 1515 1356 1551 satis
1390 1515 1423 1551 ei
1446 1516 1514 1552 erit
1541 1516 1666 1553 oculos
1695 1517 1816 1569 conji-

1002 1591 1084 1616 cere
1099 1580 1139 1616 in
1157 1579 1379 1617 documenta
1402 1579 1578 1619 historica
1602 1609 1614 1630 ,
1642 1590 1683 1620 ut
1702 1584 1740 1620 in
1762 1585 1815 1622 eis

1001 1646 1164 1682 inveniat
1180 1646 1309 1697 quovis
1323 1644 1448 1683 seculo
1462 1647 1626 1698 exempla
1638 1645 1815 1688 humanae

1002 1710 1241 1749 infirmitatis.
1278 1710 1417 1749 Ceteris
1451 1714 1593 1751 omissis
1617 1743 1627 1761 ‚
1658 1722 1712 1753 sat
1747 1717 1816 1755 erit

1003 1775 1111 1813 verba
1132 1775 1339 1815 describere
1377 1776 1527 1815 Eusebii
1547 1807 1557 1824 ‚
1588 1778 1700 1821 I-Iist.
1720 1780 1812 1821 eccl.

1001 1840 1068 1878 lib.
1099 1848 1188 1889 vui,
1218 1856 1300 1894 cap.
1336 1856 1350 1880 1
1370 1870 1382 1888 ‚
1415 1843 1550 1895 quibus
1578 1851 1713 1883 statum
1743 1846 1815 1886 Ec-

1002 1906 1119 1945 clesiae
1155 1908 1264 1946 nobis
1294 1908 1342 1946 ab
1372 1909 1498 1947 oculos
1520 1911 1624 1961 ponit
1653 1912 1814 1952 instante

1000 1974 1252 2024 persecutione
1289 1973 1535 2021 Diocletiani,
1575 1990 1710 2027 nempe
1740 1977 1812 2017 sub

1002 2039 1115 2077 finem
1159 2040 1270 2078 seculi
1306 2041 1347 2077 1‘11
1390 2048 1424 2078 et
1466 2042 1616 2078 initium
1650 2056 1723 2081 sec.
1758 2057 1811 2084 1v.

1005 2103 1104 2142 Cum
1127 2118 1173 2142 esc
1205 2106 1333 2143 nimia
1368 2105 1564 2154 libertate,
1599 2109 1743 2159 inquit,
1769 2110 1813 2148 in

1002 2169 1273 2220 neqliqentiam
1292 2185 1337 2209 ac
1353 2171 1543 2210 desidiam
1563 2171 1739 2225 prolapsi
1756 2187 1814 2212 es-

1003 2250 1157 2285 semus3
1181 2251 1269 2276 cum
1296 2237 1391 2276 alter
1417 2237 1530 2276 alteri
1548 2238 1719 2276 invidere
1752 2247 1812 2278 at-

1002 2315 1072 2354 que
1092 2303 1293 2341 obtrectare
1316 2304 1490 2354 coepiset;
1512 2317 1599 2341 cum
1625 2305 1728 2343 inter
1745 2319 1814 2345 nos

1001 2370 1115 2421 quasi
1138 2369 1232 2407 bella
1257 2371 1440 2408 intestina
1462 2384 1698 2421 yereremus,
1730 2385 1814 2411 ver-

1005 2435 1061 2473 bis
1079 2443 1263 2487 tanquam
1278 2438 1398 2474 armis
1420 2436 1650 2487 quibusdam
1676 2437 1814 2477 hastis-

1004 2514 1074 2552 que
1094 2514 1163 2539 nos
1191 2509 1323 2540 mutuo
1344 2501 1608 2549 vulnerantes;
1632 2517 1720 2542 cum
1740 2518 1814 2543 an-

1007 2568 1141 2605 tistites
1172 2568 1354 2606 adversus
1377 2569 1566 2606 antistites
1581 2599 1592 2617 ,
1607 2570 1748 2623 populi
1769 2573 1813 2609 in

140 2632 243 2671 dixit
272 2646 348 2671 esse
366 2663 376 2681 ‚
419 2639 463 2670 ut
501 2635 732 2671 conversatio
770 2634 946 2685 maqistri
1007 2632 1163 2685 populos
1194 2633 1352 2682 collisi,
1376 2635 1519 2686 jurqia
1557 2648 1603 2673 ac
1630 2636 1814 2676 tumultus

136 2698 264 2750 forma
283 2706 376 2738 esset
401 2697 613 2751 discipuli,
636 2706 671 2738 et
688 2698 794 2738 illam
820 2698 947 2736 humi·
1013 2699 1229 2748 naitanum
1256 2699 1421 2750 denique
1445 2712 1536 2737 oum
1557 2700 1674 2751 fraus
1699 2708 1734 2739 et
1762 2704 1815 2741 si-

143 2763 285 2803 litatem
307 2764 458 2816 eliqeret
484 2777 639 2814 servus,
659 2778 768 2817 quem
785 2770 944 2803 sectatus

146 2835 198 2867 est
212 2828 416 2870 Dominus.
439 2830 491 2869 Ex
506 2832 575 2868 hac
598 2830 851 2870 observatione
862 2843 944 2868 cor-

1008 2762 1167 2802 mulatio
1195 2764 1246 2804 ad
1261 2778 1454 2803 summum
1479 2765 1640 2805 malitioe
1665 2766 1814 2805 culmen

1011 2829 1275 2871 adolevisset...
1314 2844 1401 2869 cum
1436 2844 1520 2870 vero
1557 2846 1670 2870 sensu
1710 2833 1815 2870 omm‘

147 2896 348 2948 ruit,quod
362 2909 407 2935 ex
419 2895 512 2935 falso
524 2898 705 2949 principio
716 2896 826 2935 infert
839 2895 948 2935 New-
1012 2895 1183 2935 destituti
1205 2927 1216 2944 ‚
1252 2896 1298 2935 de
1327 2895 1516 2949 placando
1548 2896 1623 2937 Dei
1653 2898 1816 2936 numine

147 2973 236 2998 man
252 2991 262 3008 ‚
284 2974 344 3012 op.
364 2963 427 3001 cit.
442 2976 527 3014 pag.
556 2960 629 3012 241
655 2975 666 3001 ε
689 2961 884 3014 Sequitur,
896 2974 948 3000 so-

1012 2973 1060 2999 ne
1080 2962 1326 3014 coqitaremus
1353 2961 1527 3014 quidem3
1563 2963 1658 3014 quin
1682 2962 1815 3014 potius
