2028 3354
231 253 293 301 84

702 266 873 297 TRAc'r„
893 268 946 296 DE
980 268 1098 298 LOCIS
1133 265 1430 298 THEOLOGICIS.

230 382 383 431 denuo
420 378 659 444 stupidum
696 376 912 425 excitavit
952 378 1521 445 anthropomorphismum
1545 414 1556 436 .‚
1598 377 1899 443 negligendus

230 458 421 506 omnino
441 462 509 501 est
531 451 617 516 (1).

297 532 402 578 141.
443 528 512 575 Ad
534 529 600 573 6¹1¹
617 563 630 586 ‚
662 530 789 575 Dist.
826 526 1045 574 Miracula
1073 526 1253 591 aliaque
1280 529 1640 577 extraordinaria
1663 528 1784 575 dona
1804 546 1901 576 non

229 622 412 670 semper
430 601 725 651 ineluctabile
743 612 1070 666 argumentum
1093 601 1394 667 suppeditant
1413 606 1665 652 sanctitatis
1678 641 1690 665 ‚
1711 606 1763 651 in
1785 623 1902 651 non-

230 681 371 729 nullis
401 678 580 728 casibus
608 677 942 743 peculiaribus7
973 687 1122 725 crans.
1145 678 1218 726 vel
1242 695 1389 733 eonc„·
1417 697 1521 727 cum
1549 681 1644 728 haec
1673 681 1905 728 ordinaria

228 765 339 804 sunt
360 764 407 803 et
430 754 754 819 permanentia
772 789 784 811 ⁷
807 771 909 816 neq.
936 753 1147 819 Alioquin
1166 753 1346 800 nullam
1367 755 1537 818 pariter
1560 757 1656 803 vim
1673 757 1904 804 haberent

229 833 290 880 ad
307 831 515 881 divinam
532 830 801 877 missionem
820 828 988 875 Christi
1011 838 1058 875 ct
1081 829 1405 893 Apostolorum
1427 830 1756 893 evincendam,
1780 831 1904 897 quod

226 908 432 973 profecto
459 905 712 954 adversarii
749 921 845 950 non
873 903 1129 951 admittunt
1152 905 1239 969 (2).

301 982 410 1029 142.
446 981 550 1043 Obj.
583 980 736 1027 tertia.
779 979 952 1027 Saltem
982 979 1166 1027 nullum
1200 980 1350 1044 colligi
1388 991 1541 1046 potest
1582 991 1906 1046 argumentum

230 1076 315 1124 pro
338 1057 550 1105 Ecclesiae
582 1057 674 1103 vita
700 1072 756 1102 ex
781 1057 879 1118 ejus
912 1055 1229 1103 foecunditate.
1276 1058 1325 1103 10
1353 1057 1569 1121 Alioquin
1599 1060 1724 1105 enim
1746 1076 1908 1124 pecca-

230 1144 379 1192 tores,
410 1133 490 1198 qui
525 1141 649 1178 certe
687 1131 780 1181 vivi
809 1148 906 1178 non
935 1139 1074 1190 sunt·7
1106 1131 1290 1179 nullum
1317 1133 1518 1180 fructum
1554 1134 1690 1181 edere
1719 1143 1910 1198 possent

231 1228 289 1257 ex
317 1210 408 1255 suis
438 1206 749 1254 missionibus.
785 1206 839 1252 2⁰
859 1205 1007 1253 Nullae
1025 1215 1157 1255 sectae
1176 1218 1365 1272 possent
1382 1207 1535 1273 aliquo
1560 1208 1680 1256 felici
1703 1226 1910 1256 successu

229 1283 530 1346 Evangelium
555 1281 819 1328 infidelibus
846 1282 1128 1330 annunciare
1145 1318 1159 1342 ‚
1184 1301 1290 1330 cum
1309 1292 1468 1330 tamen
1487 1285 1771 1349 experientia
1793 1301 1906 1331 con-

230 1360 425 1406 trarium
464 1358 660 1406 evincat.
695 1356 747 1403 30
776 1358 948 1403 Notum
984 1367 1053 1404 est
1086 1357 1203 1405 illud
1243 1360 1481 1422 Augustini
1518 1360 1740 1419 effatum,
1784 1359 1909 1424 quod

221 1434 435 1482 Christus
460 1444 541 1480 se'u
569 1429 763 1480 Ecclesia
792 1432 933 1479 etiam
958 1449 1045 1498 per
1070 1441 1256 1481 uterum
1286 1435 1559 1483 ancillarum
1584 1444 1796 1501 procreet
1822 1434 1908 1483 sibi

221 1510 362 1557 filios.
383 1509 520 1571 Ergo.

230 1682 317 1718 ror,
346 1668 446 1721 quod
459 1681 524 1719 eqo
549 1668 757 1706 erraverim
767 1681 783 1715 ,·
801 1665 867 1703 sed
891 1665 1011 1703 miror
1024 1693 1035 1711 ‚

220 1733 329 1785 >quod
350 1745 452 1770 unus
475 1731 645 1769 delirans
660 1736 711 1768 tot
722 1728 860 1767 deliros
867 1728 1038 1780 potuerit

225 1797 455 1851 producere.
476 1796 552 1834 cfr.
572 1798 681 1834 etiam
705 1794 875 1832 Motibler
891 1821 902 1843 ,
926 1792 1037 1844 Sym-

232 1862 378 1913 bolique
401 1869 493 1900 tom.
518 1874 568 1908 u,
592 1875 631 1912 p.
656 1860 732 1898 310
757 1873 836 1911 seq.

287 1927 340 1976 (1)
370 1926 425 1964 Ita
461 1927 501 1963 in
525 1939 584 1976 op.
624 1924 699 1962 Les
739 1922 948 1962 merveilles
982 1921 1036 1961 du

231 1990 307 2029 ciel
325 1998 361 2028 et
393 1990 439 2028 de
463 1988 593 2040 l’enfer
613 2016 623 2035 ‚
645 2002 709 2040 par
740 1987 963 2026 Emmanuel
992 1987 1037 2025 de

227 2054 477 2104 -Swedenborg
497 2082 508 2102 ,
549 2054 722 2091 traduites
759 2053 809 2091 du
842 2053 933 2090 latin
971 2065 1037 2103 par

233 2119 540 2167 A.J.P.Berlin,
564 2117 684 2170 1782,
703 2126 795 2156 tom.
812 2132 824 2155 1
840 2147 850 2166 ‚
870 2132 910 2157 n.
929 2117 979 2171 78
1002 2125 1037 2155 et

234 2200 340 2239 seqq.
361 2185 428 2224 ubi
444 2187 539 2224 inter
561 2188 679 2222 cetera
690 2183 816 2221 scribit
834 2197 844 2221 ε
860 2181 913 2220 La
929 2181 1035 2221 Divi-

234 2250 398 2302 m'tefait
415 2248 447 2288 le
466 2248 561 2295 ciel,
584 2248 617 2287 le
633 2247 707 2286 ciel
726 2261 750 2285 a
775 2247 812 2285 la
827 2247 947 2298 fhrme
964 2247 1035 2285 lm-

227 2316 364 2353 ¹wuzime
386 2344 396 2363 ,
432 2313 518 2353 αἶόὰ
545 2311 619 2352 l'on
663 2313 741 2351 doit
769 2312 941 2350 conclure
966 2326 1038 2364 que

227 2379 272 2418 Ia
284 2378 460 2419 Divinae
475 2392 500 2417 a
522 2379 630 2417 aussi
648 2378 687 2416 la
701 2377 823 2429 forme
835 2376 1035 2426 humabis,-

233 2457 303 2482 σαν
322 2444 548 2483 ΡῘιαηιαηὶἰέ
563 2444 608 2482 de
633 2445 735 2481 Dieu
765 2450 817 2480 est
834 2442 1033 2481 divinisee.

232 2508 283 2547 -Et
312 2523 351 2547 n.
375 2507 422 2547 81
453 2518 488 2548 et
513 2507 563 2547 82
590 2524 600 2547 ε
632 2506 757 2545 Εἰᾶέε
779 2520 851 2558 que
893 2506 1036 2559 chaque

232 2572 377 2612 homme
392 2587 429 2612 *a
448 2572 543 2611 d'un
571 2571 680 2610 Dieu
713 2584 800 2609 sous
822 2570 942 2622 forme
965 2573 1031 2610 lm—

230 2639 358 2677 maine
381 2637 438 2676 lui
461 2646 515 2676 eet
537 2637 673 2689 influee
689 2635 742 2674 du
764 2635 838 2674 ciel
850 2666 860 2682 ,
881 2638 931 2675 οὐ
948 2636 1029 2676 l’on

230 2717 279 2742 ne
294 2705 458 2741 connexit
473 2702 587 2741 >Diem
602 2715 674 2752 que
686 2714 774 2740 sous
782 2725 785 2727 Δ
794 2707 884 2739 cette
889 2703 1028 2754 forme.

229 2768 388 2808 Demnm
399 2796 410 2814 ‚
425 2767 505 2806 aliis
520 2768 661 2806 omissis
676 2796 688 2813 ‚
710 2781 753 2806 n.
773 2764 827 2804 86
844 2780 863 2805 r:
881 2767 957 2805 Les
968 2771 1029 2806 οό-

228 2831 355 2878 lio-oles
370 2845 419 2870 ne
425 2839 591 2885 pertnent
609 2833 758 2871 revenir
770 2830 817 2870 de
835 2831 916 2870 leur
928 2836 1029 2871 eton-

228 2904 378 2937 nemem
392 2926 404 2945 ‚
431 2896 562 2948 quand
594 2896 642 2934 ils
662 2903 822 2949 pensent
848 2903 882 2935 et
904 2899 1029 2936 voiene

224 2978 296 3016 que
328 2964 390 3002 dea
418 2975 509 3015 qens
533 2964 578 3001 de
613 2975 654 3001 ce
682 2961 850 3009 monde,
888 2965 957 3014 qui
986 2976 1025 3001 se

222 3030 366 3068 erotem
391 3027 480 3081 plue
502 3025 656 3066 eolaires
681 3040 752 3078 que
786 3026 839 3067 les
867 3035 1020 3076 autres,

1100 1670 1261 1715 pensent
1286 1676 1357 1714 que
1376 1661 1483 1701 Diem
1506 1669 1561 1701 est
1581 1662 1760 1703 invisible
1787 1670 1822 1701 et
1847 1665 1911 1702 in-

1105 1727 1421 1780 comprehensible
1437 1759 1446 1775 ,
1482 1735 1517 1765 et
1544 1729 1742 1779 reqardent
1770 1742 1910 1768 comme

1105 1792 1169 1829 des
1193 1798 1266 1829 8088
1286 1799 1322 1829 et
1343 1792 1406 1829 des
1422 1792 1610 1830 imbeciles
1626 1806 1721 1830 ceux
1739 1795 1809 1845 qui
1824 1794 1909 1832 n’en

1106 1863 1170 1894 ont
1186 1869 1261 1909 pas
1273 1856 1310 1895 la
1332 1857 1542 1895 memeidee
1559 1857 1710 1908 qu'emt.
1734 1859 1908 1898 Attamen

1104 1921 1214 1973 hujus
1231 1924 1411 1961 visionarii
1435 1936 1541 1973 opera
1560 1924 1599 1960 in
1623 1922 1745 1974 plures
1764 1924 1908 1975 linguas

1106 1994 1296 2024 vertuntur
1319 2016 1329 2033 ‚
1362 1996 1397 2026 et
1433 1987 1556 2039 plures
1589 1996 1778 2027 sectatores
1812 1991 1907 2033 inter

1104 2058 1339 2103 protestantes
1371 2054 1568 2104 acquirunt
1603 2061 1640 2091 et
1679 2053 1903 2092 defensores.

1104 2115 1203 2155 Talis
1226 2124 1277 2155 est
1297 2116 1438 2154 indoles
1459 2117 1612 2155 humani
1632 2119 1792 2168 ingenii,
1819 2132 1905 2157 cum

1104 2183 1214 2221 semel
1237 2183 1336 2220 viam
1357 2183 1512 2220 veritatis
1534 2183 1726 2220 deseruit!

1160 2247 1211 2298 (2)
1253 2247 1333 2285 Cfr.
1364 2247 1619 2294 Mantuanus,
1656 2249 1695 2285 in
1729 2261 1812 2299 cap.
1855 2262 1904 2288 vn

1103 2311 1143 2351 S.
1177 2311 1311 2351 Matth.
1355 2324 1404 2350 22
1422 2342 1433 2360 ‚
1469 2313 1533 2350 ubi
1567 2314 1711 2364 copiose
1748 2314 1906 2353 ostendit

1104 2377 1313 2424 discrimen,
1330 2378 1430 2430 quod
1442 2379 1630 2416 intercedit
1642 2379 1737 2416 inter
1759 2379 1901 2418 donnm

1103 2443 1363 2481 miraculorum
1386 2443 1715 2482 extraordinarium
1743 2446 1781 2482 in
1810 2446 1901 2483 casi-

1101 2506 1170 2545 bus
1215 2507 1460 2559 singularibus
1512 2516 1549 2547 et
1592 2509 1732 2547 donum
1774 2509 1870 2546 istud
1885 2536 1897 2556 ,

1101 2586 1215 2625 quum
1234 2573 1403 2625 frequens
1416 2587 1435 2611 e
1473 2586 1689 2624 permanens
1707 2581 1783 2620 est,
1802 2585 1898 2611 con-

1099 2637 1316 2689 cluditque:
1349 2637 1451 2676 Nam
1483 2640 1556 2677 etsi
1583 2650 1660 2676 mm
1686 2638 1895 2674 necessario

1096 2704 1290 2753 sequitur,
1314 2715 1426 2751 enm,
1453 2705 1522 2754 qui
1543 2700 1729 2740 miracula
1751 2701 1892 2752 faciat,

1097 2780 1225 2806 veram
1243 2767 1376 2806 habere
1393 2768 1510 2819 fidem
1536 2768 1584 2819 (et
1607 2769 1646 2804 in
1664 2779 1749 2804 casu
1769 2774 1892 2804 nostro

1096 2846 1218 2871 veram
1235 2835 1458 2871 sanctitatem
1471 2833 1505 2881 );
1526 2838 1651 2868 tamen
1681 2831 1891 2869 necessario

1095 2900 1287 2950 sequitur,
1306 2911 1388 2936 eam
1406 2926 1417 2945 ‚
1446 2898 1492 2934 in
1518 2909 1596 2948 qua
1608 2896 1827 2948 frequentia
1854 2903 1891 2935 et

1092 2965 1204 3014 quasi
1226 2962 1426 3001 ordinaria
1452 2961 1641 3000 miracula
1671 2962 1792 3013 fiant,
1827 2975 1889 3000 ve-

1092 3040 1178 3065 ram
1197 3040 1274 3066 ense
1295 3025 1558 3067 Ecclesiam...
1575 3025 1690 3068 Nulli
1698 3025 1888 3079 qenes-ali-
