2028 3354
196 192 267 238 52
664 202 820 234 macr.
857 202 911 231 nu
945 202 1064 233 tocrs
1100 200 1403 233 mmmmm&

840 315 1159 358 PROPOSITIO
1191 317 1247 357 11.

207 437 429 485 Ecclesiae
456 446 629 493 corpus
661 432 974 476 constituitur
997 446 1054 475 ew
1075 430 1348 477 hierarchia
1380 429 1551 475 diviua
1586 427 1885 474 ordinatione

270 513 518 562 instituta,
542 514 585 552 et
607 524 665 553 ex
684 508 853 559 laicis;
876 522 958 551 seu
985 513 1169 552 constat
1192 522 1249 552 ex·
1275 507 1458 553 clericis
1483 514 1526 552 et
1543 506 1706 559 laicis,
1726 504 1888 550 (livino

254 593 375 648 y’ure
402 585 465 632 ab
489 586 694 630 invicem
714 583 971 628 distinctis.

270 706 348 753 92.
389 703 712 756 Hierarchia,
751 701 790 747 si
826 700 922 748 vim
950 700 1151 746 nominis
1190 708 1399 765 spectes,
1438 700 1628 764 perinde
1675 699 1800 748 valet
1840 714 1892 744 ac

203 799 338 830 sacer
349 782 666 844 principatus
679 813 692 836 ,
714 793 909 824 sacrum
931 778 1194 838 imperium
1209 813 1222 830 ,
1251 793 1332 822 seu
1346 777 1657 838 principatus
1680 780 1735 822 iu
1753 775 1893 821 rebus

204 860 357 905 sacris
384 854 480 919 (l);
517 854 553 900 si
582 870 694 903 vero
723 870 822 900 rem
861 868 971 899 voce
1000 852 1303 915 significatam
1326 886 1338 908 ,
1375 850 1559 898 definiri
1587 851 1700 899 solet
1742 859 1886 898 coetus

204 952 285 982 seu
313 933 424 980 ordo
435 933 706 996 praesidum
729 939 774 977 et
792 945 1041 976 sacrorum
1072 932 1410 975 ministrorum
1436 929 1503 974 ad
1521 929 1767 992 reyendam
1789 928 1887 974 Ec-

206 1013 397 1058 clesiam
422 1009 807 1073 yzyuerzdamque
838 1010 893 1052 in
919 1006 1511 1053 hominihussanctitatem
1543 1006 1777 1051 divinitus
1810 1007 1890 1049 in-

206 1092 419 1135 stitutus.
452 1086 661 1132 Pertinet
693 1091 940 1149 propterea
972 1081 1228 1129 hierarchia
1258 1080 1318 1127 ad
1345 1080 1635 1127 essentialem
1665 1079 1892 1127 constitu-

201 1165 384 1212 tionem
419 1161 612 1212 visibilis
649 1160 887 1220 Ecclesiae,
929 1167 1090 1223 utpote
1126 1159 1189 1205 sic
1220 1176 1246 1205 a
1279 1156 1458 1204 Christo
1491 1157 1715 1203 institutae
1753 1164 1891 1220 atque

207 1241 431 1288 fundatae.
453 1236 768 1296 Quamobrem
793 1235 851 1283 de
869 1234 1125 1282 hierarchia
1146 1234 1219 1281 hic
1242 1251 1266 1280 a
1293 1232 1425 1280 nobis
1444 1232 1678 1296 agendum
1706 1239 1821 1278 erat.

274 1316 354 1363 93..
394 1317 706 1361 Protestantes
725 1349 736 1370 ,
761 1312 839 1377 qui
859 1310 1043 1357 nullum
1069 1318 1323 1374 agnoscunt
1353 1326 1380 1355 a
1413 1308 1591 1355 Christo
1627 1307 1895 1354 institutum

210 1389 523 1440 sacerdotium
544 1398 790 1436 externum
810 1404 860 1434 ac
881 1387 1067 1452 proprie
1089 1386 1263 1433 dictum
1277 1422 1291 1447 ,
1315 1385 1395 1432 sed
1420 1384 1712 1432 contendunt
1732 1399 1894 1429 omnes

211 1469 404 1518 omnino
444 1465 602 1512 fideles
626 1466 672 1512 vi
696 1465 916 1528 baptismi
949 1464 1144 1510 totidem
1182 1480 1280 1511 esse
1317 1462 1612 1521 Sacerdotes,
1653 1461 1893 1519 inferunt,

210 1542 556 1611 plenitudinem
582 1540 865 1587 auctoritatis
892 1556 949 1586 ex
975 1539 1144 1585 Christi
1172 1538 1461 1585 ordinatione
1492 1537 1692 1584 residere
1719 1537 1770 1582 in
1800 1551 1895 1599 po·-

210 1620 322 1686 pulo
339 1656 351 1678 7
385 1618 464 1683 qui
482 1653 494 1676 a
525 1634 633 1663 cum
654 1634 750 1662 non
770 1615 914 1680 possit
942 1631 1026 1679 per
1044 1632 1091 1662 se
1113 1613 1311 1679 implere
1343 1614 1502 1659 munia
1529 1611 1790 1660 Sacerdotio
1813 1609 1893 1657 ad-

211 1713 361 1754 nexa,
393 1694 588 1758 deputat
617 1692 677 1740 ad
709 1692 805 1738 haec
844 1690 1057 1737 obeunda
1086 1689 1337 1755 peculiares
1379 1690 1501 1736 viros
1524 1724 1538 1748 ,
1572 1689 1775 1753 ipsisque
1811 1703 1896 1751 per

212 1766 868 1837 quamdam-caeremonialem
888 1766 1289 1828 inaugurationem
1321 1764 1425 1829 plus
1456 1766 1668 1812 minusve
1695 1761 1898 1809 auctori-

215 1847 323 1895 tatis
353 1844 546 1897 tribuit,
581 1861 665 1908 pro
685 1842 848 1904 majori
880 1841 954 1890 vel
973 1841 1142 1888 minori
1166 1840 1335 1904 gradu,
1366 1840 1417 1886 in
1449 1857 1541 1904 quo
1566 1857 1642 1887 eos
1673 1837 1895 1896 collocat,

215 1941 243 1970 a
260 1939 353 1987 quo
374 1921 413 1966 si
430 1927 735 1967 amoveantur
751 1954 764 1977 7
793 1934 982 1963 omnem
1004 1917 1323 1963 auctoritatem
1352 1916 1591 1964 amittunt.
1615 1916 1707 1962 Hos
1729 1921 1901 1964 vocant

215 1990 494 2052 ministros,
537 2011 734 2059 quorum
764 1993 1019 2057 praecipuos
1055 2002 1223 2041 vocant
1256 1994 1396 2040 etiam
1425 1996 1659 2057 episcopos
1679 2001 1759 2039 aut
1772 2008 1901 2055 proe·

215 2074 416 2122 sidentes
432 2107 444 2130 7
467 2078 547 2117 aut
567 2069 666 2116 aliis
688 2068 832 2115 titulis
853 2068 1031 2114 donant
1057 2069 1233 2115 ratione
1257 2068 1424 2131 gradus
1441 2104 1453 2125 a
1480 2086 1619 2133 quem
1639 2067 1900 2133 respective

218 2148 437 2196 obtinent
456 2144 543 2209 (2).
570 2145 635 2191 Ex
664 2144 752 2191 hoc
780 2144 943 2192 eodem
969 2145 1195 2209 principio
1230 2144 1450 2208 colligunt
1487 2154 1707 2209 praeterea
1739 2145 1903 2189 Prote-

218 2233 396 2273 stantes
413 2222 734 2270 necessitatem
745 2219 1003 2267 absolutam
1012 2220 1229 2284 suffragii,
1244 2220 1369 2285 quod
1379 2220 1498 2268 ferre
1513 2220 1653 2267 debet
1673 2217 1872 2284 populus
1883 2252 1897 2274 ,

220 2318 301 2349 seu
335 2303 431 2363 ejus
457 2314 704 2364 personam
739 2304 978 2360 gerenteS,
1015 2297 1245 2362 principes
1275 2313 1445 2363 nempe
1472 2305 1551 2344 aut
1584 2296 1902 2359 magistratus,

222 2377 282 2424 ad
303 2375 507 2424 validam
529 2373 850 2420 ministrorum
874 2371 1148 2421 electionem
1168 2372 1254 2437 (3).

220 2515 376 2568 anqelos
397 2515 481 2554 coeli
514 2522 548 2554 et
574 2527 702 2553 omnes
729 2514 857 2555 electos
885 2521 921 2552 et
940 2516 1029 2567 jus·
1094 2517 1186 2569 quin
1212 2523 1335 2554 tamen
1357 2515 1555 2555 admittant
1573 2514 1833 2554 hierarchiam.

223 2589 279 2622 tos
290 2588 399 2620 terroe
418 2588 455 2619 et
475 2581 647 2620 omnium
660 2579 885 2619 seculorum.
904 2578 1031 2620 Cetera
1149 2579 1202 2632 (3)
1233 2581 1330 2619 Talis
1350 2588 1405 2620 est
1419 2583 1520 2633 origo
1530 2583 1623 2634 juris
1636 2609 1649 2630 ,
1669 2578 1768 2632 quod
1794 2579 1899 2629 prin-

224 2655 312 2687 sunt
324 2646 488 2700 ejusdem
506 2647 655 2684 tenoris.
1097 2647 1193 2698 cipes
1214 2654 1451 2699 protestantes
1471 2647 1542 2686 sibi
1556 2647 1721 2685 tribuunt
1735 2647 1773 2682 et
1792 2656 1900 2682 exer-

282 2713 334 2764 (l)
362 2711 440 2750 cfr.
463 2710 634 2749 Suicerus
655 2740 666 2759 ‚
694 2713 735 2749 in
765 2709 962 2750 Thesauro
985 2711 1032 2750 ad
1098 2720 1181 2750 cent
1215 2714 1255 2750 in
1283 2726 1384 2752 saera
1401 2743 1411 2762 ‚
1451 2713 1583 2752 frustra
1615 2708 1900 2748 reclamantibus

225 2791 356 2818 vocem
385 2773 577 2829 Ἱεραιρχιάι.
1096 2778 1323 2829 pastoribus,
1350 2777 1532 2831 siquidem
1559 2774 1740 2828 ejusmodi
1774 2776 1834 2826 jus
1860 2775 1900 2811 in

282 2842 334 2894 (2)
346 2842 491 2880 Exinde
501 2841 729 2893 intelligitur,
744 2840 834 2891 quid
851 2840 1030 2893 sintapud
1096 2855 1157 2881 eos
1181 2844 1330 2895 profluit
1350 2856 1392 2883 ex
1420 2844 1503 2894 ipso
1522 2840 1807 2894 protestantismi
1824 2853 1899 2891 sys-

228 2907 454 2947 Lutheranos
477 2907 541 2958 qui
567 2907 733 2958 episcopi
761 2913 963 2954 vocantur,
994 2913 1029 2945 et
1094 2914 1243 2950 temate.

227 2986 386 3026 quorum
406 2972 581 3025 frequens
599 2971 698 3024 apud
715 2984 776 3010 eos
801 2971 842 3010 fit
867 2973 1023 3021 mentio,
