2028 3354
519 206 643 237 mm.
682 207 712 235 1.
753 206 870 236 sacr.
913 206 963 236 11.
999 206 1096 236 cu.
1135 206 1198 238 iv.
1234 208 1288 237 m:
1322 207 1469 238 norm.
1507 207 1631 239 Pam.
1815 191 1912 248 503

216 310 333 368 illud
365 339 375 367 :
409 323 515 368 Fiet
545 338 700 367 unum
735 322 851 366 ovile
880 329 923 367 et
950 339 1080 368 unus
1098 331 1267 384 pastor
1288 322 1375 386 (1).
1408 323 1526 385 Ergo
1550 331 1597 374 et
1622 322 1711 387 ipsi
1735 330 1909 370 tenen-
1975 312 1982 322 ³

214 407 291 444 tur
325 397 459 458 hujus
470 399 681 458 pastoris
708 414 859 443 vocem
880 398 1054 444 audire
1077 406 1122 444 et
1142 416 1251 444 eum
1272 403 1409 463 sequi
1434 398 1521 463 (2).
1553 400 1661 446 Jam
1694 415 1806 448 vero
1826 434 1840 458 ,
1872 401 1912 445 si

213 491 330 520 rom.
364 472 573 519 Pontifex
616 473 664 518 in
709 472 895 537 publico
932 491 1014 521 suo
1051 491 1102 520 ac
1142 474 1341 521 solemni
1380 476 1647 538 magisterio
1686 475 1736 522 in
1771 474 1910 530 rebus

215 549 326 596 fidei
374 564 527 595 errare
550 559 734 613 posset,
780 567 839 596 an
884 567 979 596 non
1012 551 1280 597 universum
1303 569 1486 614 gregem
1516 553 1565 598 in
1599 569 1805 599 errorem
1834 552 1900 597 in-

212 623 437 671 duceret?
480 626 638 673 Restat
678 626 815 687 igitur
853 636 904 672 ut
942 617 1194 684 dicamus,
1237 628 1274 671 si
1317 628 1584 687 Christum,
1622 627 1756 675 nobis
1786 644 1912 692 prae—

211 700 362 765 cepit„
403 711 456 746 ut
475 702 735 764 magisterio
767 703 919 760 Petri,
958 703 1007 747 in
1031 703 1084 748 iis
1107 704 1370 767 praesertim
1409 721 1512 767 quae
1537 704 1595 750 ad
1629 705 1772 752 fidem
1802 722 1912 770 per-

211 778 365 823 tinent
392 814 403 836 a
465 779 771 842 nosmetipsos
827 777 1156 837 subjiceremus
1183 813 1195 837 .,
1252 780 1444 826 Petrum
1482 779 1723 827 vvicarium
1774 798 1912 828 suum

211 853 542 901 infallibilitate
578 855 626 900 in
659 855 730 900 his
760 853 984 912 donasse7
1020 870 1113 917 quo
1148 863 1253 901 tuto
1285 855 1573 921 prospiceret
1602 856 1710 904 fidei
1742 867 1913 905 nostrae

212 930 492 992 integritati3
535 931 738 994 alioquin
779 930 825 975 in
865 944 1043 977 errores
1081 940 1242 977 contra
1282 930 1425 979 fidem
1455 935 1715 980 necessario
1751 934 1911 983 induci

211 1025 466 1072 possemus.
501 1007 712 1065 Accedit,
745 1006 871 1072 quod
903 1007 954 1053 in
987 1007 1363 1056 adversariorum
1395 1010 1647 1074 hypothesi
1677 1029 1775 1059 non
1809 1030 1913 1060 am-

210 1084 331 1148 plius
376 1093 492 1130 esset
542 1092 702 1148 pastor
749 1084 827 1148 qui
872 1100 980 1132 oves
1017 1095 1260 1148 pasceret,
1299 1103 1351 1132 ac
1392 1103 1478 1151 per
1524 1096 1676 1136 tutam
1721 1089 1914 1136 duceret

210 1162 424 1207 semitam
453 1181 464 1217 ς
513 1160 594 1207 sed
649 1160 759 1224 ipsae
812 1177 920 1208 oves
965 1171 1210 1225 pascerent
1259 1171 1494 1226 pastorem
1534 1200 1546 1222 7
1609 1181 1661 1211 ac
1721 1164 1913 1212 devium

209 1235 341 1281 illum
375 1237 425 1282 in
456 1237 578 1283 viam
612 1245 914 1295 revocarent,
943 1237 1068 1301 quod
1099 1237 1329 1285 absonum
1356 1249 1507 1287 est'ac
1541 1250 1715 1305 apertae
1742 1241 1914 1289 Christi

208 1314 357 1359 menti
393 1312 587 1359 omnino
623 1314 895 1377 opponitur.
929 1314 1082 1360 Gratis
1121 1314 1325 1379 denique
1363 1315 1620 1364 abstruitur
1651 1317 1710 1364 ab
1741 1317 1913 1369 adver-

208 1390 366 1446 sanis,
399 1388 644 1436 Ecclesiam
684 1407 706 1435 a
748 1390 897 1455 capite
936 1390 1205 1437 distinctam
1237 1391 1579 1441 infallibilitatis
1607 1395 1714 1443 dote
1737 1396 1913 1461 pollere

209 1466 269 1511 ad
302 1474 441 1531 caput
475 1484 610 1512 snum
646 1467 1001 1531 corrigendum,
1040 1485 1147 1514 cum
1181 1477 1341 1516 tamen
1379 1487 1534 1536 neque
1572 1489 1627 1519 ex
1662 1473 1931 1538 Scripturis⁸

211 1559 365 1606 neque
396 1560 452 1589 ex
485 1544 736 1591 traditione
773 1544 822 1591 id
859 1545 1040 1609 uspiam
1084 1555 1338 1610 appareat,
1377 1547 1471 1594 imo
1509 1559 1734 1614 appareat
1767 1550 1910 1615 plane

211 1619 516 1665 contrarium.
540 1620 733 1674 Constat
765 1620 905 1683 igitur
937 1638 992 1667 ex
1015 1622 1263 1687 Scripturis
1287 1659 1300 1682 .,
1337 1623 1463 1687 quod
1495 1625 1808 1678 evincendum
1843 1644 1912 1674 as-

210 1697 492 1759 sumpsimus
522 1695 608 1759 (3).

857 1841 1251 1875 DIFFICULTATES.

276 1969 388 2014 736.
424 1969 530 2031 obj.
566 1971 734 2036 prima.
773 1971 865 2019 Abs
902 1990 952 2019 re
986 1975 1221 2039 prosertur
1258 1977 1466 2040 primum
1497 1973 1816 2028 testimonium
1853 1983 1913 2031 ad

208 2043 542 2092 adstruendam
574 2064 690 2094 rom.
725 2049 956 2096 pontificis
987 2050 1397 2111 infallibilitatem,
1432 2070 1538 2100 cum
1572 2056 1622 2100 in
1656 2073 1710 2103 eo
1747 2067 1910 2122 agatur

208 2118 264 2166 de
292 2119 455 2168 >favore
490 2122 722 2186 personali
765 2125 914 2183 Petri3
956 2143 1108 2173 sermo
1142 2129 1267 2174 enim
1305 2128 1397 2175 illic
1434 2139 1501 2176 est
1538 2130 1598 2177 de
1636 2132 1907 2182 imminenti

208 2196 532 2258 Apostolorum
565 2200 826 2248 tentatione
853 2202 903 2247 in
930 2203 1146 2266 passione
1176 2203 1372 2264 Christi7
1397 2205 1454 2252 de
1479 2206 1611 2272 lapsu
1639 2209 1762 2256 Petri
1783 2213 1905 2273 ejus-

208 2288 298 2335 que
325 2275 645 2323 conversione.
676 2278 729 2323 20
751 2279 982 2341 Distingui
1003 2290 1224 2345 praeterea
1256 2281 1396 2329 debet
1422 2285 1471 2329 in
1494 2283 1583 2330 illis
1605 2284 1775 2333 Christi
1799 2305 1905 2336 ver-

206 2345 276 2394 bis
298 2366 413 2397 onus
433 2353 570 2399 Petro
588 2353 861 2418 impositum
882 2358 1207 2419 confirmandi
1226 2360 1407 2420 fratres
1429 2358 1487 2406 ab
1505 2362 1713 2409 oratione
1727 2398 1740 2422 ,
1763 2379 1905 2427 quam

257 2534 313 2585 (l)
344 2535 454 2576 Joan.
481 2553 530 2585 x,
567 2538 629 2577 16.
792 2566 795 2569 v
1079 2545 1407 2584 commandement
1433 2545 1479 2584 de
1508 2546 1561 2586 les
1601 2549 1775 2602 affor-mir
1806 2550 1905 2590 dam

259 2600 312 2650 (⁶2)
344 2600 440 2639 lbid.
470 2616 537 2653 27.
564 2603 661 2643 Sane
684 2606 740 2643 vel
760 2609 837 2658 ipse
857 2608 1012 2646 Bossue-
1080 2599 1117 2646 la
1135 2610 1194 2660 foi
1207 2638 1220 2659 ‚
1240 2612 1410 2662 putisque
1439 2610 1519 2663 cela
1538 2615 1657 2652 meme
1672 2643 1684 2661 ,
1707 2615 1794 2652 o'est
1810 2628 1907 2666 qou-

205 2674 280 2714 tns,
303 2670 341 2703 in
359 2667 683 2707 meditationibus
696 2684 812 2723 super
834 2672 875 2709 E
877 2685 1016 2725 vanye-
1082 2687 1217 2713 nemer
1229 2675 1261 2713 le
1272 2678 1675 2730 troupeau.0pp.edit.
1688 2684 1751 2718 cit.
1762 2687 1902 2729 tom.x,

201 2729 315 2779 lium,
351 2733 409 2770 die
436 2747 504 2771 ixx
523 2763 533 2782 ‚
559 2733 697 2773 Christi
720 2737 831 2787 verba
855 2752 865 2776 :
892 2740 1018 2777 Pasce
1084 2755 1169 2793 pag.
1197 2754 1265 2780 22.

202 2808 372 2847 aquo-3...
393 2812 508 2850 pasce
526 2813 611 2838 oves
623 2829 636 2849 ‚
667 2805 817 2852 exponit
839 2806 949 2841 etiam
968 2803 1017 2843 de
1139 2805 1195 2858 (3)
1225 2806 1303 2845 cfr.
1327 2806 1569 2857 Baeillerinius,
1597 2824 1661 2862 op.
1684 2813 1748 2850 cit.
1778 2809 1839 2849 De
1858 2812 1902 2849 vi

187 2860 402 2919 ‘Episcopiffi
421 2865 509 2903 dum
530 2865 716 2905 Christum
739 2869 791 2906 sic
801 2868 1015 2921 loquentem
1083 2879 1120 2910 et
1133 2880 1207 2912 rat.
1228 2874 1391 2925 primat.
1415 2889 1498 2926 cap.
1532 2888 1576 2914 12
1592 2906 1602 2924 ‚
1631 2874 1653 2929 §
1684 2890 1698 2915 1
1729 2883 1767 2915 ct
1788 2889 1896 2929 seqq·

203 2928 345 2966 inducit
374 2943 384 2970 :
415 2932 516 2969 Pais
549 2931 602 2970 les
636 2934 754 2970 meres
787 2947 929 2972 comme
968 2934 1019 2974 les
1086 2940 1126 2978 in
1149 2939 1285 2992 quibus
1312 2942 1459 2992 copiose
1492 2941 1658 2998 singulos
1683 2942 1754 2981 hos
1780 2949 1900 2982 textus

194 2994 336 3043 petits,
375 3005 407 3034 et
440 2999 590 3050 adjicit:
616 2998 669 3036 Ce
693 3001 764 3050 qm·
790 3002 937 3045 reviem
968 3015 1021 3041 au
1087 3004 1233 3044 evolvit.
