2028 3354
210 183 305 230 312

698 201 857 231 TRACT.
894 202 948 231 lm
984 203 1105 234 LOCIS
1140 205 1441 236 THEOLOGlffls,

275 315 387 362 468.
428 313 499 361 Ad
527 313 769 361 Nicolaum
794 316 1037 363 Cusanum
1060 317 1261 383 denique
1290 321 1416 385 quod
1448 329 1651 386 spectat,
1682 323 1906 368 miramur

210 390 463 439 adversarii
495 389 765 437 facilitatem
791 392 840 437 in
863 391 986 438 illius
1022 392 1256 441 afferenda
1286 398 1582 457 auctoritate,
1610 398 1690 463 qui
1722 397 1904 461 palino-

210 468 336 514 diam
368 466 558 526 cecinit,
590 467 940 526 seniorfactus,
967 485 1129 515 eorum
1146 505 1158 529 a
1189 487 1289 534 quae
1309 474 1508 534 juvenili
1538 482 1673 522 aetate
1696 474 1745 520 in
1768 490 1908 538 opere

210 544 289 589 cit.
326 542 510 589 incaute
542 543 786 607 scripserat
817 544 907 607 (l)
947 545 1076 591 Tunc
1109 546 1238 592 enim
1269 548 1539 598 Basileensis
1577 549 1757 597 concilii
1787 549 1909 596 fama

210 628 371 683 captus
388 654 400 677 a
424 627 549 666 totus
578 628 678 666 erat
699 621 751 666 in
777 620 1045 669 extollenda
1084 621 1277 669 Conciiii
1308 626 1579 673 oecumenici
1606 626 1906 685 auctoritate,

210 712 262 742 ac
287 695 523 760 pontificia
546 694 772 759 dignitate
792 695 1096 761 deprimenda
1117 707 1165 745 et
1187 699 1478 747 coarctanda.
1507 701 1624 748 Cum
1644 719 1755 749 vero
1778 719 1908 749 com-

209 772 404 835 perisset
436 770 553 817 illud
586 772 636 817 in
676 771 874 819 schisma
908 772 1156 821 deflectere
1175 810 1193 833 ,y
1224 774 1471 822 consilium
1506 777 1735 838 mutavit,
1769 786 1910 842 atque

213 847 273 896 acl
297 848 498 895 schisma
523 850 919 914 compescendum
945 859 1071 897 totus
1094 850 1309 898 incubuit
1325 889 1337 911 ‚
1361 862 1413 900 ut
1433 862 1562 918 patet
1582 870 1639 900 ex
1658 857 1754 916 ejus
1773 854 1908 917 epist.

214 925 273 972 ad
297 924 602 985 Rodericum,
627 926 676 971 in
699 942 788 990 qua
816 927 942 973 Petri
968 926 1225 990 primatum
1253 931 1430 991 egregie
1462 929 1670 976 defendit
1702 930 1789 993 (2).
1817 930 1916 977 Imo

214 1010 261 1048 et
291 1002 341 1047 in
370 1000 501 1064 ipso,
536 1001 663 1066 quod
698 1000 940 1063 objicitur,
972 1020 1112 1066 opere
1141 1004 1397 1068 primatum
1429 1005 1554 1052 Petri
1590 1005 1783 1052 omnino
1818 1022 1917 1051 non

215 1077 397 1142 respuit
417 1113 429 1136 7
464 1076 546 1123 sed
575 1076 728 1124 solum
752 1078 876 1124 intra
909 1087 1125 1142 angustos
1148 1080 1264 1127 fines
1295 1079 1418 1126 illius
1447 1082 1768 1129 auctoritatem
1793 1080 1918 1128 redi-

218 1170 325 1216 gere
357 1153 523 1216 sategit
551 1152 644 1216 (3)7
678 1152 818 1217 idque
851 1155 1134 1216 argumentis
1166 1155 1304 1221 plane
1333 1165 1465 1203 tanto
1493 1156 1684 1205 homine
1714 1157 1917 1221 indignis

219 1246 306 1275 nec
338 1229 438 1275 sine
467 1245 622 1292 pugna
653 1245 761 1275 cum
791 1230 1039 1294 semetipso
1071 1230 1157 1294 (4).

219 1362 284 1414 qui
300 1390 312 1410 ,
339 1362 512 1414 quamvis
536 1362 648 1399 etiam
674 1360 888 1413 singulatim
921 1362 1037 1413 gratia
1097 1367 1215 1414 patus
1237 1360 1350 1399 Petri
1372 1375 1393 1399 α
1409 1360 1593 1413 leqatione
1609 1361 1756 1401 Christi
1780 1364 1919 1416 depen-

220 1427 378 1478 Spiritus
392 1426 516 1465 Sancti
543 1426 776 1464 abundarent
795 1455 805 1472 ‚
823 1440 900 1464 non
914 1434 1037 1465 tamen

220 1493 327 1531 aliter
345 1492 555 1540 voluerunt,
571 1492 616 1529 de
634 1505 676 1530 eo
687 1491 788 1544 quod
803 1491 1036 1539 movebatur,

221 1559 250 1595 si
272 1565 451 1609 oporteret
464 1565 588 1609 gentes
605 1555 844 1603 circumcidi,
868 1557 1037 1603 definire,

220 1624 435 1675 priusquam
469 1623 716 1661 communiter
747 1623 957 1673 congregati
983 1622 1039 1659 di-

220 1691 393 1726 vinarum
406 1686 676 1738 Scripturarum
689 1689 910 1725 testimoniis
923 1699 1040 1724 unus-

223 1755 383 1806 quisque
411 1767 476 1791 sua
506 1752 603 1790 dicta
630 1752 940 1789 confirmaverint.
964 1750 1040 1789 Cfr.

222 1820 322 1871 apud
352 1818 470 1856 Hard.
499 1826 593 1856 tom,
618 1819 686 1866 iu,
717 1818 789 1855 col.
822 1815 895 1855 188
913 1825 1039 1868 etseq.

277 1886 327 1936 (ἱ)
357 1885 436 1924 Cfr.
471 1885 643 1923 Benarm.
689 1884 754 1923 Dc
790 1884 1041 1936 scriptoribus

223 1951 436 1989 ecclesiast.
463 1960 555 1989 tom.
585 1964 662 1998 vn,
693 1965 777 2002 pag.
809 1949 913 1998 528,
948 1965 1038 2003 opp.

222 2019 310 2056 edit.
332 2017 467 2056 Venet.
497 2015 614 2069 ³7²8·
877 2044 879 2046 v

274 2082 333 2136 (2)
363 2083 442 2122 Cfr.
465 2086 503 2122 in
519 2083 608 2122 edit.
623 2083 821 2121 Basileensi
837 2097 898 2122 an.
922 2081 1037 2132 1565,

223 2165 306 2202 pag.
335 2148 415 2189 825
443 2158 479 2188 et
502 2164 608 2202 seqq.
633 2161 714 2203 quae
745 2150 908 2200 profecto
941 2149 1039 2188 lectu

222 2217 333 2268 digna
356 2224 432 2266 est3
469 2218 596 2254 evertit
622 2228 728 2266 porro
768 2213 973 2252 cardinalis
995 2215 1041 2253 de

225 2282 322 2321 Cusa
357 2284 397 2320 in
419 2282 490 2321 hac
515 2280 670 2333 epistola
696 2279 882 2332 quidquid
903 2281 943 2317 in
972 2281 1040 2318 ob-

224 2350 320 2399 jecto
344 2361 454 2399 opere
471 2375 483 2397 ‚
514 2345 801 2385 Concordantia
824 2344 1036 2394 catholica,

224 2414 473 2451 constituerat.

281 2478 330 2527 (3)
364 2476 460 2516 Sane
474 2478 544 2516 lib.
569 2491 614 2522 ιι,
635 2479 731 2515 inter
752 2484 872 2514 cetera
884 2476 1009 2515 scribit
1025 2506 1034 2523 ‚

224 2542 313 2582 edit.
353 2543 467 2582 Paris.
511 2540 637 2593 1514,
671 2542 737 2580 fol.
779 2542 828 2580 23
853 2555 866 2579 .·
902 2540 1038 2581 Petrus

220 2610 351 2660 primo
378 2609 649 2659 pontificatum
694 2621 810 2659 super
843 2606 1040 2659 Apostolos

224 2675 411 2726 aceepit...
439 2673 539 2711 Cum
559 2678 686 2710 autem
712 2671 971 2724 Episcopatus
992 2675 1043 2712 sit

218 2739 462 2792 principatus
502 2750 617 2790 super
665 2737 929 2776 Sacerdotium
944 2770 954 2786 ,
1001 2746 1045 2777 ut

216 2804 480 2857 praehabitum
489 2811 543 2842 est
559 2834 569 2851 ‚
589 2817 706 2856 quare
721 2804 844 2842 dicere
856 2804 1040 2843 habemus

217 2871 488 2923 principatum
549 2868 843 2908 ecclesiasticum
897 2884 1044 2909 succes-

223 2938 331 2974 sione
361 2934 527 2987 quadam
557 2948 581 2971 a
604 2935 734 2984 primo
752 2936 936 2987 principe
968 2937 1043 2974 sci-

221 2999 310 3039 licet
331 3000 448 3040 Petro
468 3000 694 3052 dependere,
715 3006 750 3038 et
770 3001 871 3039 sicut
886 3002 1042 3053 princi-

1105 1426 1237 1472 debat,
1263 1429 1317 1465 ita
1350 1434 1386 1465 ct
1418 1429 1590 1466 omnium
1618 1428 1917 1482 Episcoporum.

1106 1493 1154 1531 Et
1178 1493 1286 1544 paulo
1311 1501 1391 1545 post
1413 1507 1423 1531 :
1451 1493 1555 1532 Nam
1583 1500 1617 1531 et
1638 1495 1739 1532 inter
1758 1495 1919 1547 Aposto-

1107 1558 1160 1597 los
1173 1559 1347 1610 quaedam
1359 1559 1440 1610 fuit
1461 1558 1639 1597 discretio
1654 1590 1665 1607 ‚
1689 1567 1724 1597 et
1740 1559 1826 1598 licet
1842 1574 1920 1599 om-

1106 1637 1172 1662 nes
1187 1630 1309 1662 essent
1323 1623 1499 1676 Apostoli
1513 1654 1523 1673 ‚
1549 1625 1666 1663 Petro
1693 1631 1819 1663 tamen
1830 1640 1920 1665 con-

1107 1702 1252 1727 cessum
1279 1697 1335 1727 est
1359 1703 1384 1728 a
1416 1688 1590 1727 Domino
1606 1703 1617 1737 ;
1652 1696 1688 1727 et
1712 1691 1790 1741 ipsi
1823 1692 1924 1729 inter

1107 1768 1146 1792 se
1161 1753 1333 1806 idipsum
1357 1754 1582 1800 voluerunt,
1607 1761 1651 1792 ut
1662 1754 1820 1807 reliquis
1840 1770 1921 1794 om-

1112 1820 1229 1858 ·m'bus
1247 1827 1426 1872 praeesset
1448 1819 1645 1872 Apostolis
1659 1849 1669 1866 ‚
1693 1828 1728 1858 et
1748 1820 1921 1874 Cophos,

1108 1885 1152 1924 id
1179 1894 1251 1931 est,
1286 1893 1404 1938 caput
1437 1892 1472 1923 et
1500 1887 1743 1939 principium
1778 1894 1920 1925 teneret

1106 1949 1334 2003 apostolatus
1350 1980 1360 1997 ,
1391 1952 1462 2002 qui
1498 1957 1535 1989 et
1557 1951 1728 1989 eamdem
1750 1952 1919 2003 formam

1105 2017 1386 2055 successoribus
1405 2017 1487 2055 suis
1503 2023 1539 2055 et
1564 2017 1730 2068 reliquis
1756 2016 1922 2070 Episco-

1101 2085 1167 2135 pis
1189 2082 1395 2120 tenendam
1423 2083 1679 2121 tradiderunt.

1163 2150 1214 2200 (4)
1246 2148 1338 2201 Quis
1358 2151 1458 2188 enim
1484 2150 1677 2198 admittat,
1704 2150 1804 2201 quod
1826 2149 1921 2187 ibid.

1107 2216 1297 2254 contendit
1313 2215 1481 2254 Cusanus
1497 2245 1507 2263 ‚
1528 2217 1781 2254 auctoritatem
1801 2216 1840 2253 in
1853 2214 1926 2253 Ec-

1107 2282 1214 2320 clesia
1249 2282 1412 2334 pendere
1443 2296 1485 2320 ex
1520 2288 1715 2319 contractu
1753 2279 1925 2320 sociali?

1105 2345 1188 2383 Imo
1217 2352 1254 2385 et
1271 2345 1473 2384 Christum
1495 2375 1506 2396 ‚
1526 2346 1737 2384 volentibus
1763 2345 1922 2398 Aposto-

1105 2411 1148 2449 lis
1167 2441 1177 2458 ‚
1196 2413 1428 2450 constituisse
1454 2410 1603 2449 Petrum
1626 2413 1834 2463 principem
1851 2408 1924 2448 Ec-

1105 2475 1224 2515 clesiae
1254 2491 1325 2515 sua}
1341 2506 1351 2525 ‚
1375 2484 1417 2514 ut
1437 2477 1571 2515 exinde
1602 2475 1827 2523 concludat,
1854 2475 1923 2512 hos

1104 2544 1262 2594 potuisse
1304 2555 1473 2581 exercere
1518 2544 1771 2580 auctoritatem
1815 2552 1923 2590 supet·

1105 2608 1254 2658 ipsum?
1268 2607 1467 2658 Episcopus
1485 2622 1636 2658 omnes,
1656 2616 1692 2645 et
1707 2607 1800 2645 forte
1810 2606 1921 2642 etiam

1107 2673 1344 2727 presbyteros
1361 2703 1371 2721 ‚
1391 2683 1433 2712 ut
1455 2676 1533 2725 ipse
1560 2675 1745 2726 loquitur,
1774 2671 1922 2722 aequalis

1109 2742 1298 2791 potestatis
1339 2754 1415 2778 esse
1446 2741 1568 2792 quoad
1597 2737 1918 2790 jurisdictionem,

1106 2805 1192 2844 licet
1202 2819 1280 2845 non
1292 2807 1513 2844 executionis
1526 2802 1544 2842 P
1555 2804 1708 2854 Aliaque
1723 2800 1918 2854 ejusmodi,

1110 2883 1192 2922 quae
1211 2873 1250 2909 in
1267 2872 1523 2922 disputationis
1543 2876 1630 2906 aestu
1642 2867 1762 2906 eidem
1778 2868 1920 2907 excide-

1108 2943 1219 2984 runt,
1248 2949 1406 2989 quaeque
1422 2948 1492 2975 nec
1523 2933 1766 2986 probarentur
1786 2949 1806 2973 a
1837 2933 1921 2972 Pal-

1108 3002 1223 3039 merio
1250 3003 1361 3053 ipso?
