2028 3354
1708 209 1800 259 357

376 233 505 262 PART.
546 232 577 261 1.
617 231 738 261 sEc'r.
776 232 825 261 11.
863 229 960 262 GAP.
1000 233 1031 261 1.
1067 232 1121 261 DE
1156 230 1280 262 PETRI
1316 228 1532 273 PRIMATU.

115 354 217 393 tum
240 344 461 393 adversus
487 344 714 391 Ananiam
739 353 785 391 et
814 344 1121 410 Sapphiramg
1155 343 1380 410 potuisset
1395 351 1641 410 propterea
1662 342 1803 391 etiam

117 420 336 468 adversus
371 421 454 467 hos
491 419 829 483 objurgatores,
861 421 898 466 si
918 420 1005 467 hoc
1032 429 1348 486 opportunum
1373 422 1414 467 ei
1445 420 1594 466 visum
1618 419 1803 478 fuisset,

117 496 278 543 eadem
310 497 376 542 uti
413 496 499 557 (l).

187 572 296 618 527.
334 571 437 633 Obj.
474 571 694 618 secunda.
728 573 781 618 1ο
823 574 978 619 Patres
1008 571 1344 635 antiquissimi7
1386 570 1664 632 Augustinus
1695 589 1810 637 prae-

117 649 276 694 sertim
292 684 303 705 ,
326 648 500 711 passim
527 649 722 705 docent,
755 648 985 694 Christum
1010 646 1215 693 Ecclesiae
1241 646 1393 693 claves
1414 645 1592 693 dedisse
1609 684 1620 704 Ἴ
1654 665 1704 695 ac
1726 651 1810 695 Pe-

118 733 242 770 trum
277 733 327 769 ut
353 726 563 787 fissuram
593 732 848 787 gestantem
871 723 1080 769 Ecclesiae
1111 730 1249 786 atque
1276 720 1481 768 Ecclesiae
1515 724 1705 771 nomine
1735 741 1810 771 eas

120 801 343 864 accepisse
359 799 453 863 (2)3
481 817 587 864 ergo
605 835 616 856 ‚
650 801 686 844 si
711 797 959 845 Ecclesiain
982 814 1178 863 persona
1203 798 1325 844 Petri
1348 796 1498 845 claves
1522 799 1652 861 regni
1674 799 1813 845 coelo*

120 894 225 923 rum
272 878 476 940 accepit,
518 875 707 924 evidens
739 883 807 921 est
828 912 838 934 7
862 875 1067 923 Ecclesiae
1087 874 1354 921 immediate
1382 892 1407 921 a
1440 874 1623 922 Christo
1658 876 1808 924 claves

122 952 310 999 collatas
346 969 459 999 esse.
496 953 549 997 “2⁰
581 952 699 997 Sane
728 952 850 997 Deus
883 960 930 998 et
961 960 1125 997 natura
1144 955 1291 1013 prius
1315 960 1362 998 et
1384 953 1713 999 immediatc'us
1752 952 1812 999 ad

125 1038 278 1076 totum
307 1027 589 1085 intendunt,
622 1044 727 1073 cum
757 1027 931 1092 aliquid
965 1027 1247 1088 moliuntur,
1279 1028 1434 1092 potius
1466 1045 1603 1093 quam
1638 1029 1696 1076 ad
1725 1028 1817 1075 ali—

128 1122 264 1169 quam
289 1104 512 1168 suppositi
534 1112 717 1167 partem
732 1138 745 1162 a
766 1112 873 1150 utut
895 1102 1258 1162 nobilissimam3
1285 1103 1350 1150 ita
1373 1102 1581 1151 Christus
1600 1105 1649 1150 in
1670 1104 1821 1152 Eccle»

127 1182 191 1227 sia
226 1188 272 1226 et
315 1179 616 1226 ecclesiastica
652 1187 880 1243 potestate
930 1179 1251 1226 constituenda
1284 1181 1514 1244 potiorem
1549 1181 1680 1228 duxit
1701 1182 1821 1227 totiu.

127 1257 353 1320 scorporis
379 1273 559 1316 curam,
585 1254 634 1301 id
661 1264 755 1314 est,
784 1255 1012 1315 Ecclesiae„
1041 1274 1183 1321 quam
1202 1257 1340 1302 unius
1372 1256 1568 1304 membri
1582 1257 1690 1304 licet
1708 1273 1822 1322 prae-

129 1332 426 1392 stantissirni‚
461 1332 711 1394 cujusmodi
735 1341 803 1378 est
829 1334 989 1379 Petrus
1012 1342 1091 1379 aut
1117 1351 1326 1379 summus
1349 1334 1560 1381 Pontifex
1583 1343 1662 1381 aut
1681 1333 1822 1399 quili-

129 1407 212 1455 bet
239 1408 355 1454 alius
380 1409 647 1472 Episcopus.
679 1407 730 1454 30
750 1408 954 1468 Verum,
986 1408 1094 1455 dato
1115 1410 1280 1467 etiam,
1315 1409 1440 1474 quod
1463 1410 1670 1457 Christus
1685 1410 1823 1457 Petro

132 1493 272 1548 atque
305 1484 529 1548 Apostolis
549 1520 560 1542 ,
589 1501 640 1529 ac
662 1483 887 1548 proinde,
911 1486 947 1530 si
965 1483 1141 1550 placet,
1173 1486 1304 1531 Rom.
1325 1486 1534 1532 Pontifici
1556 1503 1607 1532 ac
1631 1487 1823 1551 Episco-

134 1560 205 1625 pis
241 1559 391 1605 claves
416 1560 603 1623 proprie
632 1559 880 1606 contulerit
897 1596 910 1619 7
953 1560 1071 1606 nihil
1096 1570 1256 1608 tamen
1284 1560 1394 1607 inde
1424 1561 1679 1608 conficitur.
1706 1564 1827 1609 Nam

137 1636 351 1699 quamvis
387 1634 579 1682 facultas
610 1636 753 1682 visiva
787 1637 837 1682 in
876 1636 1007 1682 oculo
1038 1635 1264 1696 resideat,
1305 1638 1494 1683 homini
1526 1647 1684 1685 tamen
1720 1637 1826 1685 data

137 1720 206 1756 est
231 1747 242 1770 7
282 1720 334 1756 ut
364 1710 422 1757 ab
459 1712 558 1774 ipso
584 1729 667 1776 per
696 1711 880 1758 oculum
919 1722 1143 1776 tanquam
1175 1729 1258 1777 per
1299 1729 1522 1776 organum
1551 1722 1599 1760 et
1628 1714 1830 1760 admini-

138 1795 288 1833 strum
312 1797 580 1835 exerceatur
598 1825 609 1847 a
647 1806 752 1835 cum
788 1788 944 1835 oculus
961 1807 1055 1853 per
1088 1799 1135 1837 et
1158 1798 1355 1853 propter
1376 1790 1615 1838 hominem
1637 1790 1827 1850 existat3

139 1862 344 1910 hominis
382 1865 608 1928 siquidem
633 1865 874 1928 proprium
907 1875 977 1912 est
1015 1865 1169 1912 oculos
1206 1864 1431 1929 dirigere,
1472 1875 1523 1912 ut
1558 1865 1655 1913 haec
1677 1867 1830 1931 potius

139 1956 280 2003 quam
300 1939 378 1985 illa
408 1939 584 2002 objecta
607 1940 900 1999 intueantur,
934 1940 1153 1989 adhibere
1185 1959 1348 1988 manus
1383 1951 1464 1988 aut
1487 1941 1645 2006 pedes·
1672 1944 1832 2009 Itaque

141 2016 281 2062 totius
308 2018 482 2081 pariter
511 2016 717 2064 Ecclesiae
753 2017 995 2081 proprium
1015 2027 1085 2064 est
1111 2018 1180 2063 uti
1200 2018 1422 2064 Pontifice
1446 2026 1527 2064 aut
1552 2017 1692 2066 etiam
1720 2019 1831 2083 Epi-

140 2108 277 2157 scopo
299 2128 311 2150 a
332 2102 378 2139 et
389 2093 513 2139 hunc
537 2093 689 2157 potius
707 2110 847 2157 quam
861 2092 995 2139 illum
1013 2110 1222 2140 exercere
1246 2092 1497 2153 adactum,
1517 2109 1657 2159 que-m
1672 2092 1832 2142 volue-

146 2167 235 2228 rit,
263 2167 557 2215 eliciendum.
591 2170 707 2232 Ergo
742 2169 813 2214 sin
850 2169 1002 2216 minus
1037 2178 1239 2233 potestas
1272 2169 1373 2233 ipsa
1415 2168 1637 2227 clavium,
1668 2168 1834 2220 saltem.

149 2246 246 2304 ejus
278 2262 387 2292 usus
411 2254 460 2293 et
489 2245 761 2293 exercitium
787 2244 846 2292 ab
868 2245 1065 2293 Ecclesia
1098 2246 1273 2313 pendet
1293 2245 1382 2312 (3).

210 2428 260 2478 (l)
291 2428 369 2469 Csr.
402 2430 552 2471 Cornel.
589 2445 609 2470 a
644 2432 734 2485 Lap.
761 2440 795 2471 et
821 2431 963 2471 Calmet

151 2496 190 2533 in
213 2494 313 2532 Acta
337 2494 471 2547 Apo-st.

213 2561 267 2612 (ἃ)
298 2558 484 2614 Launojus
501 2591 512 2609 ‚
539 2562 606 2601 lib.
633 2571 687 2610 ¹11,
719 2565 822 2614 epist.
851 2578 872 2601 v
898 2563 966 2602 Ad

157 2626 412 2665 Hadrianum
431 2626 475 2664 V
473 2628 675 2666 allantium
692 2657 703 2678 ‚
733 2642 800 2668 Lxx
817 2643 967 2681 conges-

159 2695 204 2731 sit
225 2695 431 2731 testimonia
453 2707 494 2731 ex
517 2693 684 2732 Patribus
701 2725 711 2742 ,
738 2694 912 2733 Conciliis
933 2703 968 2734 et

162 2759 384 2797 scholasticis
399 2788 408 2805 ‚
428 2767 467 2796 ut
486 2761 626 2797 evincat
639 2760 813 2797 adversus
834 2759 965 2798 Bellar-

163 2826 308 2862 minum
326 2853 335 2870 ‚
357 2823 479 2862 claves
499 2825 646 2862 collatas
669 2838 744 2862 esse
756 2822 793 2863 S.
810 2824 912 2863 Petro
928 2827 968 2863 in
1005 2832 1007 2834 ’

165 2901 316 2939 persona
330 2888 497 2929 Ecclesiae
512 2920 521 2937 ‚
543 2904 606 2928 seu
627 2892 776 2942 gestanti
801 2890 968 2929 Ecclesiae

167 2967 373 3004 personam.
397 2955 496 2994 Edit.
522 2955 653 2995 Colon.
679 2955 967 3009 Allobrog.tom.

169 3032 213 3063 v,
238 3027 331 3070 part.
351 3032 365 3057 1
388 3051 397 3069 ,
421 3035 500 3072 pag.
528 3020 604 3059 213
639 3029 675 3060 et
696 3033 800 3074 seqq.
829 3021 871 3059 ln
899 3022 969 3060 hoc

1029 2447 1134 2484 porro
1161 2446 1272 2472 censu
1302 2433 1515 2486 complexus
1534 2443 1585 2474 est
1604 2444 1769 2475 auctores
1792 2437 1839 2474 il-

1028 2496 1081 2537 los
1096 2527 1108 2546 ,
1129 2501 1194 2551 qui
1223 2500 1500 2539 contendebant
1523 2500 1733 2539 Concilium
1761 2515 1840 2541 esse

1030 2577 1135 2615 supra
1154 2563 1384 2603 Pontificem.
1410 2564 1515 2604 Plura
1537 2567 1624 2604 item
1639 2566 1759 2604 attulit
1770 2574 1843 2605 tes-

1034 2631 1203 2678 timonia,
1226 2643 1307 2683 quae
1322 2631 1366 2668 ad
1383 2645 1458 2669 rem
1473 2645 1549 2669 non
1564 2631 1702 2670 faciunt
1720 2645 1731 2680 3
1747 2645 1839 2669 non·

1033 2695 1154 2742 nulla,
1173 2710 1252 2748 quae
1278 2696 1388 2746 plane
1401 2704 1565 2735 evertunt
1586 2699 1665 2749 ejus
1693 2705 1842 2735 senten-

1035 2761 1149 2810 tiam3
1182 2761 1365 2799 nonnulla
1391 2764 1479 2799 item
1517 2775 1617 2800 more
1646 2775 1711 2800 suo
1745 2761 1840 2800 foede

1035 2833 1217 2877 corrupta.
1254 2825 1308 2864 Ex
1345 2825 1552 2877 Augustino
1599 2832 1722 2866 autem
1755 2838 1844 2865 xxvi

1033 2892 1238 2929 testimonia
1249 2891 1406 2942 collegit.

1088 2954 1138 3005 (3)
1168 2956 1247 2995 cfr.
1284 2958 1393 2995 etiam
1422 2956 1519 3006 apud
1541 2954 1756 3002 Petavium‚
1787 2951 1846 2995 Do

1035 3020 1240 3072 ecclesiast.
1269 3020 1490 3061 hierarchia
1504 3049 1515 3069 ‚
1544 3021 1618 3060 lib.
1651 3030 1717 3066 m,
1734 3031 1855 3071 capp-t
