2028 3354
222 223 316 271 486
708 238 865 267 ΤιιΔοτ.
904 237 959 265 nn
992 236 1112 266 Locls
1144 238 1441 271 antonomum.

221 354 455 402 distinctio
491 351 769 399 adversatur
807 350 999 415 insuper
1034 358 1216 398 naturae
1247 353 1470 416 primatus
1505 352 1730 401 divinitus
1770 354 1906 400 Petro

220 433 408 492 ejusque
429 426 765 475 successoribus
783 425 954 473 collati.
984 426 1169 473 Etenim
1189 462 1201 484 7
1239 424 1315 473 uti*
1337 429 1620 477 ostendimus
1638 465 1651 489 ,
1680 428 1907 494 primatus

221 503 444 569 pontificii
477 512 643 550 natura
684 503 734 549 in
768 520 822 550 eo
850 502 999 567 posita
1040 510 1140 559 est,
1168 510 1229 548 vut
1264 502 1323 549 sit
1357 505 1601 552 auctoritas
1632 503 1909 569 Episcopalis

221 596 360 644 super
394 574 665 627 universam
702 578 976 635 Ecclesiam3
1015 594 1315 643 quaecumque
1350 588 1622 643 propterea,
1670 589 1908 628 annuente

219 672 338 701 rom.
368 656 590 702 Pontifice
608 692 621 714 7
659 655 774 701 circa
810 654 1017 718 regimen
1043 652 1249 701 Ecclesiae
1272 662 1319 700 et
1338 654 1628 720 disciplinam
1652 657 1907 721 antiquitus

220 729 298 778 vel
319 730 510 777 ¹servata
545 730 620 777 vel
657 730 906 776 constituta
941 738 1080 787 sunt7
1119 730 1225 793 quia
1263 729 1326 776 ita
1358 730 1569 777 ferebant
1608 731 1729 778 illius
1761 732 1907 779 aetatis

221 805 437 867 adjuncta
459 842 472 865 ,
507 804 631 853 hisce
657 805 945 863 immutatis7
978 813 1117 868 atque
1152 805 1215 850 ita
1250 806 1474 854 suadente
1515 806 1722 854 Ecclesiae
1758 807 1905 862 bono,

219 891 474 947 potuerunt
500 899 524 928 a
555 899 673 928 rom,
714 880 1012 927 Pontificibus
1045 881 1090 927 vi
1119 880 1294 944 proprii
1324 884 1553 946 primatus
1580 883 1833 929 immutari.
1858 883 1909 931 ld

219 957 414 1004 inficiari
441 956 637 1023 perinde
666 964 787 1002 esset
817 972 868 1001 ac
901 954 1040 1019 plane
1068 956 1324 1019 primatum
1353 957 1507 1022 ipsum
1538 959 1762 1007 divinitus
1785 959 1914 1005 insti-

220 1041 377 1078 tutum
408 1040 633 1080 evertere.
669 1032 900 1077 Primatus
932 1031 1056 1077 enim
1090 1046 1196 1075 cum
1223 1047 1320 1075 non
1356 1033 1416 1078 sit
1460 1034 1611 1080 solum
1645 1034 1833 1081 honoris
1866 1043 1914 1081 et

222 1107 462 1169 cujusdam
504 1106 871 1171 praeeminentiae
898 1142 911 1160 ,
963 1105 1045 1151 sed
1089 1120 1210 1153 verae
1251 1105 1580 1166 jurisdictionis
1605 1145 1617 1168 .,
1668 1110 1913 1157 auctoritas

222 1199 394 1247 nempe
419 1200 525 1230 cum
545 1182 684 1248 plena
705 1190 937 1247 potestate
960 1198 1012 1228 ea
1036 1179 1274 1228 statuendi
1299 1198 1401 1246 quae
1423 1182 1482 1227 ad
1504 1183 1709 1230 Ecclesiae
1737 1185 1915 1232 bonum

221 1269 270 1307 et
309 1259 665 1307 aedificationem
696 1259 905 1306 conferre
939 1267 1164 1323 possunt,
1199 1266 1331 1323 patet
1360 1275 1418 1306 ex
1446 1258 1654 1320 ejusdem
1686 1261 1916 1324 primatus

221 1344 389 1382 natura
424 1353 476 1383 ac
513 1336 589 1394 vi7
615 1339 721 1397 jura
758 1336 941 1393 omnia,
987 1351 1090 1398 quae
1122 1335 1163 1381 ei
1202 1333 1382 1381 adnexa
1419 1344 1557 1393 sunt7
1601 1352 1684 1399 pro
1721 1335 1916 1384 diversis

222 1410 512 1474 temporibus
537 1411 719 1460 diversa
741 1428 872 1475 posse
897 1410 1076 1457 ratione
1097 1410 1315 1457 exerceri.
1346 1411 1414 1456 Ex
1446 1409 1534 1457 hac
1556 1420 1712 1458 autem
1735 1412 1917 1459 diversa

222 1488 434 1548 ratione,
465 1505 556 1553 qua
593 1505 678 1553 pro
720 1487 1070 1552 opportunitate
1108 1486 1300 1535 diversis
1340 1486 1631 1553 temporibus
1675 1489 1918 1536 Pontifices

216 1567 321 1626 jura
358 1563 436 1611 illa
470 1573 801 1622 exercuerunt,
833 1563 964 1611 nullo
995 1562 1136 1609 modo
1162 1562 1322 1610 inferri
1352 1563 1460 1611 licet
1490 1565 1673 1613 invecta
1710 1564 1788 1611 illa
1823 1564 1919 1612 dis-

223 1641 415 1700 tinctio,
441 1642 504 1687 ita
530 1650 583 1686 ut
610 1639 698 1686 alia
732 1639 823 1687 dici
851 1639 1054 1687 debeant
1080 1643 1186 1702 jura
1221 1639 1482 1687 essentialia
1499 1677 1511 1700 ,
1544 1640 1631 1688 alia
1657 1657 1769 1689 vero
1801 1642 1920 1688 acci-

224 1714 427 1763 dentalia
467 1725 547 1762 aut
586 1715 861 1777 accessoria,
904 1732 1011 1762 cum
1050 1715 1205 1762 omnia
1242 1733 1430 1780 prorsus
1476 1733 1533 1764 ex
1576 1716 1740 1764 eadem
1773 1716 1919 1765 divini

223 1792 451 1856 primatus
482 1801 648 1838 natura
675 1791 933 1838 dimanent.
962 1792 1072 1838 Haec
1108 1792 1307 1857 proinde
1338 1792 1577 1839 distinctio
1611 1802 1792 1839 naturae
1819 1792 1916 1857 pri·

222 1876 375 1913 matus
403 1869 539 1914 Petro
565 1870 755 1930 ejusque
789 1866 1125 1914 successoribus
1159 1867 1386 1915 divinitus
1418 1868 1572 1915 collati
1610 1868 1803 1914 omnino
1832 1866 1917 1914 ad-

220 1952 434 1991 versatur
459 1944 548 2006 (l).

287 2019 400 2067 710.
437 2018 571 2077 Quod
600 2018 791 2066 demum
823 2017 985 2064 eadem
1015 2017 1252 2065 distinctio
1277 2018 1512 2082 incognita
1542 2018 1680 2065 fuerit
1708 2019 1797 2065 toti
1825 2035 1918 2064 an·-

224 2095 447 2159 tiquitati,
468 2093 655 2141 abunde
675 2093 1044 2160 deprehenditur
1063 2102 1164 2140 tum
1183 2111 1240 2140 ex
1259 2111 1330 2152 eo,
1355 2094 1482 2159 quod
1503 2103 1611 2142 ante
1624 2093 1918 2154 Febronium‚

220 2172 302 2236 qui
334 2188 437 2218 eam
466 2171 645 2236 primus
676 2170 885 2229 invexit,
923 2179 1004 2216 aut
1038 2170 1074 2216 si
1107 2169 1290 2233 placet,
1330 2179 1441 2218 ante
1472 2172 1678 2218 Marcum
1715 2170 1823 2216 Ant.
1855 2169 1914 2216 de

219 2248 431 2294 Dominis
451 2284 465 2307 .‚
498 2249 757 2309 Launojum
784 2255 831 2293 et
864 2246 1160 2306 Richerium7
1191 2263 1306 2310 quos
1336 2246 1588 2294 Febronius
1620 2254 1701 2292 aut
1733 2254 1913 2292 secutus

220 2331 292 2371 est
326 2333 406 2370 aut
428 2323 695 2389 exscripsit,
727 2323 943 2388 nuspiam
971 2321 1091 2368 illius
1117 2322 1310 2385 vestigia
1341 2329 1612 2380 occurrant3
1641 2330 1743 2368 tum
1768 2321 1913 2369 etiam

274 2507 325 2558 (1)
341 2506 395 2546 Ex
408 2508 465 2546 his
476 2509 584 2560 plane
594 2508 790 2559 colligitur,
805 2507 905 2545 haud
918 2507 1036 2546 feren·
1101 2509 1315 2546 tinctionem
1327 2507 1575 2554 adsciverunt,
1590 2519 1667 2544 non
1677 2506 1775 2544 malo
1787 2508 1908 2545 animo

218 2572 303 2611 dam
337 2586 412 2611 esse
429 2574 610 2625 ejusmodi
634 2574 904 2611 distinctionem
916 2603 927 2620 ‚
952 2586 1034 2625 quae
1101 2574 1164 2612 'aut
1178 2586 1287 2625 prava
1302 2573 1507 2611 intentione
1521 2572 1623 2610 ducti
1637 2572 1675 2610 id
1688 2573 1884 2623 praestitere
1895 2601 1905 2619 ‚

215 2640 290 2690 jam
315 2638 454 2690 passim
470 2639 516 2677 ab
531 2647 638 2677 aetate
658 2638 832 2677 Febronii
850 2640 889 2676 in
917 2639 1029 2676 scho-
1098 2640 1175 2677 imo
1196 2646 1320 2689 aperte
1345 2640 1566 2690 impugnant
1585 2637 1613 2675 F
1615 2637 1807 2676 ebronium
1831 2638 1906 2686 pri-

217 2704 262 2741 lis
284 2706 503 2755 germanicis
525 2705 757 2756 percrebuit,
782 2702 877 2742 adeo
904 2712 946 2742 ut
966 2707 1025 2744 vix
1098 2717 1203 2741 mum
1226 2705 1305 2756 ejus
1327 2705 1579 2750 inventorem,
1597 2703 1660 2742 sed
1674 2715 1811 2740 morem
1824 2715 1904 2752 ges-

217 2771 374 2820 reperire
400 2772 446 2809 sit
473 2771 633 2822 aliquem
652 2769 742 2821 juris
767 2771 935 2808 canonici
950 2779 1023 2808 tra·
1089 2774 1219 2809 serunt
1252 2771 1334 2808 usui
1374 2772 1451 2822 jam
1474 2770 1514 2807 in
1542 2766 1739 2807 Germania
1761 2766 1904 2806 invale-

179 2888 181 2891 Α
215 2842 407 2884 ctatorem,
425 2838 488 2887 qui
504 2850 585 2874 eam
595 2850 671 2873 non
687 2837 935 2887 adoptaverit,
949 2837 1024 2891 imo
1090 2837 1220 2874 scenti.
1241 2834 1463 2874 Adversariis
1485 2832 1524 2875 S.
1545 2833 1646 2872 Sedis
1665 2834 1749 2870 satis
1773 2840 1840 2879 est,
1860 2841 1902 2871 ut

216 2902 361 2938 auxerit
373 2928 384 2947 ‚
401 2908 510 2953 atque
528 2901 679 2940 ulterius
695 2903 805 2940 etiam
819 2914 1025 2952 progressus
1090 2913 1132 2939 ea
1153 2901 1267 2940 semel
1288 2902 1523 2951 admittatur3
1543 2913 1564 2937 a
1585 2910 1623 2937 se
1636 2897 1768 2937 deinde
1783 2906 1900 2938 cetera

217 2967 287 3011 sit,
317 2967 370 3003 uti
396 2980 440 3005 ex
469 2966 637 3004 dicendis
664 2959 826 3018 patebit.⁴
845 2965 1024 3005 Nonnulli
1089 2973 1257 3028 suffiunt.

214 3039 337 3071 tamen
362 3045 408 3071 ex
431 3033 497 3080 iis,
518 3035 582 3086 qui
594 3035 743 3072 incaute
758 3032 938 3085 ejusmodi
953 3032 1026 3071 dis-
