2028 3354
199 164 290 212 194

685 180 842 211 macr.
881 182 936 212 im
963 182 1093 221 ,roms
1129 182 1427 215 Turonocims.
1466 172 1469 175 ’

196 298 425 365 separatio
444 313 540 343 non
563 294 650 341 fuit
673 293 966 354 voluntaria3
1000 296 1194 344 Ecclesia
1224 314 1417 345 romana
1443 305 1513 345 est
1545 312 1647 363 quae
1675 296 1776 344 illas
1798 315 1884 347 ex·-

197 370 584 430 communicavit;
611 377 818 417 ceterum
844 370 955 435 ipsae
977 386 1161 435 semper
1183 389 1287 420 cum
1314 372 1509 421 Ecclesia
1531 371 1751 421 catholica
1772 389 1884 421 con·-

189 456 364 515 junctae
398 446 726 513 perstiterunt.
763 446 846 493 11ο
881 445 1018 504 Quod
1051 446 1089 492 si
1119 456 1319 510 potestas
1346 448 1494 497 civilis
1532 449 1690 496 edictis
1731 450 1883 498 vetuit

196 524 668 575 communicationem
696 540 803 570 cum
832 522 1030 569 Ecclesia
1055 538 1248 569 romana
1268 558 1280 582 ,
1311 524 1360 571 id
1386 525 1559 572 factum
1589 534 1658 573 est
1678 525 1739 573 ad
1764 543 1890 590 prae-

196 599 613 651 cavendos'abusus
631 616 934 646 romanorum
949 598 1228 646 Pontificum
1243 633 1255 657 ⁷
1278 599 1357 664 qui
1372 599 1488 647 nihil
1504 618 1715 668 unquam
1739 601 1890 649 moliti

198 696 295 725 non
329 685 440 724 sunt
463 675 525 723 ad
550 675 771 723 Ecclesias
798 674 1085 721 britannicas
1113 683 1161 721 et
1187 674 1554 724 dominationem
1583 677 1892 744 temporalem

197 753 287 802 sibi
309 751 606 818 subigendas.
632 752 714 798 120
736 751 899 816 Itaque
919 749 1127 797 Ecclesiae
1146 749 1424 799 britannicae
1439 751 1571 800 nullo
1587 754 1727 802 modo
1746 753 1895 800 schis-

199 830 378 878 matieae
410 828 591 876 censeri
622 836 846 893 possunt;
882 835 984 872 tum
1013 826 1122 890 quia
1148 837 1349 890 pergunt
1376 827 1428 873 in
1462 828 1640 876 unitate
1665 830 1773 878 fidei
1796 832 1894 879 sive

197 914 413 971 respectu
434 905 504 951 sui
528 903 624 952 sive
647 911 863 967 respectu
886 902 1093 950 Ecclesiae
1122 902 1357 950 catholicae
1372 938 1385 962 ,
1417 907 1545 966 cujus
1571 907 1892 954 necessitatem

198 983 346 1034 veluti
377 979 732 1028 fundamentale
762 978 1047 1044 principium
1073 977 1338 1037 inculcant3
1370 987 1472 1026 tum
1493 981 1601 1045 quia
1632 998 1680 1028 se
1702 998 1799 1028 non
1822 998 1895 1029 se-

199 1065 429 1126 pararunt
471 1055 529 1103 ab
577 1054 776 1103 Ecclesia
837 1053 1091 1112 catholicaq
1139 1063 1241 1100 tum
1280 1054 1389 1120 quia
1432 1056 1547 1104 fides
1591 1056 1896 1106 Ecclesiarum

199 1134 572 1184 britannicarum
593 1149 689 1179 non
707 1131 928 1179 innititur
945 1131 1142 1197 privatae
1164 1130 1540 1196 interpretationi
1553 1134 1897 1200 Scripturarum

204 1340 318 1366 suum
352 1325 498 1364 almum
538 1324 728 1376 suscipiat
755 1321 1016 1375 praesidium,

200 1398 494 1446 promoveatque
516 1389 774 1427 executionem
792 1386 937 1439 excelsa
949 1399 1021 1424 sua

207 1456 450 1495 ordinatione
470 1482 483 1503 ,
510 1467 653 1505 suaque
679 1452 927 1504 imperatoria
959 1464 1022 1490 vo-

206 1524 355 1561 luntate
386 1522 439 1560 ad
458 1534 593 1574 pacem
616 1527 652 1558 ec
680 1518 841 1557 salutem
868 1520 1024 1556 anima-

208 1603 295 1628 rum
314 1620 325 1637 ‚
350 1601 392 1627 eo
414 1586 597 1635 con-silio,
623 1591 665 1622 ut
679 1584 750 1623 sub
774 1586 856 1637 ejus
873 1582 1025 1621 liberali

207 1662 350 1707 sceptro
362 1667 432 1703 nos
445 1666 527 1691 uua
539 1666 625 1690 cum
639 1657 715 1689 tota
735 1654 886 1688 russica
898 1656 1021 1700 yeme,

196 1724 319 1774 juxta
341 1721 547 1771 antiquum
563 1715 814 1769 apostolicum
841 1715 1022 1766 officium,

197 1790 322 1840 juxta
336 1785 568 1838 praescripta
591 1788 810 1820 sanctorum
823 1782 1023 1818 universa-

209 1853 308 1891 lium
339 1848 604 1890 Com-iliorum
620 1874 632 1895 ,
650 1848 772 1898 juxta
798 1844 1025 1884 traditiones

212 1918 498 1971 Episcoporum
522 1914 787 1965 doctorumque
807 1912 1023 1952 orthodoxae

211 1983 407 2024 catholicae
424 1979 628 2028 Ecclesiae,
643 1992 720 2017 uno
737 1978 935 2030 eodemque
947 1991 1025 2026 ore,

214 2041 387 2089 consono
409 2050 499 2086 item
530 2045 640 2086 corde
659 2044 819 2082 laudare
834 2045 1028 2098 possimus

217 2115 348 2154 Deum
375 2126 498 2152 unum
525 2119 560 2150 et
585 2111 747 2150 trinum.

272 2181 330 2220 Ad
362 2181 443 2218 haec
469 2177 703 2217 Sanctissima
736 2175 905 2228 Synodus
940 2188 1029 2227 qro-

217 2249 293 2288 tias
314 2248 389 2299 eqit
406 2245 548 2286 caelesti
570 2243 730 2282 Pastori
744 2241 821 2294 pro*
842 2241 911 2279 hoc
934 2254 1030 2280 novo

219 2315 451 2352 incremento
464 2312 528 2348 sui
543 2310 627 2348 veri
644 2308 771 2360 yreqis
784 2334 796 2353 ,
827 2308 1030 2358 statuitque

207 2382 329 2432 juxta
356 2377 507 2429 requlas
540 2382 575 2414 et
603 2372 773 2427 exempla
802 2373 1031 2411 Sanctorum

221 2444 387 2482 Pam-um
399 2472 411 2488 ‚
424 2442 630 2495 Episcopos
642 2467 654 2488 ‚
668 2438 812 2477 clerum
832 2444 868 2475 et
883 2452 1032 2490 yreqem

221 2510 445 2547 universum
457 2505 621 2545 eccle-sice
631 2517 749 2555 usque
761 2503 886 2542 adhuc
894 2518 1030 2555 yraecae

221 2574 344 2613 uuitae
361 2603 371 2620 ‚
397 2574 442 2610 in
465 2572 621 2626 plena-m
643 2572 807 2624 recipere
830 2577 864 2608 et
894 2569 1030 2608 illimi-

221 2646 342 2678 tatam
372 2639 677 2677 communionem
710 2642 853 2674 sanctae
873 2664 884 2682 ‚
915 2636 1034 2675 orcho-

224 2704 332 2743 dooeoe
354 2702 546 2741 catholicae
572 2700 770 2740 orientalis
791 2699 1030 2743 Ecclesiae...

225 2768 442 2824 Imperator
462 2769 646 2820 diqnatus
664 2774 719 2807 est
736 2780 858 2805 manu
870 2770 1033 2821 propria

222 2837 285 2875 hie
307 2835 430 2876 verbis
455 2848 534 2873 rem
553 2833 721 2873 decidere
744 2848 755 2873 ε
790 2834 952 2873 Gratias
974 2849 1033 2873 re-

220 2902 346 2956 pendo
371 2900 458 2940 Deo
491 2907 527 2938 et
551 2900 735 2952 suscipio.
771 2899 824 2939 Ita
859 2913 1033 2940 consum-

223 2977 362 3009 matum
385 2976 437 3008 est
469 2967 541 3006 hoc
564 2967 776 3020 mysterium
799 2967 1002 3019 iniquitatis
1017 2995 1028 3016 ,

1086 1321 1186 1374 quod
1218 1323 1316 1373 prius
1349 1330 1508 1368 secreto,
1543 1322 1678 1362 deinde
1705 1322 1898 1375 publicum

1088 1387 1226 1425 sactum
1240 1395 1292 1425 est
1309 1400 1320 1437 ;
1343 1400 1386 1426 ac
1399 1390 1540 1439 optime
1550 1388 1703 1441 quidem
1720 1419 1730 1437 ,
1757 1391 1787 1426 si
1802 1388 1902 1427 Deua

1088 1452 1263 1490 humanis
1287 1452 1548 1491 fraudulentiis
1564 1455 1682 1506 decipi
1699 1462 1816 1505 posset
1833 1454 1904 1493 lUt

1089 1524 1212 1554 autem
1230 1516 1276 1554 ad
1293 1525 1455 1568 posteros
1474 1519 1631 1556 istorum
1652 1527 1901 1571 apostatarum

1088 1582 1288 1633 praesulum
1318 1582 1471 1621 infamia
1499 1585 1686 1633 perveniat
1709 1614 1718 1632 ‚
1743 1583 1803 1621 hic
1835 1597 1900 1622 eo-

1090 1661 1173 1685 rum
1208 1649 1361 1686 nomina
1393 1648 1588 1701 subjiciam
1612 1662 1624 1699 ;
1659 1657 1744 1688 sunt
1778 1658 1900 1688 autem

1091 1721 1163 1751 tres
1178 1714 1341 1764 zprimus
1359 1712 1541 1765 ,Iosephus
1563 1713 1764 1754 SmmszKo
1780 1744 1791 1762 ‚
1811 1716 1874 1767 qui
1890 1745 1900 1762 ,

1090 1792 1176 1816 cum
1196 1780 1235 1816 in
1257 1778 1390 1817 scholis
1410 1778 1564 1817 Ordinis
1587 1779 1623 1818 S,
1650 1780 1772 1819 Basilii
1797 1782 1902 1818 insti-

1090 1847 1257 1882 tueretur
1276 1873 1287 1892 ,
1315 1844 1364 1883 ob
1393 1846 1584 1896 praemium
1614 1859 1690 1884 non
1725 1846 1900 1897 adeptum

1091 1924 1129 1948 se
1153 1910 1199 1949 de
1222 1909 1361 1949 Ordine
1387 1911 1451 1950 illo
1491 1911 1660 1950 ulturum
1689 1912 1902 1964 spopondit.

1091 1975 1282 2014 Promissis
1291 1990 1398 2027 porro
1407 1979 1482 2015 suis
1492 1979 1600 2028 stetit5
1617 1979 1757 2031 primus
1765 1980 1902 2030 quippe

1091 2046 1172 2096 ejus
1194 2051 1311 2091 actus,
1334 2058 1418 2082 cum
1432 2045 1476 2083 ad
1490 2048 1676 2097 potestatis
1695 2046 1843 2084 culmen
1861 2047 1901 2082 in

1093 2108 1255 2147 Ecclesia
1271 2123 1335 2147 sua
1358 2108 1618 2161 (graeco-unita
1633 2112 1647 2159 )
1665 2118 1812 2149 evectus
1827 2118 1898 2158 est,

1092 2175 1237 2225 impetit
1247 2172 1425 2213 Ordinem
1435 2176 1562 2223 istum,
1578 2177 1637 2213 cui
1654 2177 1819 2226 primum
1830 2188 1901 2214 no-

1094 2240 1200 2278 vitios
1221 2240 1380 2292 recipere
1402 2241 1480 2279 sine
1498 2240 1668 2291 gubernii
1691 2242 1799 2279 venia
1815 2254 1901 2293 pro-

1095 2304 1238 2353 hibuit,
1258 2313 1337 2343 tum
1354 2318 1436 2345 vero
1455 2319 1497 2345 eo
1508 2336 1519 2355 ,
1533 2306 1636 2360 quod
1655 2307 1813 2345 novitios
1825 2320 1902 2344 non

1095 2369 1263 2418 haberet,
1286 2372 1561 2410 illum'omnino
1586 2371 1763 2412 abolevit.
1780 2371 1901 2410 Homo

1096 2437 1277 2488 superbiae
1304 2445 1339 2477 et
1370 2438 1553 2476 malarum
1584 2440 1717 2477 artium
1742 2438 1899 2489 plenae,

1096 2503 1283 2556 totiusque
1313 2502 1388 2541 doli
1424 2518 1469 2543 ex
1502 2512 1604 2556 parte
1632 2503 1900 2543 catholicorum

1098 2569 1291 2620 primarius
1317 2569 1445 2607 artifex
1482 2569 1599 2621 (tales
1633 2571 1731 2608 euim
1760 2579 1902 2618 semper

1099 2641 1184 2672 sunt
1210 2643 1379 2685 apostatae
1403 2635 1560 2686 nostri).
1584 2634 1692 2673 Nunc
1710 2634 1756 2671 ab
1779 2631 1902 2684 Impe-

1097 2707 1214 2738 ratore
1234 2698 1531 2752 archiepiscopus
1549 2699 1749 2737 Wilnensis
1764 2711 1902 2736 renun-

1098 2767 1213 2805 ciatus
1224 2794 1235 2813 ,
1251 2779 1331 2818 quae
1352 2766 1455 2804 sedes
1470 2765 1692 2804 schismatica
1709 2778 1811 2802 nunc
1829 2766 1902 2817 pri-

1097 2848 1202 2873 mum
1220 2843 1337 2874 erecta
1354 2842 1423 2874 est.
1443 2834 1589 2886 Reliqui
1613 2832 1687 2871 duo
1714 2834 1900 2873 minorum

1096 2902 1258 2952 gentium
1282 2907 1367 2937 sunt
1386 2898 1538 2938 Basilius
1565 2898 1743 2937 Luzmm
1769 2907 1805 2939 et
1825 2898 1902 2938 An-

1096 2967 1219 3006 tonius
1240 2965 1376 3005 Zunxo.
