2028 3354
210 210 271 263 88
680 223 834 253 rnAcr.
870 224 924 253 nr.
957 225 1076 256 nouis
1111 224 1414 256 rnnonomms.

214 339 274 387 de
291 338 413 386 notis
437 335 624 399 reliquis
648 342 717 380 est
730 333 1099 403 intelligendum.
1113 338 1421 401 proprietates
1440 337 1567 383 enim
1581 336 1757 384 intimae
1776 347 1886 384 sunt

214 423 262 462 et
299 414 358 460 ad
399 412 465 458 rei
503 409 750 456 essentiam
790 412 1057 474 pertinent3
1098 421 1219 459 notae
1254 421 1410 459 autem
1450 421 1559 458 sunt
1592 413 1856 461 extrinsecae
1871 448 1883 471 7

216 499 355 553 atque
385 485 593 533 essentiae
618 502 668 531 ac
691 486 1029 550 proprietatum
1056 486 1445 534 manifestationes
1467 524 1479 547 7
1513 505 1614 552 quae
1636 505 1692 534 ex
1714 488 1889 534 intrin-

214 567 324 612 secis
350 561 711 629 proprietatibus
740 562 1046 609 efflorescunt.
1082 561 1317 608 Nonnulla
1349 571 1507 610 tamen
1531 572 1577 610 et
1607 564 1663 610 de
1690 563 1760 610 his
1780 581 1888 629 pro-

210 637 486 705 prietatibus
507 636 566 684 ob
592 637 797 683 materiae
822 637 1212 683 necessitudinem
1235 637 1310 683 hic
1336 636 1529 698 adjicere
1558 639 1797 687 debemus.

284 714 392 761 151.
426 713 621 771 Verum7
653 713 924 777 priusquam
943 712 1025 758 has
1055 722 1187 759 notas
1209 728 1330 760 verae
1356 712 1561 760 Ecclesiae
1592 714 1760 761 Christi
1785 714 1890 763 vin-

215 790 419 838 dicemus
441 824 454 850 7
497 788 722 835 nonnulla
755 787 1088 852 praemonenda
1119 797 1228 834 sunt
1253 797 1355 834 tum
1383 788 1442 834 de
1471 788 1590 834 notis
1619 790 1728 853 ipsis
1747 826 1760 850 7
1791 798 1893 836 tum

219 867 278 913 de
310 882 471 913 earum
504 873 670 911 natura
697 873 745 911 et
772 863 935 910 ordine
957 867 1163 927 yeozetico
1177 899 1195 921 ,
1228 881 1309 910 seu
1334 865 1513 911 ratione
1542 881 1633 928 qua
1666 866 1807 913 altera
1838 883 1895 913 ex

217 941 362 989 altera
381 940 584 1003 gignitur
600 976 612 999 7
635 948 686 985 ut
706 938 815 985 inde
836 939 1025 986 demum
1043 940 1296 987 inferamus
1312 974 1324 997 7
1346 939 1409 985 ita
1439 957 1486 986 se
1506 939 1606 987 illas
1623 939 1796 988 habere
1813 958 1896 1006 per

216 1017 411 1064 modum
440 1016 574 1062 unius
591 1051 603 1074 7
630 1023 681 1061 ut
703 1014 777 1062 vel
803 1032 964 1061 omnes
994 1015 1071 1062 vel
1097 1015 1225 1062 nulla
1248 1024 1483 1079 competat
1509 1016 1732 1064 Ecclesiae.

280 1093 390 1139 152.
432 1093 591 1156 Itaque
609 1091 821 1154 inprimis
850 1090 1243 1155 deprehendimus
1260 1127 1272 1150 7
1298 1090 1433 1137 hasce
1459 1100 1593 1137 notas
1622 1092 1899 1139 extrinsecas

213 1168 471 1216 necessario
501 1167 724 1230 originem
751 1166 918 1213 ducere
949 1165 1008 1213 ab
1033 1168 1133 1231 ipsa
1162 1168 1229 1213 rei
1254 1174 1418 1213 natura
1438 1202 1450 1225 7
1483 1184 1563 1213 seu
1581 1166 1639 1212 ab
1669 1167 1901 1214 essentiali

214 1244 423 1291 Ecclesiae
446 1243 797 1299 constitutione,
811 1250 950 1306 prout
973 1260 998 1289 a
1014 1243 1194 1289 Christo
1213 1243 1427 1289 instituta
1447 1251 1541 1302 est,
1559 1242 1623 1289 ita
1642 1252 1693 1288 ut
1715 1236 1772 1289 ex
1790 1243 1900 1307 ipsis

216 1336 326 1366 vera
354 1317 525 1366 Christi
555 1317 753 1364 Ecclesia
781 1317 924 1364 veluti
953 1335 977 1363 a
1003 1336 1085 1364 sua
1117 1328 1308 1366 externa
1334 1318 1484 1382 specle
1515 1327 1562 1365 et
1583 1318 1902 1383 physionomia

216 1396 557 1442 internoscatur
598 1402 645 1440 et
668 1402 936 1440 secernatur
968 1411 994 1439 a
1023 1395 1184 1458 quavis
1211 1395 1426 1441 societate
1444 1430 1456 1453 7
1488 1411 1590 1458 quae
1616 1394 1782 1440 Christi
1806 1410 1904 1440 non

213 1471 286 1517 sit.
315 1471 369 1516 2⁰
400 1471 466 1516 Ex
495 1468 670 1515 eisdem
710 1469 832 1514 notis
867 1485 954 1514 nec
985 1469 1131 1515 solam
1157 1470 1363 1516 animam
1406 1485 1492 1515 nec
1533 1469 1682 1516 solum
1725 1486 1891 1534 corpus

217 1544 426 1593 Ecclesiae
455 1543 625 1591 debere
653 1543 789 1590 nobis
817 1545 1023 1609 patefieri
1041 1581 1053 1604 7
1086 1544 1167 1592 sed
1195 1554 1446 1609 utrumque
1481 1544 1651 1604 simul7
1684 1553 1824 1610 prout
1848 1545 1899 1591 in

218 1630 385 1668 mutuo
398 1621 675 1667 commercio
694 1637 773 1667 seu
792 1621 1209 1667 communicatione
1228 1621 1526 1685 reperiuntur
1538 1656 1550 1680 7
1574 1620 1743 1668 scilicet
1761 1630 1901 1685 prout

217 1697 414 1745 Ecclesia
432 1713 597 1761 corpus
616 1698 774 1742 vivens
793 1705 863 1742 est
878 1732 890 1755 7
912 1705 960 1743 et
978 1696 1068 1746 vita
1087 1696 1278 1760 quidem
1294 1695 1449 1745 divina
1467 1712 1519 1742 ac
1538 1696 1898 1760 supernaturali.

285 1772 392 1820 153.
431 1772 500 1819 Ad
524 1771 779 1818 secundum
796 1771 922 1835 quod
945 1780 1122 1835 spectat
1142 1807 1155 1830 7
1179 1771 1478 1818 observamus
1495 1807 1510 1831 7
1531 1771 1674 1818 talem
1697 1788 1795 1818 esse
1815 1789 1902 1818 na-

218 1857 377 1896 turam
400 1864 450 1894 ac
472 1846 679 1893 indolem
699 1847 865 1893 harum
894 1855 1110 1892 notarum
1126 1882 1140 1905 7
1172 1855 1224 1892 ut
1243 1847 1500 1893 necessario
1529 1864 1652 1894 nexu
1671 1846 1904 1894 adhaeres-

221 1933 331 1972 cant
352 1940 433 1969 suo
452 1923 680 1986 principio
696 1958 707 1980 7
737 1939 793 1968 ex
818 1939 910 1986 quo
932 1921 1190 1987 profluunt.
1215 1923 1335 1968 Hinc
1364 1931 1414 1969 ut
1431 1924 1585 1970 unitas
1607 1940 1706 1971 esse
1729 1924 1874 1988 possit
1890 1958 1903 1982 7

224 2017 323 2048 non
348 1997 497 2045 solum
527 1996 667 2045 debet
691 2015 788 2045 esse
811 1995 949 2062 plena
983 2007 1030 2045 et
1052 1998 1257 2045 formalis
1272 2034 1285 2057 7
1320 1998 1400 2045 sed
1424 1998 1564 2046 debet
1590 2008 1814 2064 praeterea
1833 2016 1908 2046 se·-

227 2093 331 2123 cum
357 2073 614 2120 necessario
638 2089 731 2138 prae
750 2090 798 2119 se
817 2074 935 2120 ferre
960 2075 1239 2140 principium
1257 2111 1269 2134 7
1298 2091 1354 2121 ex
1389 2091 1480 2138 quo
1512 2074 1610 2121 haec
1634 2076 1733 2139 ipsa
1755 2075 1908 2120 unitas

225 2150 526 2199 constituitur
547 2169 559 2207 ς
595 2166 766 2213 nempe
795 2167 892 2196 non
917 2150 1109 2209 sufficit7
1140 2160 1192 2196 ut
1218 2150 1443 2197 habeatur
1477 2150 1639 2196 eadem
1660 2149 1767 2196 fidei
1788 2168 1907 2214 pro-

224 2227 358 2275 fessio
375 2261 388 2285 7
425 2224 550 2272 idem
582 2226 985 2272 sacramentorum
1022 2243 1157 2284 usus7
1190 2226 1544 2273 communicatio
1568 2235 1730 2272 mutua
1755 2243 1910 2273 mem-

221 2302 443 2360 brorum3
479 2301 560 2348 sed
584 2301 835 2365 requiritur
853 2302 1043 2366 insuper
1070 2302 1349 2366 principium
1383 2302 1663 2348 auctoritatis
1680 2338 1692 2361 7
1732 2319 1790 2349 ex
1818 2319 1910 2367 qua

227 2379 323 2425 sola
341 2379 391 2424 in
411 2376 627 2424 omnibus
653 2377 813 2424 eadem
834 2376 940 2423 fidei
958 2377 1174 2441 professio
1195 2378 1366 2435 oritur3
1390 2378 1687 2442 principium7
1716 2379 1911 2443 inquam

228 2454 452 2502 divinitus
480 2454 749 2500 institutum
764 2489 776 2511 7
803 2452 980 2500 visibile
1007 2454 1255 2518 efficaxque
1272 2489 1285 2515 7
1314 2453 1439 2517 quod
1458 2455 1508 2500 in
1529 2453 1776 2502 Ecclesiam
1800 2455 1910 2501 uni-

231 2547 417 2580 versam
452 2529 648 2588 influat7
684 2528 904 2593 illamque
934 2539 1061 2592 regat
1088 2546 1139 2576 ac
1172 2530 1461 2590 moderetur,
1493 2539 1546 2576 ut
1575 2539 1765 2593 exurgat
1800 2545 1910 2576 vera

237 2622 288 2652 ac
318 2604 482 2652 intima
515 2604 739 2651 connexio
770 2604 893 2650 inter
916 2614 1053 2670 caput
1080 2614 1128 2652 et
1159 2605 1369 2653 membra
1388 2641 1400 2660 7
1434 2606 1558 2653 inter
1581 2603 1790 2652 membra
1812 2604 1911 2672 sin-

241 2680 346 2743 gula
370 2677 430 2726 ad
454 2679 655 2727 invicem
671 2715 683 2737 7
715 2696 767 2726 ac
796 2679 987 2726 demum
1004 2681 1126 2727 inter
1143 2681 1346 2727 animam
1367 2690 1413 2728 et
1442 2698 1621 2746 corpus.
1644 2678 1697 2725 Id
1721 2679 1845 2743 quod
1865 2689 1912 2727 et

245 2756 303 2803 de
323 2755 483 2802 ceteris
500 2755 621 2800 notis
645 2773 728 2801 suo
747 2754 884 2801 modo
906 2755 1102 2818 intelligi
1118 2756 1285 2816 debet3
1306 2766 1446 2822 prout
1462 2757 1512 2803 in
1530 2764 1638 2803 nota
1658 2755 1911 2805 sanctitatis

247 2830 548 2880 manifestum
574 2840 642 2877 est
664 2867 677 2890 7
708 2847 811 2896 quae
838 2830 1010 2897 absque
1029 2833 1172 2895 gratia
1197 2834 1509 2881 sanctificante
1528 2840 1576 2879 et
1594 2830 1834 2892 charitate7
1855 2849 1912 2879 ex

248 2925 337 2973 qua
365 2906 564 2971 gignitur
579 2942 592 2965 7
620 2907 866 2954 consistere
890 2924 986 2954 non
1016 2917 1197 2973 potest3
1235 2919 1372 2974 atque
1391 2909 1503 2954 item
1526 2906 1583 2954 de
1605 2907 1727 2953 notis
1751 2906 1912 2955 catho-

246 2982 426 3031 licitatis
447 2990 494 3029 et
511 2981 853 3046 apostolicitatis
869 3019 881 3043 7
902 3001 1005 3049 quae
1027 2984 1202 3048 concipi
1216 2991 1453 3052 nequeunt
1474 2981 1647 3048 absque
1661 2983 1840 3031 unitate
1857 3018 1870 3043 7
1884 3001 1911 3031 a

248 3077 336 3124 qua
366 3057 650 3124 dependent.
