2028 3354
370 218 498 248 PAn'r.
537 218 567 248 1.
605 218 725 248 sacr.
764 218 814 247 11.
851 218 949 247 cu».
987 219 1019 247 1.
1059 218 1114 246 na
1149 216 1280 247 rn'ral
1315 216 1532 247 rmmnu.
1705 201 1798 248 311

173 330 284 378 463.
322 331 374 378 In
405 331 550 378 altero
577 338 734 379 autem
762 339 894 378 textu
915 334 1048 394 juxta
1078 332 1123 378 S.
1160 329 1457 378 Ambrosium
1477 367 1490 391 a
1523 330 1648 395 quod
1668 333 1807 380 Petro

106 407 300 468 dicitur,
328 407 543 454 omnibus
569 406 764 466 dicitur,
788 409 914 454 Dist.
939 405 1093 473 quoad
1104 415 1389 473 potestatem
1403 406 1678 455 remittendi
1696 426 1804 474 pec-

105 495 233 544 cata7
272 502 400 532 conc.
419 504 434 538 ;
465 484 619 550 quoad
655 486 910 549 primatum
931 522 943 544 ‚
976 502 1077 548 noy.
1113 483 1367 532 Contendit
1391 485 1565 550 quippe
1605 487 1650 532 S.
1694 487 1806 533 Am-

103 561 281 609 brosius
317 561 538 609 adversus
572 554 886 622 Novatian0s‚
910 570 1213 628 potestatem,
1240 579 1380 626 quam
1401 562 1598 610 Ecclesia
1622 573 1806 611 exercet

103 638 151 683 in
186 637 480 685 remittendis
515 638 712 704 peccatis
735 675 746 697 7
773 656 870 685 non
907 654 1005 684 esse
1032 645 1335 701 usurpatam,
1370 637 1454 684 sed
1494 638 1535 685 ei
1571 656 1596 685 a
1623 639 1807 687 Christo

102 713 319 761 collatam
351 724 451 761 tum
482 715 528 760 in
561 717 698 761 Petro
729 724 830 760 tum
860 713 910 759 in
941 712 1134 777 reliquis
1161 711 1407 777 Apostolis.

167 789 279 837 464.
319 794 362 837 S.
397 790 593 854 Cyrillus
625 790 851 848 affirmat,
889 789 1092 835 Petrum
1123 797 1166 834 et
1190 789 1433 836 Joarmem
1470 792 1674 853 oequalz's
1710 809 1803 840 esse

100 867 377 930 difflzicatz's,
407 868 531 914 Dz'st.
565 867 618 913 In
649 864 910 930 apostolatu
929 900 941 923 .,
978 881 1105 911 conc.
1122 883 1138 917 ;
1166 864 1216 911 in
1247 866 1478 929 primatu,
1510 883 1612 930 neq.
1645 867 1806 915 Talem

100 960 239 1007 porro
263 959 361 989 esse
388 959 574 989 sensum
591 940 844 989 verborum
870 940 1027 1005 Cyrilli
1045 976 1056 998 ,
1084 949 1215 1005 patet
1240 958 1297 988 ex
1315 941 1586 990 immediate
1605 948 1809 1008 seque'n-

100 1018 224 1065 tibus
260 1038 270 1065 :
307 1020 514 1081 Propter
553 1017 681 1081 quod
703 1025 748 1064 cc
776 1018 991 1082 Apostoli
1015 1025 1060 1063 et
1088 1022 1249 1065 sancti
1280 1019 1518 1083 dz‘sczPuli
1549 1037 1642 1067 esse
1659 1038 1806 1067 mon-

99 1104 318 1142 strantur
340 1095 428 1158 (l).

164 1171 277 1218 465.
308 1172 461 1218 Victor
482 1169 695 1233 Carthag.
723 1169 881 1217 scribit
895 1206 907 1229 a
928 1187 1088 1217 omncs
1110 1170 1405 1218 beatissimos
1427 1173 1670 1235 Apostolos
1680 1176 1810 1236 pari

99 1248 291 1294 honoris
320 1256 364 1293 cc
380 1249 627 1310 potestatis
647 1250 880 1294 consortio
901 1247 1134 1309 proedz'tos
1146 1281 1164 1304 ,
1196 1249 1323 1294 Dz‘sc.
1349 1248 1402 1294 In
1421 1247 1674 1312 apostolico
1695 1266 1805 1295 mu-

100 1340 213 1370 nere
238 1340 290 1370 ac
324 1322 551 1386 dignitate
567 1359 579 1382 a
607 1339 764 1377 conc-5
784 1323 833 1369 in
855 1325 1061 1388 primatu
1078 1359 1090 1382 ‚
1121 1341 1225 1387 neq.
1248 1324 1474 1388 Loquitur
1500 1325 1628 1380 enim
1652 1326 1805 1373 Victor

99 1400 158 1448 de
190 1398 448 1446 orthodoxa
479 1398 689 1447 doctrina
706 1434 720 1456 ,
748 1416 838 1464 qua
872 1398 1069 1446 Ecclesia
1104 1397 1163 1446 ab
1186 1399 1416 1464 Apostolis
1441 1399 1606 1447 eadem
1623 1402 1805 1449 ratione

41 1496 47 1503 ·
99 1476 347 1522 informata
378 1483 448 1522 est
479 1475 569 1538 (2).

164 1551 278 1597 466.
318 1552 413 1597 Nec
448 1550 536 1597 alia
571 1559 641 1597 est
679 1567 815 1597 mens
855 1552 901 1597 S.
939 1550 1100 1598 Isidori
1132 1550 1451 1616 Hispalensis,
1494 1553 1574 1616 qui
1605 1552 1806 1602 adducta

101 1626 247 1675 verba
276 1626 474 1691 perinde
508 1643 559 1673 ac
590 1627 743 1674 Victor
766 1626 1034 1691 Cartl‘sagin.
1068 1635 1307 1673 mutuatus
1326 1636 1395 1675 est
1415 1644 1441 1673 a
1465 1628 1511 1674 S.
1536 1627 1769 1693 Cypriano
1789 1667 1802 1690 ,

105 1704 156 1750 in
189 1703 447 1768 eodemque
478 1711 727 1767 propterea
753 1720 909 1750 sensu,
934 1705 1051 1750 Sane
1084 1702 1133 1749 id
1162 1702 1309 1767 liquet
1349 1720 1406 1750 ex
1441 1704 1597 1753 verbis
1633 1705 1806 1754 imme-

102 1778 227 1826 diate
246 1777 645 1844 praecedentibus3
667 1780 956 1843 praemiserat
976 1779 1151 1845 quippe
1176 1780 1376 1826 Isidorus
1398 1798 1408 1826 :
1443 1781 1507 1827 In
1532 1781 1665 1829 Novo
1697 1783 1743 1830 T
1740 1801 1803 1830 es-

101 1864 306 1903 tamento
320 1863 429 1919 post
444 1855 691 1902 Christum
710 1857 1014 1903 sacerdotalis
1035 1857 1147 1901 ordo
1167 1873 1196 1902 a
1215 1856 1356 1903 Petro
1376 1860 1530 1920 coepit.
1543 1857 1654 1920 Ipsi
1672 1862 1804 1906 enim

93 1935 318 1997 primum
350 1932 491 1979 datus
527 1940 594 1978 est
615 1934 927 1995 pontificatus
959 1936 1014 1978 in
1043 1932 1260 1979 Ecclesia
1305 1933 1490 1980 Christi
1516 1950 1533 1987 ;
1569 1936 1637 1981 sic
1672 1939 1804 1982 enim

101 1999 319 2071 loquitur
343 2008 412 2054 ad
432 2025 540 2055 cum
566 2009 809 2055 Dominus
838 2026 854 2055 .·
894 2009 969 2055 Tu
998 2025 1043 2054 es
1078 2009 1248 2055 Petrus
1262 2043 1279 2066 ,
1302 2018 1388 2056 etc.
1416 2010 1506 2074 (3).

168 2084 281 2131 467.
322 2084 518 2131 concilii
558 2086 594 2131 V
632 2085 878 2132 auctoritas
922 2094 1053 2132 extra
1101 2094 1382 2149 praesentem
1439 2090 1806 2137 controversiam

105 2169 320 2221 urgetur,
348 2160 583 2225 siquidem
615 2160 874 2208 Concilium
905 2179 1002 2207 non
1030 2160 1238 2225 loquitur
1268 2161 1327 2209 de
1355 2162 1618 2228 aequalitate
1651 2175 1806 2230 potes·

107 2235 213 2280 tatis
235 2236 359 2284 inter
378 2237 619 2303 Apostolos
635 2272 648 2295 ‚
676 2237 758 2284 sed
782 2237 839 2284 de
864 2237 1122 2302 aequalitate
1139 2236 1371 2285 donorum
1385 2274 1399 2299 ‚
1415 2241 1677 2304 praesertim
1695 2258 1807 2289 vero

108 2309 480 2373 infallibilitatis‚
519 2312 579 2360 ad
615 2313 939 2362 instruendam
975 2312 1144 2361 Christi
1183 2314 1462 2374 Ecclesiam
1501 2316 1629 2381 quod
1665 2334 1810 2365 nemo·

108 2386 341 2433 inficiatur
369 2388 461 2454 (4).

161 2545 217 2599 (ί)
247 2545 362 2599 Apud
401 2547 584 2588 Harduin.
619 2549 723 2589 Acta
769 2548 921 2591 Concil.
994 2550 1122 2603 gilium
1147 2566 1243 2593 rom.
1266 2554 1485 2595 Pontificem
1500 2584 1513 2606 ‚
1537 2559 1576 2596 in
1590 2559 1688 2598 urbe
1707 2558 1808 2598 Con-

105 2623 196 2653 tom.
224 2625 237 2651 1
249 2644 264 2661 ,
288 2613 360 2652 col.
390 2611 505 2667 1287.
993 2619 1315 2671 stantinopolitana
1328 2621 1519 2673 degentem
1535 2653 1546 2672 ,
1569 2633 1612 2663 ut
1628 2639 1703 2664 una
1720 2639 1806 2664 cum

167 2680 219 2731 (2)
247 2680 328 2725 Cfr,
359 2681 456 2733 apud
469 2680 601 2719 Baton.
624 2690 718 2723 tom.
741 2698 776 2723 xi
789 2714 801 2734 ,
827 2698 924 2723 anno
995 2682 1163 2724 Patribus
1175 2686 1390 2739 disceptaret
1401 2689 1701 2742 adjudicandam
1713 2705 1803 2730 cau·

110 2743 206 2796 646,
236 2760 279 2787 n.
313 2744 376 2795 15,
391 2761 476 2799 pag.
501 2746 703 2799 378‚edit.
727 2749 924 2789 Lucensis.
994 2762 1072 2786 sam
1098 2750 1213 2790 trium
1248 2752 1494 2804 capitulorum
1525 2784 1537 2803 ‚
1574 2770 1651 2795 non
1680 2761 1806 2795 autem

168 2811 223 2862 (3)
254 2811 331 2852 Csr.
352 2827 432 2865 quae
456 2812 497 2852 in
516 2814 616 2853 hunc
631 2815 753 2853 locum
775 2816 926 2854 adnotat
990 2817 1172 2870 judicaret
1198 2834 1264 2872 per
1284 2834 1321 2860 se
1347 2821 1466 2860 solum
1486 2835 1651 2861 seorsum
1672 2838 1694 2862 a
1712 2837 1804 2862 con-

112 2877 277 2916 eruditus
314 2877 515 2927 Arevalus,
547 2883 586 2918 in
616 2895 709 2919 nova
731 2880 772 2920 S.
796 2881 924 2930 Isidor,
994 2883 1106 2932 cilio,
1140 2895 1246 2937 prout
1286 2889 1363 2939 ipse
1395 2889 1514 2928 facere
1555 2891 1805 2928 constituerat.

112 2956 195 2995 opp.
210 2943 299 2983 edit.
315 2944 439 2985 Romae
457 2944 554 2985 1802
570 2976 581 2995 ‚
598 2956 687 2987 tom.
700 2961 736 2986 w
752 2977 763 2995 ,
776 2962 815 3000 p.
829 2945 923 2998 418.
994 2949 1101 3001 Quod
1138 2960 1179 2990 ut
1228 2953 1461 3002 obtinerent,
1496 2955 1654 2994 afferunt
1693 2955 1806 3008 hujus

166 3008 215 3059 (A)
246 3009 386 3064 Scopas
401 3012 555 3052 Concilii
572 3022 648 3053 erat
665 3014 838 3055 inducere
849 3013 913 3053 Vi·-
995 3015 1149 3055 Concilii
1160 3016 1285 3058 Patres
1306 3019 1515 3072 exemplum
1532 3018 1810 3072 Apostolorum,
