2028 3354
202 205 297 255 492

676 227 832 258 TRACT.
872 230 926 258 DE
962 231 1080 262 LOCIS
1114 234 1409 270 THEOLOGICIS.

265 339 375 385 716.
416 338 485 386 Ad
513 338 599 397 4¹³²,
631 340 770 406 Resp.
796 341 917 389 nihil
943 343 1083 409 plane
1112 345 1272 396 absoni
1298 353 1464 401 exinde
1489 355 1622 414 oriri,
1651 356 1740 403 nisi
1764 356 1889 421 quod
1947 361 1949 364 ’

199 413 258 460 ab
288 414 552 476 anticipatis
582 414 955 466 adversariorum
972 420 1154 482 judiciis
1178 426 1558 490 apprehenditur.

264 488 378 536 717.
416 488 521 552 Obj.
567 493 781 540 secunda.
825 496 876 541 1ο
911 496 1102 544 Certum
1127 508 1229 559 est,
1263 505 1576 569 metropolitas
1613 516 1661 554 et
1690 506 1889 570 synodos

198 565 512 628 provinciales
536 568 722 632 pacifica
741 572 1030 634 possessione
1051 573 1112 620 ad
1133 574 1269 639 plura
1297 577 1447 625 secula
1469 580 1724 630 obtinuisse
1750 593 1890 649 atque

197 639 453 687 exercuisse
474 645 609 704 jura,
639 661 742 708 quae
778 645 995 712 deinceps
1031 648 1090 695 ad
1129 667 1178 697 se
1211 652 1441 715 privative
1481 663 1726 704 traxerunt
1765 675 1886 705 rom.

197 715 460 765 Pontifices.
497 719 551 764 20
581 720 687 767 Haec
717 731 875 770 autem
920 728 1158 790 usurpatio
1198 726 1405 792 legitima
1443 731 1542 779 fieri
1575 751 1673 780 non
1713 742 1891 799 potest,

196 792 294 841 sive
316 794 653 843 nonnullorum
679 798 1086 863 metropolitarum
1109 803 1246 868 culpa
1263 813 1310 852 et
1334 806 1540 869 ignavia,
1560 809 1656 858 sive
1679 809 1893 874 frequen-

197 867 323 915 tibus
362 870 422 916 ad
467 872 741 920 Pontificem
780 875 1040 923 recursibus
1086 887 1166 924 aut
1198 879 1576 932 devolutionibus
1616 902 1890 946 causarum,

196 945 294 993 sive
318 945 603 1008 synodorum
629 949 989 1013 provincialium
1014 952 1357 1004 intermissione
1373 993 1386 1016 v
1421 960 1520 1008 sive
1550 961 1755 1025 denique
1776 970 1893 1009 tem-

194 1020 321 1084 poris
348 1020 510 1086 lapsu,
545 1040 651 1070 cum
680 1023 811 1072 nulla
851 1025 989 1072 detur
1018 1026 1239 1076 adversus
1270 1029 1529 1093 legitimam
1557 1037 1894 1100 possessionem

194 1097 485 1162 praescriptio
511 1098 598 1163 (1).
635 1099 687 1146 30
720 1101 1021 1149 Incommoda
1051 1120 1191 1167 porro
1208 1139 1220 1163 7
1254 1121 1356 1169 quae
1383 1123 1441 1155 ex
1471 1109 1559 1156 hac
1586 1128 1704 1158 rom.
1731 1112 1892 1160 Ponti-

195 1172 337 1220 ficum
359 1172 634 1222 dominandi
655 1175 849 1225 libidine
870 1178 1108 1238 oriuntur,
1131 1189 1265 1228 aetate
1282 1184 1385 1243 jam
1405 1200 1487 1229 sua
1519 1184 1694 1233 deflens
1725 1189 1772 1233 S.
1789 1189 1894 1235 Ber-

196 1248 373 1296 nardus
389 1286 402 1308 ,
436 1250 719 1315 querebatur
749 1254 804 1300 de
820 1254 1155 1302 Ecclesiarum
1182 1257 1564 1314 detruncatione,
1589 1278 1687 1322 qua
1709 1263 1893 1309 subdu-

197 1334 383 1372 cuntur
404 1328 598 1374 abbates
621 1330 898 1395 Episcopis,
921 1332 975 1378 hi
996 1334 1394 1396 metropolitanis,
1417 1336 1472 1382 hi
1492 1338 1791 1399 patriarchis
1814 1356 1893 1386 seu

191 1404 495 1463 primatibus
514 1404 601 1470 (2).
630 1407 682 1452 40
699 1408 838 1467 Sane⁷
868 1426 923 1455 ex
945 1426 1038 1473 quo
1061 1409 1293 1473 regulares
1320 1411 1412 1458 suis
1436 1412 1669 1477 Episcopis
1681 1413 1893 1461 subducti

198 1486 339 1539 sunt,
370 1478 569 1527 relaxari
600 1484 853 1531 monastica
885 1484 1127 1550 disciplina
1156 1488 1328 1551 coepit,
1360 1496 1499 1553 atque
1536 1506 1592 1536 ex
1621 1488 1895 1555 appellatio-

197 1553 337 1600 nibus
362 1555 422 1602 ad
444 1573 562 1604 rom.
588 1559 861 1607 Pontificem
886 1559 1159 1609 clericorum
1186 1563 1464 1611 facinoribus
1497 1564 1713 1611 omnibus
1744 1565 1893 1613 aditus

198 1631 384 1695 aperiri.
414 1633 467 1679 5⁰
485 1636 687 1683 Demum
709 1636 799 1683 nisi
825 1636 884 1684 ad
907 1638 1114 1703 pristinae
1138 1638 1394 1705 disciplinae
1415 1658 1630 1688 normam
1653 1649 1896 1689 revocetur

197 1707 447 1770 pontificiae
472 1712 756 1759 auctoritatis
778 1715 1050 1761 exercitium
1068 1751 1081 1774 7
1115 1731 1328 1780 quaenam
1357 1716 1513 1781 regula
1545 1717 1586 1764 ei
1612 1717 1785 1782 praefigi
1807 1734 1894 1783 po·

203 1783 313 1830 terit
331 1820 343 1844 ,
381 1802 441 1833 ne
472 1785 559 1833 sibi
587 1798 752 1836 cuncta
783 1790 1038 1855 surripiat?
1070 1792 1203 1855 Ergo,

266 1859 382 1909 718.
420 1863 558 1928 Resp.
603 1864 675 1911 Ad
719 1866 801 1926 1¹¹²,
844 1867 968 1914 Dist.
1012 1868 1078 1915 Ex
1124 1870 1424 1917 concessione·
1453 1886 1569 1917 rom.
1618 1868 1894 1917 Pontificum

255 2038 308 2089 (l)
340 2037 498 2087 Scheffl,
513 2027 599 2076 cum
616 2039 656 2076 in
676 2038 948 2093 adjectionibus
967 2039 1014 2078 ad

199 2102 221 2156 g
245 2102 321 2154 240
349 2102 484 2143 Instit.
521 2101 710 2142 Schenklii
751 2106 880 2143 merito
921 2107 1013 2158 reje-

199 2172 306 2209 cisset
324 2173 467 2223 jurium
488 2170 774 2210 accidentalium
792 2172 950 2219 natales,
973 2180 1015 2210 ut

198 2238 277 2288 ipse
298 2235 465 2288 loquitur
480 2264 491 2286 ,
518 2250 539 2274 a
559 2236 752 2274 nonnullis
778 2239 1013 2289 excogitatos,

198 2317 333 2354 nempe
362 2303 603 2354 Pontificum
631 2303 905 2352 ambitionem,
935 2305 1015 2342 Isi·

197 2367 284 2406 dori
296 2366 420 2418 falsas
447 2367 648 2406 decretales
660 2396 672 2416 ‚
707 2368 833 2406 secula
868 2368 987 2407 rudia
1003 2398 1014 2416 ‚

197 2432 434 2483 reqularium
450 2432 553 2484 Papae
572 2435 772 2485 imperium
788 2448 1012 2486 promoven-

206 2501 300 2537 tium
322 2505 502 2550 conatus,
529 2500 619 2538 alios
636 2505 713 2553 ipse
729 2501 868 2539 natales
883 2502 939 2539 his
950 2504 1015 2555 ju-

205 2565 309 2604 ribus
335 2565 534 2610 adscribit,
562 2565 689 2605 saltem
714 2575 892 2619 tanquam
910 2581 1016 2619 prce-

205 2632 342 2683 cipaas
363 2643 500 2669 causas
517 2661 526 2679 ,
553 2632 722 2670 videlicet
735 2630 1015 2685 Epist-operum

205 2704 242 2735 et
264 2693 581 2748 Metropolitarum
601 2699 641 2734 in
660 2698 919 2736 conservandis
941 2700 1016 2737 suis

200 2761 350 2813 juribus
377 2762 596 2807 incuriam,
631 2770 666 2801 et
699 2765 857 2801 maxime
892 2763 1014 2814 neqli-

202 2827 377 2877 qentiam
401 2828 446 2865 in
472 2827 592 2881 officio
606 2854 619 2875 ,
647 2827 861 2867 facilitatem
888 2837 923 2867 et
950 2831 1015 2867 in-

205 2891 441 2943 dulqentiam
462 2895 637 2942 nimiam,
657 2903 720 2932 aut
745 2901 872 2932 contra
895 2896 1014 2946 impe-

206 2958 394 2997 riosiorem
415 2957 725 3007 dominationem,
749 2960 1015 3012 impotentiam

206 3034 334 3063 eorum
359 3024 404 3064 ad
427 3023 563 3064 abusus
587 3025 864 3077 reprimendos,
885 3039 1015 3078 perpe-

1085 2049 1189 2079 tuum
1213 2054 1409 2079 recursum
1433 2050 1468 2080 et
1490 2055 1685 2081 causarum
1699 2040 1894 2092 ad'Papam

1083 2108 1364 2155 remissionem,
1396 2106 1698 2159 infrequentiam
1733 2105 1895 2157 synodo-

1084 2186 1170 2210 rum
1201 2172 1531 2225 provincialium,
1561 2173 1793 2219 simoniam,
1830 2172 1895 2209 in-

1084 2240 1363 2277 continentiam
1378 2265 1391 2287 ,
1442 2239 1672 2290 aliorumque
1720 2239 1895 2277 vitiorum

1085 2305 1238 2355 impune
1270 2306 1513 2357 grassantium
1551 2302 1675 2342 labem
1691 2331 1709 2352 ‚h
1745 2311 1780 2341 et
1809 2302 1897 2342 inde

1085 2376 1202 2407 ortam
1225 2372 1475 2408 necessitatem
1496 2399 1508 2417 ‚
1543 2376 1585 2406 ut
1616 2382 1764 2407 summa
1782 2367 1897 2408 Sedes

1084 2435 1335 2472 auctoritatem
1368 2447 1470 2471 suam
1504 2435 1782 2484 interponeret,
1812 2433 1896 2471 has-

1086 2513 1158 2552 que
1185 2500 1337 2538 demum
1365 2513 1492 2538 causas
1519 2500 1588 2537 sibi
1615 2506 1799 2550 servaret3
1825 2496 1895 2550 jus

1077 2564 1341 2618 patriarchale
1366 2579 1461 2604 rom.
1487 2564 1675 2604 Pontificis
1698 2578 1762 2616 per
1787 2563 1893 2603 Occi-

1084 2633 1257 2681 dentem,
1289 2647 1332 2671 ac
1343 2634 1417 2685 jus
1435 2631 1688 2671 devotationis
1708 2631 1756 2669 ob
1780 2629 1893 2668 omis-

1084 2714 1140 2739 sas
1158 2700 1315 2753 synodos
1331 2699 1587 2752 provinciales,
1608 2697 1812 2738 Fatendum
1838 2702 1894 2733 ta-

1084 2779 1171 2804 men
1208 2774 1261 2804 est
1295 2765 1399 2819 huno
1427 2774 1612 2804 auctorem
1656 2774 1731 2815 prae
1766 2761 1894 2799 ceteris

1084 2831 1312 2870 moderatum
1350 2844 1389 2869 se
1421 2830 1617 2875 exhibere,
1646 2834 1682 2866 et
1704 2825 1895 2865 addictum

1085 2894 1125 2935 S.
1151 2895 1254 2935 Sedi.
1867 2932 1870 2934 .

1137 2961 1188 3011 (2)
1218 2960 1283 3000 De
1309 2960 1501 3002 consider..
1519 2958 1590 2998 lib..
1621 2970 1690 3006 ιιι,
1733 2970 1816 3010 cap.
1841 2953 1896 3007 4,

1081 3038 1190 3065 num.
1224 3024 1284 3076 14.
