2028 3354
1722 168 1811 215 157

501 189 624 219 PART.
659 190 691 218 1.
731 189 828 218 CAP.
865 187 932 216 111.
974 188 1026 216 DE
1060 186 1272 218 ECGLESIAE
1308 186 1447 216 Novis.

128 305 327 366 firmum
359 305 455 351 Dei
478 303 856 365 fundamentum
890 309 984 347 stat
999 335 1015 357 ,
1047 318 1099 347 ac
1127 301 1211 347 Dei
1232 299 1556 365 promissiones
1589 315 1686 347 non
1710 316 1817 348 eva*

136 379 411 427 cuabuntur.
435 377 637 437 Accedit,
660 379 922 423 Romanum
941 377 1216 424 Pontificem
1242 377 1290 422 in
1315 375 1400 423 hac
1423 375 1667 439 encyclica⁷
1701 375 1816 424 dum

136 455 366 515 Ecclesiae,
399 454 436 501 si
465 453 617 518 placet
634 490 646 513 7
673 453 794 499 mala
818 453 1086 516 gravissima
1110 451 1329 516 exponit,
1357 468 1589 498 sacrorum
1612 452 1815 518 eloquio-

133 548 238 577 rum
272 528 518 596 phrasibus
559 530 658 589 ιιῐίἼ
694 529 862 593 quibus
900 538 1079 576 veteres
1111 528 1352 592 Prophetae
1390 529 1552 593 populi
1578 530 1662 577 Dei
1694 529 1817 578 mala

134 604 573 669 reprehendebant,
606 606 720 670 quin
740 603 907 652 exinde
936 603 1146 650 concludi
1162 603 1330 667 possit,
1356 620 1413 650 ex
1445 603 1818 669 delinquentium

133 700 327 730 numero
364 693 410 731 et
447 682 746 748 improbitate
784 680 1029 728 Ecclesiam
1062 679 1191 725 illam
1226 688 1433 727 veterem
1457 681 1660 746 'aliquod
1685 684 1735 730 in
1767 702 1818 732 se

133 758 463 806 detrimentum
506 776 689 824 passam
722 774 833 804 esse.
870 756 925 801 Et
964 755 1058 801 haec
1096 755 1287 820 quidem
1327 756 1567 803 adversam
1609 758 1818 809 Ecclesiae

132 834 295 882 faciem
317 834 631 899 inspiciendo„⁷
655 848 745 897 quo
763 848 903 878 sensu
917 830 1160 877 Psalmista
1181 830 1364 879 dicebat
1383 850 1393 878 ε
1416 833 1587 880 Omnes
1609 835 1818 882 deelina-

132 920 325 966 verunt,
345 918 391 958 et
419 908 660 974 Apostolus
691 925 701 952 :
735 908 907 954 Omnes
930 915 1185 970 quaerunt,
1219 925 1324 970 quw
1348 926 1438 955 sua
1467 917 1596 956 sunt.
1626 910 1761 969 Quod
1779 913 1818 959 si

130 986 351 1032 voluisset
375 986 534 1033 faciem
551 983 746 1030 alteram
769 982 1002 1030 delineare
1018 1020 1031 1041 7
1053 984 1279 1048 potuisset
1297 985 1504 1048 profecto
1523 1002 1627 1032 cum
1647 986 1815 1035 iisdem

63 1046 66 1049 ,
131 1061 427 1127 scriptoribus
460 1059 596 1106 sacris
628 1076 731 1106 eam
762 1070 924 1106 vocare
956 1060 1038 1106 Dei
1064 1058 1324 1123 peculium,
1361 1070 1548 1123 gentem
1575 1070 1813 1123 sanctam,

131 1154 272 1201 genus
300 1136 524 1196 electum,
556 1144 606 1182 ut
639 1136 689 1182 in
723 1136 969 1201 Scripturis
1000 1136 1139 1182 moris
1176 1145 1247 1182 est
1268 1172 1279 1193 a
1317 1137 1415 1184 sive
1451 1154 1557 1184 cum
1588 1137 1814 1200 laudant,

130 1213 224 1262 sive
248 1230 353 1260 cum
384 1214 669 1277 vituperant.

193 1289 306 1335 255.
346 1288 418 1336 Ad
444 1289 507 1334 6¹1¹
524 1326 535 1348 a
568 1289 685 1353 Ney.
708 1290 890 1335 Etenim
909 1325 921 1348 ,
943 1289 980 1335 si
997 1287 1199 1335 coactiva
1217 1297 1337 1336 esset
1354 1288 1589 1337 catholicae
1610 1291 1819 1340 Ecclesiae

131 1365 305 1426 unitas,
333 1364 429 1412 haec
448 1382 544 1412 non
565 1365 781 1429 coepisset
807 1364 898 1411 nisi
914 1363 1266 1429 insequentibus
1288 1366 1450 1412 seculis
1467 1376 1574 1432 post
1594 1367 1816 1417 instituta

131 1441 442 1505 Inquisitionis
472 1440 721 1487 tribunalia
738 1477 749 1498 a
784 1441 845 1487 ad
862 1456 962 1505 quae
980 1441 1269 1487 adversarius
1300 1440 1492 1501 alludit;
1524 1460 1621 1490 non
1641 1444 1819 1507 vigeret

129 1601 337 1632 extra-neus
350 1596 535 1646 princeps
553 1625 561 1639 ‚
582 1607 749 1646 persona
762 1624 771 1640 ,
793 1592 935 1646 proela-

127 1667 189 1696 tus
214 1688 224 1705 ‚
262 1665 381 1696 status
417 1666 484 1696 aut
507 1661 683 1711 potentia
716 1659 827 1697 habet
869 1666 939 1697 aut

127 1723 262 1761 habere
295 1723 401 1761 dehet
436 1723 556 1761 ullam
581 1724 926 1774 jurisdictionem,

132 1791 438 1840 superioritatem
453 1819 462 1836 ,
489 1790 843 1841 praeeminentiam,
879 1789 939 1828 vel

132 1857 393 1892 auctoritatem
417 1854 707 1893 ecclesiasticam
724 1884 734 1902 ,
760 1857 839 1894 sive
856 1854 936 1907 spi-

132 1919 310 1959 ritualem
338 1921 444 1972 infra
468 1922 584 1972 (forte
603 1923 731 1972 intra)
761 1920 829 1960 hoc
855 1935 937 1973 req-

133 1998 251 2034 num,
290 1993 363 2024 etc.
398 1986 478 2025 Cfr.
511 1987 608 2039 apud
630 1986 816 2039 {Bellarm.
863 1987 935 2026 Re-

131 2053 283 2103 sponsio
308 2052 359 2090 ad
387 2051 599 2105 apoloqiam
624 2067 697 2105 pro
707 2054 934 2105 juramento

129 2115 353 2166 fidelitatis,
388 2132 471 2170 spp.
506 2120 595 2157 edit.
630 2119 899 2171 Venet.{1721
922 2148 932 2164 ‚

134 2190 224 2222 tom.
243 2198 288 2232 v,
311 2198 393 2236 pag.
423 2181 510 2223 158.
536 2185 705 2237 Quanam
727 2189 851 2223 autem
881 2198 939 2223 ra-

135 2249 233 2288 tione
259 2265 471 2303 supremum
493 2252 596 2290 hunc
620 2251 845 2304 spiritualem
865 2253 938 2303 pri-

135 2322 276 2353 matum
310 2326 490 2356 exerceret
521 2320 616 2355 inter
647 2326 782 2356 ceteras
815 2319 937 2369 regina

133 2379 379 2419 immaculata
446 2382 656 2422 Elisabetha
679 2412 691 2430 ‚
752 2385 938 2435 specimen

134 2460 237 2484 sume
261 2459 306 2485 ex
330 2448 481 2498 epistola
507 2450 553 2488 ad
581 2449 781 2502 quemdam
801 2461 936 2501 praesu-

133 2513 228 2558 lem,
257 2525 443 2565 quamque
475 2514 541 2552 tibi
570 2528 614 2552 ex
644 2514 784 2567 anglica
814 2514 936 2566 lingua

133 2590 344 2616 conversam
356 2577 418 2616 hie
430 2575 599 2629 subjicio.
616 2578 653 2616 A
656 2578 760 2616 uda-v
763 2578 911 2631 praesul
917 2580 935 2616 Ι

136 2642 288 2682 Certior
301 2645 430 2697 effecta
444 2657 545 2691 sum,
568 2651 602 2681 te
624 2646 833 2696 sequiorem
859 2659 936 2685 esse

130 2710 175 2747 in
197 2723 352 2748 munere
377 2717 440 2748 tuo
464 2710 693 2762 exequendo.
717 2709 796 2750 Sed
837 2713 937 2751 scias

130 2773 240 2813 velim
253 2804 266 2823 ,
291 2775 392 2826 quod
413 2789 477 2827 eqo
492 2806 502 2823 ‚
523 2789 607 2828 quw
629 2782 662 2814 te
681 2776 761 2828 feci
776 2777 820 2815 id
834 2778 936 2829 quod

128 2853 167 2879 es
183 2869 193 2887 ,
218 2847 252 2878 {e
262 2854 419 2893 possum
442 2843 558 2879 etiam
578 2842 761 2893 infectum
783 2843 935 2895 facere,-

128 2919 174 2944 ac
194 2907 276 2944 nisi
291 2919 430 2946 munus
441 2914 550 2946 cuum
564 2909 693 2946 statim
707 2908 929 2962 adimpleas,

120 2984 194 3024 per
218 2970 340 3010 Deum
355 3001 367 3022 ,
394 2980 429 3012 te
456 2979 552 3012 veste
575 2976 757 3024 protinus
775 2987 947 3015 enimam.r

1010 1594 1100 1632 Tua
1121 1626 1132 1644 ‚
1163 1602 1283 1648 prout
1317 1604 1350 1635 te
1374 1600 1557 1648 9esseris,
1581 1612 1811 1641 mssss’rna.

1002 1659 1095 1699 Haec
1111 1662 1258 1713 epistola
1271 1691 1282 1710 ‚
1304 1677 1348 1700 ex
1369 1666 1457 1702 actis
1476 1665 1668 1704 dioeceseos
1686 1666 1813 1706 Elien-

1002 1726 1049 1762 sis
1082 1734 1268 1773 extracta,
1307 1727 1462 1778 publicis
1502 1731 1596 1782 typis
1629 1731 1724 1769 edita
1760 1740 1815 1771 est

1001 1792 1039 1827 in
1058 1790 1218 1829 London
1236 1789 1444 1843 Mayazine
1457 1794 1545 1834 Jun.
1565 1808 1577 1832 1
1589 1793 1679 1848 761.
1697 1796 1814 1849 Quor-

1001 1869 1081 1893 sum
1099 1867 1184 1895 vero
1201 1857 1280 1895 haec
1294 1859 1313 1895 ’.Ρ
1336 1855 1480 1897 Scilicet
1492 1868 1533 1898 ut
1552 1869 1685 1911 pateat,
1700 1876 1815 1914 quam

1000 1923 1124 1974 inepte
1145 1931 1226 1974 agat
1251 1923 1393 1963 Palmer
1407 1953 1417 1973 ,
1454 1927 1539 1977 qui,
1564 1934 1606 1964 ut
1628 1926 1812 1980 anglicani

1003 1995 1115 2026 coetus
1142 1988 1427 2040 dependentiam
1447 2004 1468 2028 a
1500 1992 1683 2043 regimine
1712 1994 1811 2033 civili

1003 2054 1041 2090 in
1081 2057 1232 2105 negotiis
1278 2056 1529 2107 spiritualibus
1568 2059 1807 2110 cohonestet,

1003 2119 1113 2158 nobis
1131 2134 1224 2172 saepe
1243 2121 1335 2160 adeo
1352 2121 1480 2176 objicit
1497 2123 1609 2162 verba
1624 2124 1813 2166 Pontificis

1004 2185 1163 2239 Gregorii
1184 2188 1298 2237 XVI,
1320 2198 1361 2228 ut
1383 2192 1541 2239 evincat,
1557 2205 1633 2229 non
1653 2192 1812 2232 melioris

1004 2254 1226 2293 conditionis
1255 2269 1330 2294 esse
1354 2255 1554 2295 Ecclesiam
1594 2257 1813 2298 catholicam

1004 2317 1052 2355 ob
1093 2320 1279 2358 violentias
1295 2350 1306 2368 ‚
1330 2334 1423 2373 quas
1442 2322 1626 2360 interdum
1655 2324 1696 2361 in
1730 2337 1813 2364 eam.

1004 2385 1172 2423 nonnulli
1211 2385 1397 2437 Principes
1429 2399 1599 2426 exercere
1627 2390 1811 2429 nituntur.

1003 2448 1179 2488 Potuisset
1192 2453 1269 2502 pari
1286 2453 1428 2489 ratione
1441 2466 1569 2503 urgere
1584 2454 1675 2502 vim,
1697 2468 1811 2507 quam

1003 2516 1042 2553 in
1076 2517 1289 2569 religionem
1314 2517 1550 2557 christianam
1580 2519 1716 2559 ethnici
1740 2520 1810 2560 Im·

1004 2590 1181 2632 peratores
1211 2591 1481 2631 exercuerunt,
1508 2593 1570 2623 aut
1598 2587 1638 2624 in
1665 2586 1809 2639 religio-

1003 2660 1089 2684 nem
1129 2649 1349 2687 catholicam
1383 2649 1568 2703 Principes
1600 2652 1805 2693 acatholici.

1003 2710 1099 2763 Quid
1121 2715 1257 2753 evincit
1285 2716 1337 2753 vis
1370 2723 1497 2754 contra
1531 2730 1641 2756 omne
1661 2720 1723 2771 jus
1745 2733 1809 2758 ex-

1002 2778 1178 2818 trinsecus
1198 2778 1329 2818 illata?
1346 2779 1481 2819 Contra
1505 2795 1589 2821 vero
1606 2785 1804 2834 primatus,

1001 2857 1112 2896 quem
1135 2854 1276 2885 exercet
1299 2847 1490 2898 politicum
1510 2849 1673 2899 regimen
1686 2852 1726 2888 in
1742 2849 1806 2888 Ec-

999 2909 1146 2949 clesiam
1176 2911 1406 2964 anglicanam
1423 2943 1434 2961 ,
1462 2913 1598 2965 pendet
1622 2929 1663 2954 ex
1686 2916 1801 2966 ipsius

999 2974 1168 3016 Ecelesiae
1194 2980 1455 3019 constitutione
1477 2984 1516 3020 et
1537 2987 1681 3019 natura.
