<?xml version="1.0" encoding="UTF-8"?>
<!DOCTYPE html PUBLIC "-//W3C//DTD XHTML 1.0 Transitional//EN"
    "http://www.w3.org/TR/xhtml1/DTD/xhtml1-transitional.dtd">
<html xmlns="http://www.w3.org/1999/xhtml" xml:lang="en" lang="en">
 <head>
  <title>
</title>
<meta http-equiv="Content-Type" content="text/html;charset=utf-8" />
  <meta name='ocr-system' content='tesseract 3.04.00' />
  <meta name='ocr-capabilities' content='ocr_page ocr_carea ocr_par ocr_line ocrx_word'/>
</head>
<body>
  <div class='ocr_page' id='page_1' title='image "./praelectionestheo08perruoft/praelectionestheo08perruoft_0390.png"; bbox 0 0 2028 3354; ppageno 0'>
   <div class='ocr_carea' id='block_1_1' title="bbox 252 197 345 246">
    <p class='ocr_par' dir='ltr' id='par_1_1' title="bbox 252 197 345 246">
     <span class='ocr_line' id='line_1_1' title="bbox 252 197 345 246; baseline 0.011 -1"><span class='ocrx_word' id='word_1_1' title='bbox 252 197 345 246; x_wconf 89' lang='lat'>378</span> 
     </span>
    </p>
   </div>
   <div class='ocr_carea' id='block_1_2' title="bbox 746 222 1487 259">
    <p class='ocr_par' dir='ltr' id='par_1_2' title="bbox 746 222 1487 259">
     <span class='ocr_line' id='line_1_2' title="bbox 746 222 1487 259; baseline 0.008 -8"><span class='ocrx_word' id='word_1_2' title='bbox 746 222 900 252; x_wconf 77' lang='lat' dir='ltr'>TRAc&#39;r.</span> <span class='ocrx_word' id='word_1_3' title='bbox 941 224 995 253; x_wconf 80' lang='lat' dir='ltr'>DE</span> <span class='ocrx_word' id='word_1_4' title='bbox 1031 224 1150 254; x_wconf 72' lang='lat' dir='ltr'>LOCIS</span> <span class='ocrx_word' id='word_1_5' title='bbox 1185 227 1487 259; x_wconf 78' lang='lat' dir='ltr'>THEOLOGICIS.</span> 
     </span>
    </p>
   </div>
   <div class='ocr_carea' id='block_1_3' title="bbox 247 334 1952 632">
    <p class='ocr_par' dir='ltr' id='par_1_3' title="bbox 247 334 1952 632">
     <span class='ocr_line' id='line_1_3' title="bbox 248 334 1951 409; baseline 0.008 -31"><span class='ocrx_word' id='word_1_6' title='bbox 248 340 562 396; x_wconf 78' lang='lat' dir='ltr'>protestantes</span> <span class='ocrx_word' id='word_1_7' title='bbox 593 334 680 381; x_wconf 86' lang='lat' dir='ltr'>hac</span> <span class='ocrx_word' id='word_1_8' title='bbox 698 336 747 381; x_wconf 91' lang='lat' dir='ltr'>in</span> <span class='ocrx_word' id='word_1_9' title='bbox 782 354 834 384; x_wconf 86' lang='lat' dir='ltr'>re</span> <span class='ocrx_word' id='word_1_10' title='bbox 858 339 1194 399; x_wconf 79' lang='lat' dir='ltr'>convenerint,</span> <span class='ocrx_word' id='word_1_11' title='bbox 1222 349 1275 386; x_wconf 87' lang='lat' dir='ltr'>ut</span> <span class='ocrx_word' id='word_1_12' title='bbox 1305 358 1400 389; x_wconf 90' lang='lat' dir='ltr'>non</span> <span class='ocrx_word' id='word_1_13' title='bbox 1417 344 1549 408; x_wconf 85' lang='lat' dir='ltr'>pauci</span> <span class='ocrx_word' id='word_1_14' title='bbox 1569 360 1626 390; x_wconf 82' lang='lat' dir='ltr'>ex</span> <span class='ocrx_word' id='word_1_15' title='bbox 1650 344 1789 408; x_wconf 71' lang='lat' dir='ltr'>ipsis7</span> <span class='ocrx_word' id='word_1_16' title='bbox 1824 344 1951 409; x_wconf 89' lang='lat' dir='ltr'>iique</span> 
     </span>
     <span class='ocr_line' id='line_1_4' title="bbox 247 409 1948 485; baseline 0.009 -33"><span class='ocrx_word' id='word_1_17' title='bbox 247 409 405 471; x_wconf 85' lang='lat' dir='ltr'>magni</span> <span class='ocrx_word' id='word_1_18' title='bbox 440 409 564 473; x_wconf 84' lang='lat' dir='ltr'>apud</span> <span class='ocrx_word' id='word_1_19' title='bbox 597 427 703 458; x_wconf 87' lang='lat' dir='ltr'>suos</span> <span class='ocrx_word' id='word_1_20' title='bbox 730 414 965 475; x_wconf 85' lang='lat' dir='ltr'>nominis,</span> <span class='ocrx_word' id='word_1_21' title='bbox 1001 414 1121 462; x_wconf 86' lang='lat' dir='ltr'>illud</span> <span class='ocrx_word' id='word_1_22' title='bbox 1138 415 1242 462; x_wconf 81' lang='lat' dir='ltr'>data</span> <span class='ocrx_word' id='word_1_23' title='bbox 1284 434 1421 482; x_wconf 87' lang='lat' dir='ltr'>opera</span> <span class='ocrx_word' id='word_1_24' title='bbox 1442 421 1844 485; x_wconf 83' lang='lat' dir='ltr'>propugnaverint</span> <span class='ocrx_word' id='word_1_25' title='bbox 1862 421 1948 485; x_wconf 90' lang='lat' dir='ltr'>(l).</span> 
     </span>
     <span class='ocr_line' id='line_1_5' title="bbox 248 482 1952 557; baseline 0.009 -29"><span class='ocrx_word' id='word_1_26' title='bbox 248 482 381 530; x_wconf 90' lang='lat' dir='ltr'>Adeo</span> <span class='ocrx_word' id='word_1_27' title='bbox 412 483 588 550; x_wconf 81' lang='lat' dir='ltr'>nempe</span> <span class='ocrx_word' id='word_1_28' title='bbox 615 488 908 553; x_wconf 75' lang='lat' dir='ltr'>exploratum</span> <span class='ocrx_word' id='word_1_29' title='bbox 939 500 1011 538; x_wconf 89' lang='lat' dir='ltr'>est</span> <span class='ocrx_word' id='word_1_30' title='bbox 1037 491 1236 548; x_wconf 54' lang='lat' dir='ltr'>factum.</span> <span class='ocrx_word' id='word_1_31' title='bbox 1270 494 1394 556; x_wconf 87' lang='lat' dir='ltr'>quod</span> <span class='ocrx_word' id='word_1_32' title='bbox 1415 497 1728 557; x_wconf 77' lang='lat' dir='ltr'>vindicamus,</span> <span class='ocrx_word' id='word_1_33' title='bbox 1759 506 1812 543; x_wconf 87' lang='lat' dir='ltr'>ut</span> <span class='ocrx_word' id='word_1_34' title='bbox 1846 496 1952 543; x_wconf 88' lang='lat' dir='ltr'>luce</span> 
     </span>
     <span class='ocr_line' id='line_1_6' title="bbox 248 560 1364 632; baseline 0.01 -28"><span class='ocrx_word' id='word_1_35' title='bbox 248 576 328 604; x_wconf 89' lang='lat' dir='ltr'>sua</span> <span class='ocrx_word' id='word_1_36' title='bbox 363 560 653 611; x_wconf 84' lang='lat' dir='ltr'>adversarios</span> <span class='ocrx_word' id='word_1_37' title='bbox 686 566 809 630; x_wconf 88' lang='lat' dir='ltr'>ipsos</span> <span class='ocrx_word' id='word_1_38' title='bbox 847 569 1093 614; x_wconf 83' lang='lat' dir='ltr'>acerrimos</span> <span class='ocrx_word' id='word_1_39' title='bbox 1127 567 1364 632; x_wconf 87' lang='lat' dir='ltr'>percellat.</span> 
     </span>
    </p>
   </div>
   <div class='ocr_carea' id='block_1_4' title="bbox 899 711 1276 743">
    <p class='ocr_par' dir='ltr' id='par_1_4' title="bbox 899 711 1276 743">
     <span class='ocr_line' id='line_1_7' title="bbox 899 711 1276 743; baseline -0.003 0"><span class='ocrx_word' id='word_1_40' title='bbox 899 711 1276 743; x_wconf 74' lang='lat' dir='ltr'>DlFFJCULTATES</span> 
     </span>
    </p>
   </div>
   <div class='ocr_carea' id='block_1_5' title="bbox 242 829 1993 1513">
    <p class='ocr_par' dir='ltr' id='par_1_5' title="bbox 242 829 1993 1513">
     <span class='ocr_line' id='line_1_8' title="bbox 315 829 1950 904; baseline 0.005 -26"><span class='ocrx_word' id='word_1_41' title='bbox 315 829 424 878; x_wconf 77' lang='lat'>554.</span> <span class='ocrx_word' id='word_1_42' title='bbox 456 832 562 895; x_wconf 87' lang='lat' dir='ltr'>Obj.</span> <span class='ocrx_word' id='word_1_43' title='bbox 610 834 777 899; x_wconf 88' lang='lat' dir='ltr'>prima.</span> <span class='ocrx_word' id='word_1_44' title='bbox 818 836 865 881; x_wconf 88' lang='lat'>10</span> <span class='ocrx_word' id='word_1_45' title='bbox 909 834 1059 881; x_wconf 84' lang='lat' dir='ltr'>Nullis</span> <span class='ocrx_word' id='word_1_46' title='bbox 1099 838 1387 899; x_wconf 82' lang='lat' dir='ltr'>argumentis</span> <span class='ocrx_word' id='word_1_47' title='bbox 1431 836 1613 885; x_wconf 88' lang='lat' dir='ltr'>biblicis</span> <span class='ocrx_word' id='word_1_48' title='bbox 1657 839 1842 886; x_wconf 84' lang='lat' dir='ltr'>ostendi</span> <span class='ocrx_word' id='word_1_49' title='bbox 1870 857 1950 904; x_wconf 92' lang='lat' dir='ltr'>po-</span> 
     </span>
     <span class='ocr_line' id='line_1_9' title="bbox 245 909 1950 977; baseline 0.005 -24"><span class='ocrx_word' id='word_1_50' title='bbox 245 916 359 967; x_wconf 77' lang='lat' dir='ltr'>test,</span> <span class='ocrx_word' id='word_1_51' title='bbox 400 909 588 955; x_wconf 84' lang='lat' dir='ltr'>Petrum</span> <span class='ocrx_word' id='word_1_52' title='bbox 626 912 819 956; x_wconf 84' lang='lat' dir='ltr'>Romam</span> <span class='ocrx_word' id='word_1_53' title='bbox 857 929 905 958; x_wconf 89' lang='lat' dir='ltr'>se</span> <span class='ocrx_word' id='word_1_54' title='bbox 950 910 1199 958; x_wconf 80' lang='lat' dir='ltr'>contulisse</span> <span class='ocrx_word' id='word_1_55' title='bbox 1239 921 1319 958; x_wconf 83' lang='lat' dir='ltr'>aut</span> <span class='ocrx_word' id='word_1_56' title='bbox 1352 913 1416 960; x_wconf 89' lang='lat' dir='ltr'>ibi</span> <span class='ocrx_word' id='word_1_57' title='bbox 1455 924 1695 961; x_wconf 86' lang='lat' dir='ltr'>mortuum</span> <span class='ocrx_word' id='word_1_58' title='bbox 1729 932 1855 977; x_wconf 79' lang='lat' dir='ltr'>esse3</span> <span class='ocrx_word' id='word_1_59' title='bbox 1896 916 1950 961; x_wconf 76' lang='lat'>20</span> 
     </span>
     <span class='ocr_line' id='line_1_10' title="bbox 244 982 1950 1054; baseline 0.005 -26"><span class='ocrx_word' id='word_1_60' title='bbox 244 982 340 1029; x_wconf 83' lang='lat' dir='ltr'>imo</span> <span class='ocrx_word' id='word_1_61' title='bbox 374 995 647 1050; x_wconf 81' lang='lat' dir='ltr'>argumenta</span> <span class='ocrx_word' id='word_1_62' title='bbox 672 986 841 1034; x_wconf 86' lang='lat' dir='ltr'>biblica</span> <span class='ocrx_word' id='word_1_63' title='bbox 870 997 1124 1052; x_wconf 86' lang='lat' dir='ltr'>utrumque</span> <span class='ocrx_word' id='word_1_64' title='bbox 1154 997 1400 1037; x_wconf 84' lang='lat' dir='ltr'>evertunt.</span> <span class='ocrx_word' id='word_1_65' title='bbox 1425 1000 1477 1036; x_wconf 86' lang='lat' dir='ltr'>ut</span> <span class='ocrx_word' id='word_1_66' title='bbox 1517 999 1646 1054; x_wconf 84' lang='lat' dir='ltr'>patet</span> <span class='ocrx_word' id='word_1_67' title='bbox 1682 1008 1736 1037; x_wconf 79' lang='lat' dir='ltr'>ex</span> <span class='ocrx_word' id='word_1_68' title='bbox 1766 991 1950 1038; x_wconf 89' lang='lat' dir='ltr'>silentio</span> 
     </span>
     <span class='ocr_line' id='line_1_11' title="bbox 245 1058 1949 1132; baseline 0.005 -27"><span class='ocrx_word' id='word_1_69' title='bbox 245 1058 380 1107; x_wconf 84' lang='lat' dir='ltr'>Pauli</span> <span class='ocrx_word' id='word_1_70' title='bbox 397 1098 409 1120; x_wconf 67' lang='lat'>7</span> <span class='ocrx_word' id='word_1_71' title='bbox 434 1061 549 1108; x_wconf 85' lang='lat' dir='ltr'>dum</span> <span class='ocrx_word' id='word_1_72' title='bbox 584 1079 641 1109; x_wconf 80' lang='lat' dir='ltr'>ex</span> <span class='ocrx_word' id='word_1_73' title='bbox 659 1062 784 1110; x_wconf 83' lang='lat' dir='ltr'>Urbe</span> <span class='ocrx_word' id='word_1_74' title='bbox 807 1063 990 1122; x_wconf 72' lang='lat' dir='ltr'>scribit,</span> <span class='ocrx_word' id='word_1_75' title='bbox 1023 1073 1103 1110; x_wconf 87' lang='lat' dir='ltr'>aut</span> <span class='ocrx_word' id='word_1_76' title='bbox 1115 1062 1272 1110; x_wconf 79' lang='lat' dir='ltr'>scribit</span> <span class='ocrx_word' id='word_1_77' title='bbox 1291 1065 1349 1113; x_wconf 88' lang='lat' dir='ltr'>ad</span> <span class='ocrx_word' id='word_1_78' title='bbox 1370 1068 1622 1127; x_wconf 77' lang='lat' dir='ltr'>Romanos3</span> <span class='ocrx_word' id='word_1_79' title='bbox 1651 1065 1818 1131; x_wconf 84' lang='lat' dir='ltr'>quibus</span> <span class='ocrx_word' id='word_1_80' title='bbox 1837 1084 1949 1132; x_wconf 85' lang='lat' dir='ltr'>prae-</span> 
     </span>
     <span class='ocr_line' id='line_1_12' title="bbox 244 1140 1949 1203; baseline 0.005 -21"><span class='ocrx_word' id='word_1_81' title='bbox 244 1144 374 1183; x_wconf 83' lang='lat' dir='ltr'>terea</span> <span class='ocrx_word' id='word_1_82' title='bbox 395 1155 531 1184; x_wconf 88' lang='lat' dir='ltr'>suum</span> <span class='ocrx_word' id='word_1_83' title='bbox 547 1140 766 1203; x_wconf 81' lang='lat' dir='ltr'>patefacit</span> <span class='ocrx_word' id='word_1_84' title='bbox 792 1140 1034 1186; x_wconf 85' lang='lat' dir='ltr'>consilium</span> <span class='ocrx_word' id='word_1_85' title='bbox 1061 1157 1110 1186; x_wconf 87' lang='lat' dir='ltr'>ac</span> <span class='ocrx_word' id='word_1_86' title='bbox 1139 1140 1393 1190; x_wconf 74' lang='lat' dir='ltr'>vehemens</span> <span class='ocrx_word' id='word_1_87' title='bbox 1428 1142 1712 1189; x_wconf 82' lang='lat' dir='ltr'>desiderium</span> <span class='ocrx_word' id='word_1_88' title='bbox 1733 1160 1808 1189; x_wconf 84' lang='lat' dir='ltr'>eos</span> <span class='ocrx_word' id='word_1_89' title='bbox 1833 1144 1949 1193; x_wconf 79' lang='lat' dir='ltr'>invi-</span> 
     </span>
     <span class='ocr_line' id='line_1_13' title="bbox 242 1213 1993 1284; baseline 0.004 -25"><span class='ocrx_word' id='word_1_90' title='bbox 242 1213 378 1260; x_wconf 88' lang='lat' dir='ltr'>sendi</span> <span class='ocrx_word' id='word_1_91' title='bbox 394 1251 406 1275; x_wconf 75' lang='lat'>,</span> <span class='ocrx_word' id='word_1_92' title='bbox 426 1224 479 1262; x_wconf 88' lang='lat' dir='ltr'>ut</span> <span class='ocrx_word' id='word_1_93' title='bbox 500 1214 676 1281; x_wconf 86' lang='lat' dir='ltr'>aliquid</span> <span class='ocrx_word' id='word_1_94' title='bbox 696 1217 806 1281; x_wconf 83' lang='lat' dir='ltr'>ipsis</span> <span class='ocrx_word' id='word_1_95' title='bbox 823 1217 979 1283; x_wconf 73' lang='lat' dir='ltr'>gratiae</span> <span class='ocrx_word' id='word_1_96' title='bbox 998 1216 1247 1282; x_wconf 87' lang='lat' dir='ltr'>spiritualis</span> <span class='ocrx_word' id='word_1_97' title='bbox 1271 1218 1535 1282; x_wconf 84' lang='lat' dir='ltr'>impertiret</span> <span class='ocrx_word' id='word_1_98' title='bbox 1551 1254 1563 1277; x_wconf 68' lang='grc'><em>,</em></span> <span class='ocrx_word' id='word_1_99' title='bbox 1586 1235 1756 1282; x_wconf 87' lang='lat' dir='ltr'>nempe</span> <span class='ocrx_word' id='word_1_100' title='bbox 1776 1220 1948 1284; x_wconf 77' lang='lat' dir='ltr'>gratias</span> <span class='ocrx_word' id='word_1_101' title='bbox 1991 1231 1993 1233; x_wconf 79' lang='grc'><strong>’</strong></span> 
     </span>
     <span class='ocr_line' id='line_1_14' title="bbox 244 1290 1947 1360; baseline 0.004 -24"><span class='ocrx_word' id='word_1_102' title='bbox 244 1290 386 1354; x_wconf 82' lang='lat' dir='ltr'>gratis</span> <span class='ocrx_word' id='word_1_103' title='bbox 420 1292 576 1352; x_wconf 71' lang='lat' dir='ltr'>datas,</span> <span class='ocrx_word' id='word_1_104' title='bbox 616 1310 722 1340; x_wconf 90' lang='lat' dir='ltr'>cum</span> <span class='ocrx_word' id='word_1_105' title='bbox 747 1293 959 1341; x_wconf 88' lang='lat' dir='ltr'>nondum</span> <span class='ocrx_word' id='word_1_106' title='bbox 994 1293 1319 1359; x_wconf 86' lang='lat' dir='ltr'>Apostolorum</span> <span class='ocrx_word' id='word_1_107' title='bbox 1341 1295 1505 1360; x_wconf 80' lang='lat' dir='ltr'>aliquis</span> <span class='ocrx_word' id='word_1_108' title='bbox 1530 1294 1640 1343; x_wconf 85' lang='lat' dir='ltr'>illuc</span> <span class='ocrx_word' id='word_1_109' title='bbox 1663 1295 1947 1360; x_wconf 80' lang='lat' dir='ltr'>appulisset,</span> 
     </span>
     <span class='ocr_line' id='line_1_15' title="bbox 245 1366 1949 1435; baseline 0.003 -23"><span class='ocrx_word' id='word_1_110' title='bbox 245 1366 326 1413; x_wconf 90' lang='lat' dir='ltr'>sed</span> <span class='ocrx_word' id='word_1_111' title='bbox 346 1369 495 1415; x_wconf 87' lang='lat' dir='ltr'>solum</span> <span class='ocrx_word' id='word_1_112' title='bbox 534 1368 593 1416; x_wconf 88' lang='lat' dir='ltr'>ab</span> <span class='ocrx_word' id='word_1_113' title='bbox 619 1369 812 1420; x_wconf 86' lang='lat' dir='ltr'>advenis</span> <span class='ocrx_word' id='word_1_114' title='bbox 834 1370 1038 1417; x_wconf 87' lang='lat' dir='ltr'>romanis</span> <span class='ocrx_word' id='word_1_115' title='bbox 1062 1369 1080 1433; x_wconf 90' lang='lat'>(</span> <span class='ocrx_word' id='word_1_116' title='bbox 1101 1387 1300 1435; x_wconf 90' lang='lat' dir='ltr'>quorum</span> <span class='ocrx_word' id='word_1_117' title='bbox 1335 1372 1387 1418; x_wconf 82' lang='lat' dir='ltr'>fit</span> <span class='ocrx_word' id='word_1_118' title='bbox 1407 1371 1585 1419; x_wconf 88' lang='lat' dir='ltr'>mentio</span> <span class='ocrx_word' id='word_1_119' title='bbox 1611 1373 1708 1417; x_wconf 87' lang='lat' dir='ltr'>Act.</span> <span class='ocrx_word' id='word_1_120' title='bbox 1735 1372 1805 1430; x_wconf 69' lang='grc' dir='ltr'>ΙΙ,</span> <span class='ocrx_word' id='word_1_121' title='bbox 1841 1371 1899 1417; x_wconf 87' lang='grc'>10</span> <span class='ocrx_word' id='word_1_122' title='bbox 1930 1374 1949 1434; x_wconf 84' lang='grc'>)</span> 
     </span>
     <span class='ocr_line' id='line_1_16' title="bbox 243 1443 1946 1513; baseline 0.002 -22"><span class='ocrx_word' id='word_1_123' title='bbox 243 1443 301 1491; x_wconf 87' lang='lat' dir='ltr'>de</span> <span class='ocrx_word' id='word_1_124' title='bbox 330 1444 419 1492; x_wconf 84' lang='lat' dir='ltr'>fide</span> <span class='ocrx_word' id='word_1_125' title='bbox 442 1445 691 1494; x_wconf 84' lang='lat' dir='ltr'>christiana</span> <span class='ocrx_word' id='word_1_126' title='bbox 722 1447 897 1513; x_wconf 85' lang='lat' dir='ltr'>aliquid</span> <span class='ocrx_word' id='word_1_127' title='bbox 926 1449 1220 1513; x_wconf 83' lang='lat' dir='ltr'>accepissent.</span> <span class='ocrx_word' id='word_1_128' title='bbox 1263 1449 1401 1506; x_wconf 80' lang='lat' dir='ltr'>Quod</span> <span class='ocrx_word' id='word_1_129' title='bbox 1441 1450 1604 1495; x_wconf 89' lang='lat' dir='ltr'>clarius</span> <span class='ocrx_word' id='word_1_130' title='bbox 1635 1448 1789 1496; x_wconf 89' lang='lat' dir='ltr'>adhuc</span> <span class='ocrx_word' id='word_1_131' title='bbox 1817 1450 1870 1496; x_wconf 89' lang='lat' dir='ltr'>fit</span> <span class='ocrx_word' id='word_1_132' title='bbox 1890 1466 1946 1495; x_wconf 84' lang='lat' dir='ltr'>ex</span> 
     </span>
    </p>
   </div>
   <div class='ocr_carea' id='block_1_6' title="bbox 244 1584 1948 1706">
    <p class='ocr_par' dir='ltr' id='par_1_6' title="bbox 244 1584 1948 1706">
     <span class='ocr_line' id='line_1_17' title="bbox 299 1584 1947 1640; baseline 0.003 -16"><span class='ocrx_word' id='word_1_133' title='bbox 299 1584 358 1639; x_wconf 92' lang='lat' dir='ltr'>(l)</span> <span class='ocrx_word' id='word_1_134' title='bbox 390 1586 496 1626; x_wconf 86' lang='lat' dir='ltr'>Tales</span> <span class='ocrx_word' id='word_1_135' title='bbox 509 1596 594 1626; x_wconf 82' lang='lat' dir='ltr'>sunt</span> <span class='ocrx_word' id='word_1_136' title='bbox 612 1588 766 1636; x_wconf 86' lang='lat' dir='ltr'>Caveus,</span> <span class='ocrx_word' id='word_1_137' title='bbox 782 1589 1058 1637; x_wconf 74' lang='lat' dir='ltr'>Hammondus,</span> <span class='ocrx_word' id='word_1_138' title='bbox 1129 1590 1315 1640; x_wconf 85' lang='lat' dir='ltr'>adventu)</span> <span class='ocrx_word' id='word_1_139' title='bbox 1344 1604 1354 1640; x_wconf 80' lang='lat'><em>3</em></span> <span class='ocrx_word' id='word_1_140' title='bbox 1376 1588 1570 1629; x_wconf 70' lang='lat' dir='ltr'>Bertlaoldt</span> <span class='ocrx_word' id='word_1_141' title='bbox 1589 1620 1599 1640; x_wconf 85' lang='lat'>,</span> <span class='ocrx_word' id='word_1_142' title='bbox 1624 1589 1947 1629; x_wconf 61' lang='lat' dir='ltr'>Historiam-kri-</span> 
     </span>
     <span class='ocr_line' id='line_1_18' title="bbox 244 1649 1948 1706; baseline 0.004 -17"><span class='ocrx_word' id='word_1_143' title='bbox 244 1649 460 1691; x_wconf 78' lang='lat' dir='ltr'>pearsonius</span> <span class='ocrx_word' id='word_1_144' title='bbox 477 1681 488 1701; x_wconf 86' lang='lat'><strong>‚</strong></span> <span class='ocrx_word' id='word_1_145' title='bbox 529 1651 704 1702; x_wconf 77' lang='lat' dir='ltr'>Grotius⁷</span> <span class='ocrx_word' id='word_1_146' title='bbox 740 1654 908 1693; x_wconf 81' lang='lat' dir='ltr'>Usserius</span> <span class='ocrx_word' id='word_1_147' title='bbox 924 1685 933 1701; x_wconf 82' lang='lat'><strong>‚</strong></span> <span class='ocrx_word' id='word_1_148' title='bbox 963 1655 1061 1693; x_wconf 84' lang='lat' dir='ltr'>Cha·</span> <span class='ocrx_word' id='word_1_149' title='bbox 1125 1655 1245 1694; x_wconf 76' lang='lat' dir='ltr'>tische</span> <span class='ocrx_word' id='word_1_150' title='bbox 1279 1656 1467 1703; x_wconf 55' lang='lat' dir='ltr'>Einleic„</span> <span class='ocrx_word' id='word_1_151' title='bbox 1496 1666 1568 1695; x_wconf 70' lang='lat' dir='ltr'>etc.</span> <span class='ocrx_word' id='word_1_152' title='bbox 1591 1686 1601 1706; x_wconf 75' lang='lat'><em>‚</em></span> <span class='ocrx_word' id='word_1_153' title='bbox 1618 1670 1682 1695; x_wconf 88' lang='lat' dir='ltr'>seu</span> <span class='ocrx_word' id='word_1_154' title='bbox 1707 1654 1948 1696; x_wconf 67' lang='lat' dir='ltr'>Introduceio</span> 
     </span>
    </p>
   </div>
   <div class='ocr_carea' id='block_1_7' title="bbox 234 1718 1059 3088">
    <p class='ocr_par' dir='ltr' id='par_1_7' title="bbox 234 1718 1059 3088">
     <span class='ocr_line' id='line_1_19' title="bbox 246 1718 1058 1769; baseline 0.005 -14"><span class='ocrx_word' id='word_1_155' title='bbox 246 1719 362 1765; x_wconf 84' lang='lat' dir='ltr'>mier,</span> <span class='ocrx_word' id='word_1_156' title='bbox 388 1718 604 1758; x_wconf 85' lang='lat' dir='ltr'>Blondellus</span> <span class='ocrx_word' id='word_1_157' title='bbox 626 1748 637 1769; x_wconf 85' lang='lat'>‚</span> <span class='ocrx_word' id='word_1_158' title='bbox 667 1720 828 1767; x_wconf 82' lang='lat' dir='ltr'>Junius,</span> <span class='ocrx_word' id='word_1_159' title='bbox 859 1721 938 1759; x_wconf 75' lang='lat' dir='ltr'>J03.</span> <span class='ocrx_word' id='word_1_160' title='bbox 970 1721 1058 1759; x_wconf 87' lang='lat' dir='ltr'>Sca-</span> 
     </span>
     <span class='ocr_line' id='line_1_20' title="bbox 243 1784 1059 1839; baseline 0.005 -18"><span class='ocrx_word' id='word_1_161' title='bbox 243 1784 401 1835; x_wconf 80' lang='lat' dir='ltr'>ligeruS‚</span> <span class='ocrx_word' id='word_1_162' title='bbox 429 1784 538 1823; x_wconf 85' lang='lat' dir='ltr'>Joan.</span> <span class='ocrx_word' id='word_1_163' title='bbox 567 1784 752 1837; x_wconf 74' lang='lat' dir='ltr'>Pappias,</span> <span class='ocrx_word' id='word_1_164' title='bbox 773 1786 955 1839; x_wconf 83' lang='lat' dir='ltr'>Kipping‚</span> <span class='ocrx_word' id='word_1_165' title='bbox 986 1787 1059 1826; x_wconf 89' lang='lat' dir='ltr'>Be·</span> 
     </span>
     <span class='ocr_line' id='line_1_21' title="bbox 241 1847 1056 1901; baseline 0.005 -15"><span class='ocrx_word' id='word_1_166' title='bbox 241 1847 384 1897; x_wconf 87' lang='lat' dir='ltr'>belius,</span> <span class='ocrx_word' id='word_1_167' title='bbox 406 1849 562 1901; x_wconf 62' lang='lat' dir='ltr'>wigius,</span> <span class='ocrx_word' id='word_1_168' title='bbox 599 1850 709 1889; x_wconf 88' lang='lat' dir='ltr'>Joan.</span> <span class='ocrx_word' id='word_1_169' title='bbox 739 1851 904 1890; x_wconf 81' lang='lat' dir='ltr'>Clericus</span> <span class='ocrx_word' id='word_1_170' title='bbox 919 1883 928 1899; x_wconf 80' lang='lat'>‚</span> <span class='ocrx_word' id='word_1_171' title='bbox 952 1852 1056 1891; x_wconf 90' lang='lat' dir='ltr'>Sam.</span> 
     </span>
     <span class='ocr_line' id='line_1_22' title="bbox 246 1912 1059 1971; baseline 0.007 -20"><span class='ocrx_word' id='word_1_172' title='bbox 246 1912 476 1964; x_wconf 82' lang='lat' dir='ltr'>Basnagius,</span> <span class='ocrx_word' id='word_1_173' title='bbox 513 1915 615 1954; x_wconf 83' lang='lat' dir='ltr'>Isaac</span> <span class='ocrx_word' id='word_1_174' title='bbox 658 1916 858 1956; x_wconf 87' lang='lat' dir='ltr'>Newtonus</span> <span class='ocrx_word' id='word_1_175' title='bbox 875 1947 885 1965; x_wconf 86' lang='lat'>‚</span> <span class='ocrx_word' id='word_1_176' title='bbox 923 1919 1059 1971; x_wconf 90' lang='lat' dir='ltr'>aliique</span> 
     </span>
     <span class='ocr_line' id='line_1_23' title="bbox 241 1980 1058 2035; baseline 0.006 -19"><span class='ocrx_word' id='word_1_177' title='bbox 241 1992 399 2031; x_wconf 87' lang='lat' dir='ltr'>quorum</span> <span class='ocrx_word' id='word_1_178' title='bbox 421 1980 635 2032; x_wconf 83' lang='lat' dir='ltr'>singillatim</span> <span class='ocrx_word' id='word_1_179' title='bbox 670 1982 747 2020; x_wconf 87' lang='lat' dir='ltr'>loca</span> <span class='ocrx_word' id='word_1_180' title='bbox 781 1992 942 2021; x_wconf 75' lang='lat' dir='ltr'>recenset</span> <span class='ocrx_word' id='word_1_181' title='bbox 966 1984 1058 2035; x_wconf 81' lang='lat' dir='ltr'>Fog-</span> 
     </span>
     <span class='ocr_line' id='line_1_24' title="bbox 242 2047 1056 2098; baseline 0.006 -16"><span class='ocrx_word' id='word_1_182' title='bbox 242 2047 390 2095; x_wconf 67' lang='lat' dir='ltr'>gmina,</span> <span class='ocrx_word' id='word_1_183' title='bbox 422 2060 483 2098; x_wconf 90' lang='lat' dir='ltr'>op.</span> <span class='ocrx_word' id='word_1_184' title='bbox 514 2048 578 2086; x_wconf 83' lang='lat' dir='ltr'>cit.</span> <span class='ocrx_word' id='word_1_185' title='bbox 616 2051 767 2086; x_wconf 82' lang='lat' dir='ltr'>exercit.</span> <span class='ocrx_word' id='word_1_186' title='bbox 808 2063 833 2087; x_wconf 86' lang='lat'>1.</span> <span class='ocrx_word' id='word_1_187' title='bbox 874 2049 938 2086; x_wconf 88' lang='lat' dir='ltr'>His</span> <span class='ocrx_word' id='word_1_188' title='bbox 973 2060 1056 2087; x_wconf 82' lang='lat' dir='ltr'>vero</span> 
     </span>
     <span class='ocr_line' id='line_1_25' title="bbox 242 2112 1055 2164; baseline 0.005 -15"><span class='ocrx_word' id='word_1_189' title='bbox 242 2112 304 2150; x_wconf 88' lang='lat' dir='ltr'>alii</span> <span class='ocrx_word' id='word_1_190' title='bbox 333 2112 530 2164; x_wconf 83' lang='lat' dir='ltr'>adjiciendi</span> <span class='ocrx_word' id='word_1_191' title='bbox 566 2122 652 2152; x_wconf 85' lang='lat' dir='ltr'>sunt</span> <span class='ocrx_word' id='word_1_192' title='bbox 680 2128 725 2153; x_wconf 86' lang='lat' dir='ltr'>ex</span> <span class='ocrx_word' id='word_1_193' title='bbox 760 2116 1024 2154; x_wconf 81' lang='lat' dir='ltr'>recentioribus</span> <span class='ocrx_word' id='word_1_194' title='bbox 1043 2144 1055 2164; x_wconf 82' lang='lat'>‚</span> 
     </span>
     <span class='ocr_line' id='line_1_26' title="bbox 242 2178 1055 2232; baseline 0.004 -16"><span class='ocrx_word' id='word_1_195' title='bbox 242 2178 416 2217; x_wconf 84' lang='lat' dir='ltr'>adversus</span> <span class='ocrx_word' id='word_1_196' title='bbox 441 2180 643 2219; x_wconf 83' lang='lat' dir='ltr'>fanaticum</span> <span class='ocrx_word' id='word_1_197' title='bbox 676 2194 718 2219; x_wconf 87' lang='lat' dir='ltr'>ac</span> <span class='ocrx_word' id='word_1_198' title='bbox 754 2181 935 2219; x_wconf 81' lang='lat' dir='ltr'>furiosum</span> <span class='ocrx_word' id='word_1_199' title='bbox 970 2195 1055 2232; x_wconf 86' lang='lat' dir='ltr'>pro-</span> 
     </span>
     <span class='ocr_line' id='line_1_27' title="bbox 242 2249 1053 2299; baseline 0.005 -18"><span class='ocrx_word' id='word_1_200' title='bbox 242 2253 448 2283; x_wconf 84' lang='lat' dir='ltr'>vocatorem</span> <span class='ocrx_word' id='word_1_201' title='bbox 469 2258 717 2299; x_wconf 79' lang='lat' dir='ltr'>genevensem</span> <span class='ocrx_word' id='word_1_202' title='bbox 734 2277 744 2293; x_wconf 87' lang='lat'>,</span> <span class='ocrx_word' id='word_1_203' title='bbox 766 2249 832 2298; x_wconf 90' lang='lat' dir='ltr'>qui</span> <span class='ocrx_word' id='word_1_204' title='bbox 846 2261 974 2299; x_wconf 86' lang='lat' dir='ltr'>opusc.</span> <span class='ocrx_word' id='word_1_205' title='bbox 990 2249 1053 2285; x_wconf 88' lang='lat' dir='ltr'>cit.</span> 
     </span>
     <span class='ocr_line' id='line_1_28' title="bbox 240 2307 1054 2363; baseline 0.001 -16"><span class='ocrx_word' id='word_1_206' title='bbox 240 2322 328 2362; x_wconf 85' lang='lat' dir='ltr'>pag.</span> <span class='ocrx_word' id='word_1_207' title='bbox 352 2307 417 2358; x_wconf 80' lang='lat'>26,</span> <span class='ocrx_word' id='word_1_208' title='bbox 443 2312 570 2349; x_wconf 82' lang='lat' dir='ltr'>scribit</span> <span class='ocrx_word' id='word_1_209' title='bbox 598 2309 669 2349; x_wconf 83' lang='lat' dir='ltr'>:Il</span> <span class='ocrx_word' id='word_1_210' title='bbox 689 2312 903 2363; x_wconf 73' lang='lat' dir='ltr'>‘n&#39;estpoint</span> <span class='ocrx_word' id='word_1_211' title='bbox 916 2314 954 2350; x_wconf 76' lang='lat' dir='ltr'>si</span> <span class='ocrx_word' id='word_1_212' title='bbox 967 2326 1054 2349; x_wconf 76' lang='lat' dir='ltr'>sur-</span> 
     </span>
     <span class='ocr_line' id='line_1_29' title="bbox 235 2376 1054 2429; baseline 0.004 -17"><span class='ocrx_word' id='word_1_213' title='bbox 235 2383 406 2426; x_wconf 75' lang='lat' dir='ltr'>prenant</span> <span class='ocrx_word' id='word_1_214' title='bbox 419 2404 432 2425; x_wconf 89' lang='lat'>‚</span> <span class='ocrx_word' id='word_1_215' title='bbox 461 2376 553 2427; x_wconf 77' lang='lat' dir='ltr'>qa’il</span> <span class='ocrx_word' id='word_1_216' title='bbox 563 2380 619 2416; x_wconf 86' lang='lat' dir='ltr'>ait</span> <span class='ocrx_word' id='word_1_217' title='bbox 629 2377 730 2429; x_wconf 79' lang='lat' dir='ltr'>fallu</span> <span class='ocrx_word' id='word_1_218' title='bbox 745 2390 824 2416; x_wconf 74' lang='lat' dir='ltr'>aaa:</span> <span class='ocrx_word' id='word_1_219' title='bbox 835 2384 1054 2429; x_wconf 74' lang='lat' dir='ltr'>protestans</span> 
     </span>
     <span class='ocr_line' id='line_1_30' title="bbox 234 2439 1053 2495; baseline 0.007 -20"><span class='ocrx_word' id='word_1_220' title='bbox 234 2439 326 2492; x_wconf 72' lang='lat' dir='ltr'>plue</span> <span class='ocrx_word' id='word_1_221' title='bbox 354 2440 447 2480; x_wconf 81' lang='lat' dir='ltr'><em>d’un</em></span> <span class='ocrx_word' id='word_1_222' title='bbox 475 2442 585 2480; x_wconf 71' lang='lat' dir='ltr'>siecle</span> <span class='ocrx_word' id='word_1_223' title='bbox 619 2457 723 2495; x_wconf 78' lang='lat' dir='ltr'>pour</span> <span class='ocrx_word' id='word_1_224' title='bbox 751 2444 865 2481; x_wconf 73' lang='lat' dir='ltr'>sarcir</span> <span class='ocrx_word' id='word_1_225' title='bbox 893 2445 1053 2481; x_wconf 73' lang='lat' dir='ltr'>entiere-</span> 
     </span>
     <span class='ocr_line' id='line_1_31' title="bbox 242 2507 1056 2547; baseline 0.005 -4"><span class='ocrx_word' id='word_1_226' title='bbox 242 2514 345 2544; x_wconf 79' lang='lat' dir='ltr'>ment</span> <span class='ocrx_word' id='word_1_227' title='bbox 372 2507 425 2546; x_wconf 83' lang='lat' dir='ltr'>du</span> <span class='ocrx_word' id='word_1_228' title='bbox 446 2509 626 2547; x_wconf 81' lang='lat' dir='ltr'>bourbier</span> <span class='ocrx_word' id='word_1_229' title='bbox 647 2510 697 2546; x_wconf 66' lang='lat' dir='ltr'>oa</span> <span class='ocrx_word' id='word_1_230' title='bbox 722 2508 772 2546; x_wconf 77' lang='lat' dir='ltr'>ils</span> <span class='ocrx_word' id='word_1_231' title='bbox 790 2522 828 2546; x_wconf 76' lang='lat' dir='ltr'>se</span> <span class='ocrx_word' id='word_1_232' title='bbox 841 2511 1056 2547; x_wconf 74' lang='lat' dir='ltr'>trouvaient</span> 
     </span>
     <span class='ocr_line' id='line_1_32' title="bbox 240 2572 1052 2626; baseline 0.005 -17"><span class='ocrx_word' id='word_1_233' title='bbox 240 2572 415 2624; x_wconf 72' lang='lat' dir='ltr'>enfonces</span> <span class='ocrx_word' id='word_1_234' title='bbox 439 2604 449 2622; x_wconf 92' lang='lat'><strong>‚</strong></span> <span class='ocrx_word' id='word_1_235' title='bbox 486 2589 620 2626; x_wconf 83' lang='lat' dir='ltr'>nempe</span> <span class='ocrx_word' id='word_1_236' title='bbox 653 2574 814 2613; x_wconf 69' lang='lat' dir='ltr'>Sehrtiek</span> <span class='ocrx_word' id='word_1_237' title='bbox 835 2604 844 2620; x_wconf 52' lang='lat'><em>7</em></span> <span class='ocrx_word' id='word_1_238' title='bbox 890 2573 1052 2614; x_wconf 64' lang='lat' dir='ltr'>Cluistl.</span> 
     </span>
     <span class='ocr_line' id='line_1_33' title="bbox 241 2635 1053 2691; baseline 0.004 -16"><span class='ocrx_word' id='word_1_239' title='bbox 241 2635 450 2691; x_wconf 72' lang='lat' dir='ltr'>Kirclienq.</span> <span class='ocrx_word' id='word_1_240' title='bbox 460 2654 523 2678; x_wconf 88' lang='lat' dir='ltr'>seu</span> <span class='ocrx_word' id='word_1_241' title='bbox 540 2639 719 2677; x_wconf 80' lang='lat' dir='ltr'>Historia</span> <span class='ocrx_word' id='word_1_242' title='bbox 732 2638 773 2677; x_wconf 89' lang='lat' dir='ltr'><em>E</em></span> <span class='ocrx_word' id='word_1_243' title='bbox 774 2638 919 2677; x_wconf 75' lang='lat' dir='ltr'>cclesiae</span> <span class='ocrx_word' id='word_1_244' title='bbox 931 2640 1053 2678; x_wconf 71' lang='lat' dir='ltr'>chria-</span> 
     </span>
     <span class='ocr_line' id='line_1_34' title="bbox 240 2704 1051 2758; baseline 0.005 -16"><span class='ocrx_word' id='word_1_245' title='bbox 240 2706 357 2743; x_wconf 77' lang='lat' dir='ltr'>tianoe</span> <span class='ocrx_word' id='word_1_246' title='bbox 374 2734 385 2752; x_wconf 88' lang='lat'><strong><em>‚</em></strong></span> <span class='ocrx_word' id='word_1_247' title='bbox 410 2715 504 2758; x_wconf 84' lang='lat' dir='ltr'>part.</span> <span class='ocrx_word' id='word_1_248' title='bbox 531 2720 573 2754; x_wconf 85' lang='lat'>11,</span> <span class='ocrx_word' id='word_1_249' title='bbox 591 2721 671 2758; x_wconf 85' lang='lat' dir='ltr'>pag.</span> <span class='ocrx_word' id='word_1_250' title='bbox 695 2704 767 2745; x_wconf 73' lang='lat'>{55</span> <span class='ocrx_word' id='word_1_251' title='bbox 785 2737 794 2753; x_wconf 89' lang='lat'><strong><em>‚</em></strong></span> <span class='ocrx_word' id='word_1_252' title='bbox 810 2706 874 2744; x_wconf 86' lang='lat' dir='ltr'>ubi</span> <span class='ocrx_word' id='word_1_253' title='bbox 896 2708 1051 2746; x_wconf 85' lang='lat' dir='ltr'>scribit:</span> 
     </span>
     <span class='ocr_line' id='line_1_35' title="bbox 239 2769 1054 2823; baseline 0.002 -14"><span class='ocrx_word' id='word_1_254' title='bbox 239 2769 403 2809; x_wconf 79' lang='lat' dir='ltr'><em>Nullum</em></span> <span class='ocrx_word' id='word_1_255' title='bbox 420 2772 581 2823; x_wconf 76' lang='lat' dir='ltr'>sortasse</span> <span class='ocrx_word' id='word_1_256' title='bbox 592 2778 767 2810; x_wconf 77' lang='lat' dir='ltr'>eventum</span> <span class='ocrx_word' id='word_1_257' title='bbox 783 2785 859 2808; x_wconf 69' lang='lat' dir='ltr'>esse</span> <span class='ocrx_word' id='word_1_258' title='bbox 875 2773 914 2809; x_wconf 74' lang='lat' dir='ltr'>in</span> <span class='ocrx_word' id='word_1_259' title='bbox 934 2775 1054 2811; x_wconf 74' lang='lat' dir='ltr'>veteri</span> 
     </span>
     <span class='ocr_line' id='line_1_36' title="bbox 240 2834 1051 2890; baseline 0.004 -17"><span class='ocrx_word' id='word_1_260' title='bbox 240 2834 412 2881; x_wconf 70' lang='lat' dir='ltr'>historia,</span> <span class='ocrx_word' id='word_1_261' title='bbox 427 2839 482 2875; x_wconf 73' lang='lat' dir='ltr'>ita</span> <span class='ocrx_word' id='word_1_262' title='bbox 495 2844 600 2875; x_wconf 68' lang='lat' dir='ltr'>extra</span> <span class='ocrx_word' id='word_1_263' title='bbox 618 2838 864 2889; x_wconf 68' lang='lat' dir='ltr'>quaestionem</span> <span class='ocrx_word' id='word_1_264' title='bbox 876 2840 1051 2890; x_wconf 74' lang='lat' dir='ltr'>positam.</span> 
     </span>
     <span class='ocr_line' id='line_1_37' title="bbox 240 2901 1050 2943; baseline 0.004 -3"><span class='ocrx_word' id='word_1_265' title='bbox 240 2901 413 2941; x_wconf 59' lang='lat' dir='ltr'>subsidio</span> <span class='ocrx_word' id='word_1_266' title='bbox 437 2905 743 2942; x_wconf 76' lang='lat' dir='ltr'>testimoniorum</span> <span class='ocrx_word' id='word_1_267' title='bbox 776 2903 870 2941; x_wconf 82' lang='lat' dir='ltr'>adeo</span> <span class='ocrx_word' id='word_1_268' title='bbox 893 2918 1050 2943; x_wconf 79' lang='lat' dir='ltr'>consen-</span> 
     </span>
     <span class='ocr_line' id='line_1_38' title="bbox 240 2969 1053 3021; baseline 0.005 -15"><span class='ocrx_word' id='word_1_269' title='bbox 240 2969 418 3007; x_wconf 78' lang='lat' dir='ltr'>tientium</span> <span class='ocrx_word' id='word_1_270' title='bbox 453 2972 699 3021; x_wconf 75' lang='lat' dir='ltr'>antiquorum</span> <span class='ocrx_word' id='word_1_271' title='bbox 727 2971 921 3009; x_wconf 77' lang='lat' dir='ltr'>doctorum</span> <span class='ocrx_word' id='word_1_272' title='bbox 949 2971 1053 3010; x_wconf 77' lang='lat' dir='ltr'>chri-</span> 
     </span>
     <span class='ocr_line' id='line_1_39' title="bbox 244 3036 1051 3088; baseline 0.006 -16"><span class='ocrx_word' id='word_1_273' title='bbox 244 3036 473 3088; x_wconf 78' lang='lat' dir='ltr'>stianorum,</span> <span class='ocrx_word' id='word_1_274' title='bbox 488 3038 546 3074; x_wconf 78' lang='lat' dir='ltr'>uti</span> <span class='ocrx_word' id='word_1_275' title='bbox 559 3037 663 3075; x_wconf 68' lang='lat' dir='ltr'>istud</span> <span class='ocrx_word' id='word_1_276' title='bbox 677 3037 738 3087; x_wconf 86' lang='lat' dir='ltr'>(de</span> <span class='ocrx_word' id='word_1_277' title='bbox 758 3037 853 3076; x_wconf 86' lang='lat' dir='ltr'>Petri</span> <span class='ocrx_word' id='word_1_278' title='bbox 867 3039 907 3076; x_wconf 92' lang='lat' dir='ltr'>in</span> <span class='ocrx_word' id='word_1_279' title='bbox 918 3039 1051 3077; x_wconf 80' lang='lat' dir='ltr'>urbem</span> 
     </span>
    </p>
   </div>
   <div class='ocr_carea' id='block_1_8' title="bbox 1112 1721 1946 2696">
    <p class='ocr_par' dir='ltr' id='par_1_8' title="bbox 1112 1721 1946 2696">
     <span class='ocr_line' id='line_1_40' title="bbox 1125 1721 1944 1774; baseline 0.001 -14"><span class='ocrx_word' id='word_1_280' title='bbox 1125 1721 1482 1760; x_wconf 76' lang='lat' dir='ltr'>Historico—critica</span> <span class='ocrx_word' id='word_1_281' title='bbox 1508 1727 1553 1760; x_wconf 80' lang='lat' dir='ltr'>in</span> <span class='ocrx_word' id='word_1_282' title='bbox 1582 1721 1636 1759; x_wconf 91' lang='lat' dir='ltr'>V.</span> <span class='ocrx_word' id='word_1_283' title='bbox 1655 1729 1690 1759; x_wconf 83' lang='lat' dir='ltr'>et</span> <span class='ocrx_word' id='word_1_284' title='bbox 1708 1722 1760 1760; x_wconf 89' lang='grc' dir='ltr'>Ν.</span> <span class='ocrx_word' id='word_1_285' title='bbox 1783 1722 1834 1761; x_wconf 86' lang='grc' dir='ltr'>Τ.</span> <span class='ocrx_word' id='word_1_286' title='bbox 1849 1732 1944 1774; x_wconf 88' lang='lat' dir='ltr'>part.</span> 
     </span>
     <span class='ocr_line' id='line_1_41' title="bbox 1123 1785 1946 1840; baseline -0.001 -15"><span class='ocrx_word' id='word_1_287' title='bbox 1123 1786 1148 1825; x_wconf 88' lang='lat'><strong><em>5</em></strong></span> <span class='ocrx_word' id='word_1_288' title='bbox 1166 1817 1176 1834; x_wconf 91' lang='lat'>‚</span> <span class='ocrx_word' id='word_1_289' title='bbox 1208 1801 1293 1838; x_wconf 82' lang='lat' dir='ltr'>pag.</span> <span class='ocrx_word' id='word_1_290' title='bbox 1325 1785 1431 1840; x_wconf 85' lang='lat'><strong>2690</strong></span> <span class='ocrx_word' id='word_1_291' title='bbox 1456 1802 1467 1825; x_wconf 91' lang='lat'>:</span> <span class='ocrx_word' id='word_1_292' title='bbox 1496 1786 1601 1839; x_wconf 74' lang='lat' dir='ltr'>Ejus</span> <span class='ocrx_word' id='word_1_293' title='bbox 1637 1787 1789 1836; x_wconf 81' lang='lat' dir='ltr'>(Petri)</span> <span class='ocrx_word' id='word_1_294' title='bbox 1814 1786 1946 1824; x_wconf 83' lang='lat' dir='ltr'>Romoe</span> 
     </span>
     <span class='ocr_line' id='line_1_42' title="bbox 1117 1852 1945 1905; baseline 0 -15"><span class='ocrx_word' id='word_1_295' title='bbox 1117 1854 1328 1905; x_wconf 77' lang='lat' dir='ltr'>praesentia</span> <span class='ocrx_word' id='word_1_296' title='bbox 1345 1883 1355 1901; x_wconf 85' lang='lat'>,</span> <span class='ocrx_word' id='word_1_297' title='bbox 1382 1853 1531 1899; x_wconf 84' lang='lat' dir='ltr'>scribit,</span> <span class='ocrx_word' id='word_1_298' title='bbox 1560 1859 1597 1889; x_wconf 84' lang='lat' dir='ltr'>et</span> <span class='ocrx_word' id='word_1_299' title='bbox 1622 1853 1853 1902; x_wconf 79' lang='lat' dir='ltr'>martyrium</span> <span class='ocrx_word' id='word_1_300' title='bbox 1886 1852 1945 1890; x_wconf 73' lang='lat' dir='ltr'>ibi</span> 
     </span>
     <span class='ocr_line' id='line_1_43' title="bbox 1122 1916 1944 1969; baseline 0 -14"><span class='ocrx_word' id='word_1_301' title='bbox 1122 1918 1170 1955; x_wconf 86' lang='lat' dir='ltr'>ab</span> <span class='ocrx_word' id='word_1_302' title='bbox 1194 1931 1234 1955; x_wconf 88' lang='lat' dir='ltr'>eo</span> <span class='ocrx_word' id='word_1_303' title='bbox 1260 1930 1422 1969; x_wconf 78' lang='lat' dir='ltr'>passum</span> <span class='ocrx_word' id='word_1_304' title='bbox 1440 1948 1450 1965; x_wconf 83' lang='lat'><strong>‚</strong></span> <span class='ocrx_word' id='word_1_305' title='bbox 1484 1916 1645 1969; x_wconf 79' lang='lat' dir='ltr'>plenum</span> <span class='ocrx_word' id='word_1_306' title='bbox 1683 1920 1739 1954; x_wconf 78' lang='lat' dir='ltr'>est&#39;</span> <span class='ocrx_word' id='word_1_307' title='bbox 1761 1916 1944 1955; x_wconf 81' lang='lat' dir='ltr'>historica</span> 
     </span>
     <span class='ocr_line' id='line_1_44' title="bbox 1121 1979 1940 2031; baseline 0.002 -11"><span class='ocrx_word' id='word_1_308' title='bbox 1121 1982 1362 2021; x_wconf 77' lang='lat' dir='ltr'>certitudine.</span> <span class='ocrx_word' id='word_1_309' title='bbox 1405 1983 1506 2021; x_wconf 86' lang='lat' dir='ltr'>Idem</span> <span class='ocrx_word' id='word_1_310' title='bbox 1537 1982 1705 2021; x_wconf 81' lang='lat' dir='ltr'>scribunt</span> <span class='ocrx_word' id='word_1_311' title='bbox 1741 1979 1940 2031; x_wconf 76' lang='lat' dir='ltr'>Neander‚</span> 
     </span>
     <span class='ocr_line' id='line_1_45' title="bbox 1122 2044 1940 2099; baseline 0 -13"><span class='ocrx_word' id='word_1_312' title='bbox 1122 2049 1158 2086; x_wconf 84' lang='lat' dir='ltr'>in</span> <span class='ocrx_word' id='word_1_313' title='bbox 1192 2047 1354 2099; x_wconf 74' lang='lat' dir='ltr'>Allqem.</span> <span class='ocrx_word' id='word_1_314' title='bbox 1388 2048 1529 2087; x_wconf 80' lang='lat' dir='ltr'>Gesch.</span> <span class='ocrx_word' id='word_1_315' title='bbox 1560 2048 1629 2086; x_wconf 79' lang='lat' dir='ltr'>der</span> <span class='ocrx_word' id='word_1_316' title='bbox 1649 2048 1785 2086; x_wconf 72' lang='lat' dir='ltr'>chrisi.</span> <span class='ocrx_word' id='word_1_317' title='bbox 1815 2044 1940 2098; x_wconf 75' lang='lat' dir='ltr'>Retiq.</span> 
     </span>
     <span class='ocr_line' id='line_1_46' title="bbox 1121 2113 1942 2165; baseline -0.004 -12"><span class='ocrx_word' id='word_1_318' title='bbox 1121 2129 1184 2153; x_wconf 76' lang='lat' dir='ltr'>seu</span> <span class='ocrx_word' id='word_1_319' title='bbox 1201 2114 1380 2153; x_wconf 82' lang='lat' dir='ltr'>Historia</span> <span class='ocrx_word' id='word_1_320' title='bbox 1393 2117 1563 2155; x_wconf 77' lang='lat' dir='ltr'>univers.</span> <span class='ocrx_word' id='word_1_321' title='bbox 1583 2114 1759 2165; x_wconf 79' lang='lat' dir='ltr'>reliqion.</span> <span class='ocrx_word' id='word_1_322' title='bbox 1775 2120 1811 2151; x_wconf 82' lang='lat' dir='ltr'>et</span> <span class='ocrx_word' id='word_1_323' title='bbox 1824 2113 1942 2151; x_wconf 85' lang='lat' dir='ltr'>eccle-</span> 
     </span>
     <span class='ocr_line' id='line_1_47' title="bbox 1120 2177 1938 2230; baseline -0.004 -12"><span class='ocrx_word' id='word_1_324' title='bbox 1120 2182 1212 2228; x_wconf 74' lang='lat' dir='ltr'>sioe,</span> <span class='ocrx_word' id='word_1_325' title='bbox 1244 2189 1335 2219; x_wconf 85' lang='lat' dir='ltr'>tom.</span> <span class='ocrx_word' id='word_1_326' title='bbox 1357 2194 1392 2229; x_wconf 90' lang='lat'>1,</span> <span class='ocrx_word' id='word_1_327' title='bbox 1423 2188 1511 2220; x_wconf 80' lang='lat' dir='ltr'>sect.</span> <span class='ocrx_word' id='word_1_328' title='bbox 1538 2193 1576 2228; x_wconf 82' lang='lat'>¹3</span> <span class='ocrx_word' id='word_1_329' title='bbox 1601 2179 1707 2217; x_wconf 92' lang='lat' dir='ltr'>Colln</span> <span class='ocrx_word' id='word_1_330' title='bbox 1723 2210 1732 2226; x_wconf 49' lang='lat'>7</span> <span class='ocrx_word' id='word_1_331' title='bbox 1769 2177 1938 2230; x_wconf 81' lang='lat' dir='ltr'>Allqem.</span> 
     </span>
     <span class='ocr_line' id='line_1_48' title="bbox 1121 2244 1941 2298; baseline -0.001 -14"><span class='ocrx_word' id='word_1_332' title='bbox 1121 2245 1287 2298; x_wconf 77' lang='lat' dir='ltr'>Encycl.</span> <span class='ocrx_word' id='word_1_333' title='bbox 1314 2255 1404 2295; x_wconf 85' lang='lat' dir='ltr'>etc.‚</span> <span class='ocrx_word' id='word_1_334' title='bbox 1443 2261 1507 2285; x_wconf 83' lang='lat' dir='ltr'>seu</span> <span class='ocrx_word' id='word_1_335' title='bbox 1531 2244 1819 2297; x_wconf 78' lang='lat' dir='ltr'>Encyclopedia</span> <span class='ocrx_word' id='word_1_336' title='bbox 1847 2247 1941 2283; x_wconf 78' lang='lat' dir='ltr'>uni-</span> 
     </span>
     <span class='ocr_line' id='line_1_49' title="bbox 1121 2308 1937 2362; baseline -0.001 -13"><span class='ocrx_word' id='word_1_337' title='bbox 1121 2325 1217 2349; x_wconf 70' lang='lat' dir='ltr'>verS.</span> <span class='ocrx_word' id='word_1_338' title='bbox 1235 2312 1489 2350; x_wconf 75' lang='lat' dir='ltr'>scientiarum</span> <span class='ocrx_word' id='word_1_339' title='bbox 1501 2317 1537 2348; x_wconf 80' lang='lat' dir='ltr'>et</span> <span class='ocrx_word' id='word_1_340' title='bbox 1555 2312 1701 2347; x_wconf 79' lang='lat' dir='ltr'>artium</span> <span class='ocrx_word' id='word_1_341' title='bbox 1721 2341 1731 2358; x_wconf 85' lang='lat'>‚</span> <span class='ocrx_word' id='word_1_342' title='bbox 1759 2319 1853 2362; x_wconf 84' lang='lat' dir='ltr'>part.</span> <span class='ocrx_word' id='word_1_343' title='bbox 1875 2308 1937 2360; x_wconf 86' lang='lat'>18,</span> 
     </span>
     <span class='ocr_line' id='line_1_50' title="bbox 1119 2375 1940 2428; baseline -0.001 -14"><span class='ocrx_word' id='word_1_344' title='bbox 1119 2391 1204 2428; x_wconf 83' lang='lat' dir='ltr'>pag.</span> <span class='ocrx_word' id='word_1_345' title='bbox 1223 2375 1290 2427; x_wconf 69' lang='lat'>42.</span> <span class='ocrx_word' id='word_1_346' title='bbox 1327 2376 1488 2416; x_wconf 81' lang='lat' dir='ltr'>Gieseler</span> <span class='ocrx_word' id='word_1_347' title='bbox 1506 2405 1516 2423; x_wconf 87' lang='lat'><em>,</em></span> <span class='ocrx_word' id='word_1_348' title='bbox 1537 2376 1739 2414; x_wconf 76' lang='lat' dir='ltr'>Lehrbueh</span> <span class='ocrx_word' id='word_1_349' title='bbox 1757 2376 1825 2414; x_wconf 85' lang='lat' dir='ltr'>der</span> <span class='ocrx_word' id='word_1_350' title='bbox 1841 2375 1940 2414; x_wconf 53' lang='lat' dir='ltr'>Kira</span> 
     </span>
     <span class='ocr_line' id='line_1_51' title="bbox 1119 2437 1937 2494; baseline -0.001 -14"><span class='ocrx_word' id='word_1_351' title='bbox 1119 2441 1439 2494; x_wconf 73' lang='lat' dir='ltr'>shenqesch.‚seu</span> <span class='ocrx_word' id='word_1_352' title='bbox 1470 2442 1665 2482; x_wconf 78' lang='lat' dir='ltr'>Manuale</span> <span class='ocrx_word' id='word_1_353' title='bbox 1689 2440 1794 2481; x_wconf 69' lang='lat' dir='ltr'>Hisc.</span> <span class='ocrx_word' id='word_1_354' title='bbox 1821 2437 1937 2481; x_wconf 71' lang='lat' dir='ltr'>eccle-</span> 
     </span>
     <span class='ocr_line' id='line_1_52' title="bbox 1119 2506 1933 2559; baseline 0.001 -14"><span class='ocrx_word' id='word_1_355' title='bbox 1119 2508 1288 2547; x_wconf 67' lang='lat' dir='ltr'>cia-seim</span> <span class='ocrx_word' id='word_1_356' title='bbox 1302 2538 1314 2557; x_wconf 91' lang='lat'><em>‚</em></span> <span class='ocrx_word' id='word_1_357' title='bbox 1341 2518 1435 2548; x_wconf 83' lang='lat' dir='ltr'>tom.</span> <span class='ocrx_word' id='word_1_358' title='bbox 1449 2523 1477 2551; x_wconf 86' lang='grc' dir='ltr'>ι,</span> <span class='ocrx_word' id='word_1_359' title='bbox 1502 2509 1590 2547; x_wconf 90' lang='lat' dir='ltr'>edit.</span> <span class='ocrx_word' id='word_1_360' title='bbox 1607 2522 1643 2556; x_wconf 88' lang='lat'>2,</span> <span class='ocrx_word' id='word_1_361' title='bbox 1659 2508 1782 2556; x_wconf 77' lang='lat' dir='ltr'>Boon,</span> <span class='ocrx_word' id='word_1_362' title='bbox 1818 2506 1933 2559; x_wconf 76' lang='lat'>1827,</span> 
     </span>
     <span class='ocr_line' id='line_1_53' title="bbox 1121 2572 1937 2626; baseline -0.004 -14"><span class='ocrx_word' id='word_1_363' title='bbox 1121 2588 1203 2625; x_wconf 82' lang='lat' dir='ltr'>pag.</span> <span class='ocrx_word' id='word_1_364' title='bbox 1228 2572 1309 2626; x_wconf 87' lang='lat'>89,</span> <span class='ocrx_word' id='word_1_365' title='bbox 1335 2584 1414 2613; x_wconf 86' lang='lat' dir='ltr'>not.</span> <span class='ocrx_word' id='word_1_366' title='bbox 1449 2578 1521 2626; x_wconf 85' lang='lat' dir='ltr'>(e),</span> <span class='ocrx_word' id='word_1_367' title='bbox 1553 2576 1628 2612; x_wconf 82' lang='lat' dir='ltr'>haec</span> <span class='ocrx_word' id='word_1_368' title='bbox 1661 2575 1770 2612; x_wconf 72' lang='lat' dir='ltr'>habet</span> <span class='ocrx_word' id='word_1_369' title='bbox 1802 2588 1812 2612; x_wconf 78' lang='grc' dir='ltr'><strong><em>ε</em></strong></span> <span class='ocrx_word' id='word_1_370' title='bbox 1837 2572 1937 2610; x_wconf 72' lang='lat' dir='ltr'>Fuit</span> 
     </span>
     <span class='ocr_line' id='line_1_54' title="bbox 1112 2641 1934 2696; baseline -0.005 -14"><span class='ocrx_word' id='word_1_371' title='bbox 1112 2644 1303 2696; x_wconf 78' lang='lat' dir='ltr'>polemico</span> <span class='ocrx_word' id='word_1_372' title='bbox 1336 2645 1544 2696; x_wconf 76' lang='lat' dir='ltr'>factionis,</span> <span class='ocrx_word' id='word_1_373' title='bbox 1579 2646 1617 2682; x_wconf 77' lang='lat' dir='ltr'>si</span> <span class='ocrx_word' id='word_1_374' title='bbox 1648 2641 1826 2682; x_wconf 78' lang='lat' dir='ltr'>nonnulli</span> <span class='ocrx_word' id='word_1_375' title='bbox 1843 2656 1934 2694; x_wconf 84' lang='lat' dir='ltr'>pro—</span> 
     </span>
    </p>
   </div>
   <div class='ocr_carea' id='block_1_9' title="bbox 1117 2708 2004 2764">
    <p class='ocr_par' dir='ltr' id='par_1_9' title="bbox 1117 2708 2004 2764">
     <span class='ocr_line' id='line_1_55' title="bbox 1117 2708 2004 2764; baseline -0.005 -17"><span class='ocrx_word' id='word_1_376' title='bbox 1117 2716 1293 2748; x_wconf 77' lang='lat' dir='ltr'>testantes</span> <span class='ocrx_word' id='word_1_377' title='bbox 1311 2740 1322 2758; x_wconf 88' lang='lat'>,</span> <span class='ocrx_word' id='word_1_378' title='bbox 1348 2712 1548 2764; x_wconf 79' lang='lat' dir='ltr'>speciatim</span> <span class='ocrx_word' id='word_1_379' title='bbox 1570 2709 1827 2762; x_wconf 74' lang='lat' dir='ltr'>Spanhemius</span> <span class='ocrx_word' id='word_1_380' title='bbox 1842 2737 1851 2750; x_wconf 79' lang='grc'>,</span> <span class='ocrx_word' id='word_1_381' title='bbox 1884 2708 1935 2744; x_wconf 82' lang='lat' dir='ltr'>ad</span> <span class='ocrx_word' id='word_1_382' title='bbox 2001 2746 2004 2747; x_wconf 16' lang='lat'><em>⁷</em></span> 
     </span>
    </p>
   </div>
   <div class='ocr_carea' id='block_1_10' title="bbox 1117 2774 1931 2893">
    <p class='ocr_par' dir='ltr' id='par_1_10' title="bbox 1117 2774 1931 2893">
     <span class='ocr_line' id='line_1_56' title="bbox 1117 2774 1931 2829; baseline -0.001 -17"><span class='ocrx_word' id='word_1_383' title='bbox 1117 2775 1331 2829; x_wconf 72' lang='lat' dir='ltr'>exemplum</span> <span class='ocrx_word' id='word_1_384' title='bbox 1346 2776 1601 2828; x_wconf 78' lang='lat' dir='ltr'>quorumdam</span> <span class='ocrx_word' id='word_1_385' title='bbox 1623 2774 1931 2812; x_wconf 75' lang='lat' dir='ltr'>adversariormn</span> 
     </span>
     <span class='ocr_line' id='line_1_57' title="bbox 1118 2838 1931 2893; baseline -0.001 -15"><span class='ocrx_word' id='word_1_386' title='bbox 1118 2840 1360 2893; x_wconf 76' lang='lat' dir='ltr'>Pontificum</span> <span class='ocrx_word' id='word_1_387' title='bbox 1384 2842 1507 2879; x_wconf 82' lang='lat' dir='ltr'>medii</span> <span class='ocrx_word' id='word_1_388' title='bbox 1532 2840 1609 2879; x_wconf 80' lang='lat' dir='ltr'>aevi</span> <span class='ocrx_word' id='word_1_389' title='bbox 1631 2870 1640 2885; x_wconf 49' lang='lat'><em>2</em></span> <span class='ocrx_word' id='word_1_390' title='bbox 1668 2838 1844 2888; x_wconf 77' lang='lat' dir='ltr'>inficiari</span> <span class='ocrx_word' id='word_1_391' title='bbox 1866 2853 1931 2877; x_wconf 82' lang='lat' dir='ltr'>vo-</span> 
     </span>
    </p>
   </div>
   <div class='ocr_carea' id='block_1_11' title="bbox 1117 2902 2001 3024">
    <p class='ocr_par' dir='ltr' id='par_1_11' title="bbox 1117 2902 2001 3024">
     <span class='ocr_line' id='line_1_58' title="bbox 1117 2902 2001 2958; baseline 0.002 -15"><span class='ocrx_word' id='word_1_392' title='bbox 1117 2907 1276 2946; x_wconf 79' lang='lat' dir='ltr'>luerunt</span> <span class='ocrx_word' id='word_1_393' title='bbox 1290 2902 1638 2958; x_wconf 74' lang='lat' dir='ltr'>Petrumanquam</span> <span class='ocrx_word' id='word_1_394' title='bbox 1654 2905 1930 2956; x_wconf 75' lang='lat' dir='ltr'>Romoesuisse.</span> <span class='ocrx_word' id='word_1_395' title='bbox 1990 2942 2001 2945; x_wconf 64' lang='lat'>„</span> 
     </span>
     <span class='ocr_line' id='line_1_59' title="bbox 1118 2972 2001 3024; baseline -0.002 -14"><span class='ocrx_word' id='word_1_396' title='bbox 1118 2972 1194 3010; x_wconf 80' lang='lat' dir='ltr'>Cfr.</span> <span class='ocrx_word' id='word_1_397' title='bbox 1217 2974 1316 3024; x_wconf 84' lang='lat' dir='ltr'>apud</span> <span class='ocrx_word' id='word_1_398' title='bbox 1349 2973 1567 3023; x_wconf 81' lang='lat' dir='ltr'>Roskovany</span> <span class='ocrx_word' id='word_1_399' title='bbox 1586 3002 1595 3018; x_wconf 75' lang='lat'><em>‚</em></span> <span class='ocrx_word' id='word_1_400' title='bbox 1619 2986 1680 3022; x_wconf 84' lang='lat' dir='ltr'>op.</span> <span class='ocrx_word' id='word_1_401' title='bbox 1704 2973 1767 3009; x_wconf 83' lang='lat' dir='ltr'>cit.</span> <span class='ocrx_word' id='word_1_402' title='bbox 1793 2984 1925 3023; x_wconf 78' lang='lat' dir='ltr'>p.·17,</span> <span class='ocrx_word' id='word_1_403' title='bbox 1991 2980 2001 2985; x_wconf 73' lang='grc'>’“</span> 
     </span>
    </p>
   </div>
   <div class='ocr_carea' id='block_1_12' title="bbox 1119 3036 1294 3088">
    <p class='ocr_par' dir='ltr' id='par_1_12' title="bbox 1119 3036 1294 3088">
     <span class='ocr_line' id='line_1_60' title="bbox 1119 3036 1294 3088; baseline 0 -11"><span class='ocrx_word' id='word_1_404' title='bbox 1119 3047 1199 3077; x_wconf 82' lang='lat' dir='ltr'>not.</span> <span class='ocrx_word' id='word_1_405' title='bbox 1228 3036 1294 3088; x_wconf 76' lang='grc'>45.</span> 
     </span>
    </p>
   </div>
  </div>
 </body>
</html>
