2028 3354
211 207 308 255 248

685 223 845 257 Timor.
884 228 938 257 lm
972 227 1090 261 mels
1125 230 1425 263 THEOLOGICIS·

215 338 412 387 Ecclesia
441 354 659 396 romana.¹
689 355 830 385 nemo
864 348 934 396 est
962 342 1042 405 qui
1065 335 1252 391 nesciat.
1284 346 1338 392 6ο
1358 345 1491 404 Quod
1511 361 1622 394 vero
1646 345 1813 393 attinet
1837 346 1897 394 ad

210 423 393 463 textum
410 412 654 477 paulinum
671 449 683 473 7
712 431 804 478 quo
829 415 1027 463 Ecclesia
1053 416 1221 465 dicitur
1239 420 1453 469 columna
1478 430 1525 469 et
1548 422 1895 469 firmamentum

209 489 436 546 veritatis,
450 506 547 535 non
559 490 744 551 majoris
763 491 984 555 ponderis
1001 491 1099 550 est3
1123 493 1320 541 Ecclesia
1340 498 1482 556 enim,
1503 497 1561 544 de
1579 514 1669 561 qua
1690 496 1899 562 loquitur

207 563 474 629 Apostolus,
496 574 564 612 est
578 565 774 613 Ecclesia
790 566 1030 631 ephesina,
1051 585 1154 634 quae
1173 570 1571 638 profect0‚utpote
1588 573 1894 637 particularis,

206 657 304 686 non
337 649 408 687 est
439 640 671 688 censenda
701 641 976 691 infallibilis.
1004 645 1058 691 70
1098 645 1268 692 Sensus
1300 646 1454 711 itaque
1483 649 1605 696 illius
1639 648 1762 696 effati
1793 659 1863 697 est
1883 686 1896 709 ,

206 715 456 762 Ecclesiam
488 725 678 763 eatenus
706 716 799 765 dici
835 718 1101 767 columnam
1130 721 1368 781 veritatis7
1405 732 1631 788 quatenus
1657 735 1900 774 conservat

208 791 495 856 Scripturas,
527 794 642 857 quin
670 792 766 840 ulla
797 794 838 842 ei
874 795 1050 843 tributa
1079 796 1140 843 sit
1172 798 1445 857 auctoritas,
1479 814 1581 865 quae
1611 816 1636 846 a
1671 801 1767 848 solo
1804 804 1899 849 Deo

208 877 457 930 promanat
488 868 573 930 (l).
602 868 655 916 80
683 869 808 927 Quid
842 881 1067 935 praeterea
1096 880 1241 931 vetat7
1274 875 1524 937 quominus
1559 874 1897 924 conditionatas

207 943 413 990 dicamus
438 943 609 990 Christi
630 944 986 1009 pollicitationes
1003 983 1016 1007 .‚
1050 949 1308 1010 cujusmodi
1329 950 1543 1011 fuerunt,
1564 966 1663 1016 quae
1697 953 1899 1018 antiquae

209 1038 453 1085 synagogae
473 1021 603 1069 factae
624 1021 769 1069 sunt?
790 1023 1093 1088 Exploratum
1123 1026 1250 1072 enim
1279 1035 1373 1086 est,
1396 1028 1643 1075 Ecclesiam
1670 1028 1901 1089 judaicam

208 1115 308 1145 non
331 1096 477 1144 semel
497 1114 674 1145 errasse
691 1134 703 1158 .‚
732 1101 992 1163 praesertim
1019 1117 1131 1149 vero
1155 1101 1206 1147 in
1227 1101 1399 1163 judicio
1425 1103 1628 1164 Christi,
1659 1104 1776 1153 dum
1799 1123 1904 1155 ma-

206 1191 295 1220 nus
320 1173 568 1221 hominum
599 1174 773 1239 Spiritu
804 1176 888 1222 Dei
913 1176 1142 1224 illustrata
1171 1176 1335 1225 habuit
1367 1178 1435 1226 illi
1467 1179 1611 1228 fidem
1634 1180 1723 1244 (2).
1752 1182 1804 1228 90
1831 1182 1902 1229 Sic

207 1250 383 1315 pariter
413 1259 621 1309 constat,
657 1250 904 1298 Ecclesiam
928 1252 1203 1299 catholicam
1231 1253 1281 1299 in
1317 1253 1525 1318 pluribus
1561 1272 1738 1304 errasse
1757 1293 1770 1316 ⁷
1801 1258 1901 1306 sive

208 1342 315 1372 cum
343 1334 513 1391 praeter
547 1326 832 1391 Scripturam
861 1326 1055 1377 adscivit
1085 1328 1394 1377 traditionem
1426 1339 1479 1377 ut
1515 1330 1623 1378 fidei
1656 1331 1898 1396 regulam3

206 1403 303 1449 sive
327 1419 433 1449 cum
451 1403 707 1465 imaginum
739 1403 919 1450 cultum
941 1403 1159 1467 probavit
1174 1439 1187 1463 .‚
1209 1421 1349 1469 quem
1368 1414 1478 1453 ante
1495 1423 1643 1453 annos
1662 1407 1854 1471 triginta
1873 1424 1899 1455 a

206 1477 520 1526 celebratione
545 1478 737 1526 Concilii
763 1479 938 1526 Nicaeni
962 1480 1002 1526 ΙΙ
1031 1479 1364 1545 reprobaverat
1387 1483 1646 1529 Concilium
1668 1484 1900 1530 Constan-

207 1554 601 1619 tinopolitanum‚
632 1570 684 1601 ac
716 1563 825 1619 post
854 1572 1000 1602 annos
1034 1565 1217 1621 septem
1248 1557 1421 1604 iterum
1454 1557 1613 1621 rejecit
1640 1558 1901 1607 Concilium

206 1630 616 1679 Francofordiense
655 1640 701 1678 et
744 1632 888 1679 Graeci
917 1632 1068 1680 adhuc
1100 1632 1381 1697 reprobant;
1427 1634 1524 1682 sive
1564 1633 1754 1682 demum
1792 1653 1901 1684 cum

207 1715 278 1752 tot
317 1705 430 1753 alios
471 1706 686 1753 articulos
720 1706 940 1770 symbolis
979 1708 1257 1773 apostolico,
1295 1710 1472 1757 nicaeno
1508 1719 1557 1758 et
1595 1710 1901 1759 athanasiano

207 1781 376 1844 adjecit
398 1782 484 1847 (3).
516 1783 726 1846 Denique
750 1783 832 1829 100
852 1800 992 1831 nemo
1017 1793 1087 1832 est
1118 1785 1198 1849 qui
1221 1786 1430 1848 ignoret,
1454 1785 1613 1850 plures
1643 1787 1898 1835 identidem

208 1859 426 1906 veritates
450 1859 499 1904 in
524 1858 719 1906 Ecclesia
749 1859 888 1906 fuisse
909 1859 1176 1908 obscuratas
1197 1897 1209 1920 ,
1246 1862 1503 1926 praesertim
1536 1864 1651 1910 circa
1671 1864 1866 1927 gratiam
1884 1900 1898 1925 ,

207 1933 538 1981 contritionem
561 1943 608 1981 et
638 1935 954 1982 Sacramenta.
987 1937 1114 2000 Ergo.

262 2086 315 2137 (l)
344 2085 398 2124 Ita
413 2085 652 2140 Mac-knight
662 2116 677 2134 ,
697 2085 873 2137 Preface‚
888 2094 980 2126 tom.
993 2100 1021 2134 1,

214 2152 401 2204 Timothy
415 2182 425 2201 ‚
445 2161 531 2191 sect.
549 2153 574 2193 5
588 2183 599 2202 ,
625 2152 723 2205 apud
749 2152 910 2191 Kenrick
927 2183 938 2202 ‚
959 2168 1021 2207 op.

209 2221 271 2259 cit.
293 2234 377 2272 pag.
398 2217 495 2270 421.

260 2284 315 2336 (ᾖ)
331 2284 488 2324 Celebre
499 2284 570 2323 hoc
577 2292 839 2336 argumentum
847 2292 915 2335 est,
925 2285 1025 2337 quod

208 2351 375 2388 minister
394 2349 572 2388 Claudius
601 2348 736 2402 objecit
769 2348 958 2387 Bossuetio
985 2351 1023 2388 in

210 2415 404 2454 collatione
429 2417 527 2455 inter
547 2418 647 2469 ipsos
659 2413 802 2454 habita.
826 2414 904 2454 cfr.
923 2414 1025 2455 Con-

205 2480 357 2532 ference
377 2493 466 2519 avec
481 2482 546 2521 M.
572 2478 717 2520 Claude
731 2494 800 2520 sur
812 2480 849 2519 la
868 2483 1026 2521 matiere

161 2569 169 2573 -
210 2545 258 2584 de
283 2543 456 2596 l’quise.
479 2546 576 2599 Opp.
596 2547 683 2585 edit.
711 2545 778 2585 cit.
801 2554 893 2586 tom.
916 2561 1023 2600 xxm,

210 2622 299 2664 pag.
326 2623 421 2663 291.

268 2674 324 2727 (3)
352 2675 406 2713 Ita
443 2674 622 2714 Newman
656 2678 851 2716 oxoniens.
890 2681 930 2717 in
963 2693 1023 2731 op.

212 2742 277 2780 eit.
301 2740 389 2779 lect.
425 2752 517 2788 vm,
551 2755 634 2793 pag.
662 2740 739 2794 247
770 2749 807 2780 et
839 2755 917 2796 seq.
961 2744 1025 2783 ubi

215 2807 288 2859 agit
309 2804 367 2845 De
391 2805 733 2858 indefectibilitate.
769 2808 813 2846 In
848 2809 932 2849 lect.
959 2826 1025 2850 au-

214 2881 289 2911 tem
313 2881 379 2919 m,
408 2871 474 2910 ubi
506 2880 637 2911 tractat
668 2872 731 2910 De
754 2872 930 2913 doctrina
960 2877 1025 2914 in—

211 2935 457 2989 fallibilieatis
470 2965 481 2984 ‚
500 2938 732 2977 excandescit
750 2947 876 2978 contra
898 2940 1025 2981 Eccle-

1095 2100 1178 2125 vero
1202 2086 1451 2128 Protestantes
1465 2101 1741 2144 conqueruntur
1765 2094 1811 2132 de
1830 2093 1901 2134 Ca-

1093 2151 1238 2191 tholicis
1252 2182 1262 2201 ,
1282 2155 1383 2206 quod
1403 2156 1512 2194 nimis
1533 2157 1644 2196 duros
1662 2159 1849 2198 interdum
1865 2174 1902 2199 se

1093 2218 1280 2270 praebeant
1294 2221 1334 2257 in
1348 2223 1618 2272 controversiis,
1638 2238 1729 2276 quas
1751 2227 1904 2277 cumip-

1093 2283 1142 2322 sis
1162 2287 1325 2337 agitant,
1349 2288 1488 2339 juverit
1510 2288 1575 2327 hic
1594 2291 1780 2341 specimen
1797 2291 1899 2330 exhi-

1092 2348 1179 2387 here
1197 2350 1482 2402 moderationis,
1508 2367 1621 2406 quam
1647 2364 1768 2395 servat
1793 2355 1904 2396 New-

1093 2428 1182 2454 man
1197 2445 1208 2463 ‚
1223 2430 1332 2468 agens
1344 2418 1391 2457 de
1407 2418 1568 2458 Ecclesia
1582 2434 1735 2461 romana
1747 2450 1758 2470 ,
1778 2420 1818 2460 id
1834 2429 1900 2469 est,

1094 2481 1289 2523 catholica.
1314 2482 1383 2522 Hic
1404 2486 1536 2537 igitur,
1560 2500 1647 2539 pag.
1677 2498 1747 2525 101
1770 2515 1781 2537 ‚
1813 2487 1901 2526 fate-

1095 2556 1179 2597 tur,
1207 2550 1324 2599 ipsam
1348 2563 1425 2589 esse
1447 2550 1650 2591 Ecclesiam
1677 2566 1741 2604 per
1764 2565 1800 2591 se
1831 2564 1900 2589 no-

1094 2612 1230 2652 bilibus
1262 2616 1370 2654 donis
1404 2617 1656 2657 abundantem
1674 2647 1684 2665 ‚
1719 2616 1902 2669 justisque

1095 2680 1238 2730 titulis3
1265 2680 1328 2719 sed
1346 2682 1486 2734 adjicit,
1513 2685 1674 2735 ineptam
1698 2695 1772 2720 esse
1793 2682 1839 2720 ad
1857 2684 1901 2720 iis

1093 2746 1257 2797 religiose
1270 2747 1590 2800 utendum,utpote
1602 2759 1684 2800 quae
1698 2747 1742 2784 sit
1754 2753 1895 2797 astuta,

1093 2810 1282 2850 obstinata
1299 2841 1309 2860 ‚
1333 2811 1422 2850 vilis
1436 2841 1448 2860 ‚
1476 2811 1667 2850 malitiosa
1684 2840 1694 2857 ‚
1721 2811 1901 2859 crudelis,

1092 2875 1337 2924 inhumana,
1369 2875 1684 2928 quemadmodum
1719 2885 1804 2915 sunt
1829 2877 1898 2928 fu-

1092 2941 1201 2980 riosi.
1228 2941 1319 2980 Eam
1343 2949 1525 2992 comparat
1546 2939 1781 2980 doemoniaoo
1802 2970 1813 2992 ‚
1845 2943 1900 2981 af-

216 3004 310 3042 siam
320 3001 536 3042 catholicam
547 3017 610 3043 seu
619 3003 1020 3057 romanam.Quoniam
1085 3005 1249 3054 firmans,
1262 3006 1376 3059 quod,
1392 3002 1511 3045 donec
1530 3005 1629 3045 Deus
1646 3020 1727 3046 eam
1751 3021 1827 3047 non
1845 3022 1904 3047 sa-
