2028 3354
149 171 245 218 522
620 191 779 221 ruer.
817 191 872 219 mi
907 190 1026 221 zoms
1060 193 1359 229 ‘runotocicis-

150 303 446 353 Caelestinum
472 340 483 363 ,
523 303 693 369 aliique
725 321 918 363 ornneS,
950 323 1046 353 non
1079 306 1128 352 in
1164 306 1351 371 decisis,
1385 310 1467 359 sed
1494 311 1543 358 in
1575 311 1846 360 decidendis-

153 380 454 446 apostolicam
479 379 646 427 Sedem
676 381 1029 430 consuluerunt.
1064 384 1265 431 Romani
1294 386 1383 451 ipsi
1410 388 1654 436 Pontifices
1676 388 1726 435 in
1751 389 1843 436 suis

149 456 346 505 decretis
384 465 465 504 aut
502 457 732 522 synodicis
780 457 840 505 ad
872 459 1108 519 Concilia,
1132 478 1230 506 non
1260 460 1435 521 decisa,
1462 464 1544 512 sed
1585 463 1843 512 decidenda

146 542 518 599 proposuerunt,
552 534 701 599 iisque
738 544 788 581 ut
825 536 918 581 suis
955 552 1054 583 sese
1088 536 1434 584 conformarent
1467 539 1661 588 decretis
1695 541 1844 588 inter-

145 610 462 656 minaverunt.
492 611 573 657 His
593 610 831 669 addimuS‚
864 629 1038 658 novam
1072 613 1181 659 oriri
1204 630 1331 660 nunc
1353 617 1574 680 temporis
1594 616 1838 679 obligatio-

144 704 258 733 nem
290 686 557 735 adhaerendi
592 687 812 735 doctrinae
844 687 1054 736 Ecclesiae
1084 691 1303 737 Romanae
1330 708 1409 738 seu
1438 708 1556 738 rom.
1580 693 1842 752 Pontificis,

144 779 202 809 ex
242 763 424 810 ratione
464 764 812 828 apostolicitatis
836 799 848 822 ,
896 775 1147 829 postquam
1190 766 1361 813 scilicet
1405 767 1597 832 reliquae
1638 768 1850 816 Ecclesiae

142 838 406 903 apostolicae
441 840 684 904 perierunt
713 840 902 904 praecise
932 857 988 887 ex
1014 840 1197 887 defectu
1220 842 1342 889 illius
1367 843 1669 904 adhaesionis,
1704 862 1846 909 quam

141 925 303 963 tenere
338 914 576 963 debebant
609 932 715 962 cum
746 914 945 962 Ecclesia
973 917 1180 963 Romana
1214 918 1301 980 (l).
1336 920 1454 966 Cum
1486 920 1613 967 enim
1653 920 1845 968 Ecclesia

140 991 239 1039 haec
270 991 368 1040 sola
401 991 712 1056 super-stiterit
736 1008 793 1038 ex
816 991 1005 1056 proprie
1035 991 1168 1038 dictis
1202 992 1407 1041 Ecclesiis
1435 997 1697 1059 apostolicis
1715 1034 1728 1057 ,
1746 1002 1847 1060 jam

139 1067 200 1116 ab
225 1068 433 1116 Ecclesiis
457 1067 674 1115 omnibus
706 1067 765 1114 ad
788 1067 1004 1114 eamdem
1033 1067 1372 1114 recurrendum
1391 1079 1461 1116 est
1487 1073 1760 1134 Ecclesiam,
1790 1082 1844 1120 ut

141 1146 364 1193 hauriant
380 1145 643 1193 doctrinam
667 1143 992 1209 apostolicam,
1017 1153 1164 1210 utque
1186 1162 1272 1209 per
1291 1145 1696 1210 participationem
1716 1167 1849 1215 apos-

146 1222 381 1269 tolicitatis
407 1231 520 1269 nota
545 1221 863 1285 perfruantur.
1000 1222 1002 1225 ’

210 1298 324 1346 772.
365 1296 437 1345 Ad
477 1297 562 1356 3¹1³,
598 1299 729 1344 Dz'st.
767 1296 815 1343 Si
846 1296 1071 1359 ejusmodi
1103 1296 1407 1346 infallibilitas
1446 1299 1679 1362 pontificia
1721 1310 1851 1349 certa

141 1385 259 1425 esset
291 1374 418 1440 apud
452 1392 615 1422 omnes
649 1373 928 1422 certitudine
962 1374 1105 1434 fidei,
1137 1392 1299 1429 conc.‚·
1329 1376 1367 1423 si
1401 1386 1526 1424 certa
1566 1386 1753 1425 tantum
1786 1379 1846 1426 sit

141 1452 451 1512 certitudine,
479 1468 580 1518 quae
607 1452 790 1517 exurgit
819 1468 874 1499 ex
900 1451 944 1499 vi
971 1451 1415 1515 demonstrationis,
1445 1470 1549 1517 neq.
1580 1455 1696 1500 Cum
1719 1455 1849 1502 enim

145 1529 298 1577 adhuc
326 1530 525 1594 impune
554 1529 679 1577 inter
713 1528 972 1576 Catholicos
991 1528 1119 1594 ipsos
1142 1528 1333 1594 quaestio
1357 1529 1457 1578 haec
1478 1532 1704 1594 agitetur,
1735 1531 1846 1579 nul—

141 1607 280 1672 laque
317 1623 534 1671 expressa
568 1623 648 1654 seu
678 1605 882 1654 formalis
914 1606 1031 1653 circa
1067 1622 1171 1652 eam
1210 1606 1438 1671 prodierit
1467 1607 1707 1668 definitio,
1735 1607 1853 1672 inde

143 1683 228 1743 fit,
261 1691 314 1729 ut
348 1700 448 1729 non
482 1683 642 1730 statim
681 1681 827 1730 veluti
862 1681 1079 1729 formales
1125 1681 1331 1729 haeretici
1364 1683 1659 1731 declarentur
1697 1684 1847 1731 refra-

142 1760 296 1820 ctarii,
331 1759 479 1807 donec
510 1759 572 1806 ad
613 1758 900 1824 pontificiam
931 1757 1252 1806 definitionem
1284 1760 1450 1807 tacitus
1490 1769 1572 1807 aut
1601 1777 1849 1826 expressus-

144 1836 354 1884 Ecclesiae
393 1853 643 1885 consensus
689 1836 946 1884 accesserit.
989 1836 1107 1883 Cum
1159 1835 1284 1882 enim
1333 1835 1408 1884 hic
1455 1838 1729 1896 accesserit,
1786 1854 1846 1885 ex

199 2000 255 2051 (l)
286 2000 433 2039 Etenim
464 2014 508 2039 ex
530 1999 663 2038 celebri
690 2000 829 2051 regula,
849 2013 959 2052 quam

145 2066 295 2105 tradidit
318 2066 567 2105 Tertullianus
581 2096 592 2115 ,
626 2068 665 2104 in
688 2065 757 2104 lib.
781 2064 962 2118 Deprae-

144 2132 425 2184 scriptionibus
451 2162 461 2177 ,
513 2128 711 2184 quaerenda
767 2138 819 2169 est
876 2144 961 2169 vera

145 2196 282 2236 Christi
302 2197 469 2236 doctrina
489 2200 530 2235 in
549 2196 723 2235 Ecclesiis
748 2197 963 2234 matricibus

150 2265 226 2302 sive
244 2264 454 2316 apostolicis
466 2294 476 2312 ,
492 2277 573 2316 quae
591 2264 729 2302 scilicet
751 2263 962 2302 habuerunt

144 2334 313 2369 auctores
335 2329 523 2381 Apostolos
536 2357 548 2380 ,
571 2343 613 2367 ac
631 2331 814 2381 praecipue
832 2331 871 2367 in
889 2328 963 2366 Ro-

143 2409 256 2434 mana
286 2395 473 2443 Ecclesia,
508 2396 575 2434 cui
601 2402 717 2434 totam
747 2396 961 2434 doctrinam

144 2460 325 2513 Apostoli
355 2474 443 2499 cum
473 2462 666 2511 sanquine
692 2474 759 2499 suo
778 2460 962 2513 profude-

143 2535 262 2574 runt,
283 2535 325 2566 ut
350 2527 451 2567 idem
476 2528 640 2581 loquitur
665 2527 759 2566 ibid.
778 2541 859 2579 cap.
879 2525 930 2566 26
947 2556 960 2577 ,

144 2601 181 2633 et
202 2595 249 2632 ad
272 2608 384 2646 quam
407 2606 554 2631 necesse
575 2601 629 2631 est
651 2607 799 2632 omnem
822 2606 959 2631 conve-

142 2661 231 2697 nire
247 2659 450 2698 Ecclesiam
464 2689 475 2706 ‚
500 2668 541 2697 ut
558 2658 659 2697 aitS.
674 2659 850 2698 lrenaeus.
862 2659 959 2697 Cum

144 2726 256 2776 igitur
270 2733 395 2763 ceterae
418 2739 547 2763 omnes
567 2725 776 2776 apostolicae
791 2724 960 2763 Ecclesiae

144 2791 373 2838 defecerint,
399 2799 512 2829 restat
533 2799 574 2829 ut
600 2804 619 2828 a
645 2790 814 2829 Romana
838 2789 932 2828 Sede
947 2819 957 2838 ‚

145 2871 227 2910 quae
255 2856 330 2896 sola
357 2856 536 2896 hactenus
558 2858 599 2894 in
622 2870 706 2896 vera
728 2854 866 2894 Christi
888 2856 961 2894 fide

148 2932 327 2976 superstes
354 2932 546 2976 permanet
574 2938 639 2976 per
664 2937 864 2978 nunquam
903 2925 962 2961 in-

148 2998 350 3043 terruptam
372 2990 593 3031 Pontificum
621 3003 773 3031 suorum
801 2992 930 3030 seriem
947 3019 958 3039 ,

996 2025 1001 2032 ·
1028 2002 1274 2053 perquirenda
1293 2003 1338 2038 sit
1357 2001 1573 2052 evangelicae
1593 2002 1767 2040 doctrinae
1787 2015 1848 2040 ve-

1029 2067 1117 2104 ritas
1133 2095 1144 2116 ,
1180 2075 1215 2105 et
1252 2080 1338 2105 cum
1371 2081 1412 2105 ea
1445 2069 1647 2105 necessario
1680 2069 1728 2105 sit
1757 2064 1844 2105 fidei

1029 2134 1150 2171 unitas
1175 2134 1426 2172 conservanda
1443 2147 1462 2171 a
1484 2132 1636 2185 reliquis
1652 2130 1845 2182 Ecclesiis,

1028 2212 1108 2251 quae
1119 2199 1165 2236 ab
1178 2212 1218 2236 ea
1230 2199 1305 2237 sola
1317 2206 1471 2249 possunt
1484 2198 1720 2250 apostolicam
1731 2198 1843 2237 fidem

1028 2264 1194 2303 derivare
1217 2278 1261 2302 ex
1276 2263 1495 2302 Tertulliani
1520 2264 1716 2315 principiO.
1732 2263 1844 2302 Porro

1026 2331 1056 2367 si
1079 2343 1175 2368 rom.
1202 2329 1398 2368 Pontifices
1418 2343 1539 2367 errare
1553 2318 1700 2379 possent
1722 2328 1762 2366 in
1778 2330 1845 2367 de·

1024 2394 1257 2432 finitionibus
1289 2393 1505 2446 dogmaticis
1519 2423 1532 2442 ‚
1568 2394 1660 2432 dum
1694 2406 1754 2432 eas
1783 2407 1848 2433 ce-

1024 2467 1109 2498 terae
1130 2458 1291 2498 ecclesiae
1308 2460 1528 2511 exquirunt,
1544 2473 1672 2498 nonne
1688 2460 1728 2497 in
1742 2473 1843 2498 erro-

1024 2539 1103 2564 rem
1139 2524 1372 2564 traherentur
1405 2524 1686 2564 ineluctabilem
1711 2554 1722 2572 ,
1756 2538 1843 2563 cum
1862 2531 1868 2539 ·

1024 2590 1102 2629 haec
1127 2592 1311 2629 unicaeis
1328 2592 1386 2629 via
1405 2598 1585 2642 suppetat,
1606 2593 1681 2630 sive
1696 2590 1742 2629 ad
1758 2604 1844 2643 apo-

1024 2656 1192 2696 stolicam
1227 2656 1432 2695 doctrinam
1461 2662 1562 2695 certo
1598 2656 1809 2695 habendam
1828 2685 1839 2703 ‚

1025 2725 1100 2763 sive
1121 2725 1168 2762 ad
1189 2723 1464 2776 apostolicitatis
1484 2732 1609 2762 notam
1628 2735 1846 2763 conservan-

1032 2789 1148 2829 dam?
1184 2789 1265 2829 Cfr.
1301 2789 1347 2828 de
1377 2789 1449 2828 hoc
1481 2797 1700 2842 argumento
1731 2786 1845 2826 card.

1025 2854 1174 2904 Gerdil,
1206 2857 1246 2893 in
1277 2869 1336 2907 op.
1363 2856 1428 2894 cit.
1450 2852 1596 2894 Emme
1625 2851 1682 2891 ἄρ’
1708 2852 1848 2891 motivi

1025 2919 1125 2958 della
1137 2921 1306 2974 opposiz.
1316 2919 1394 2960 alla
1400 2918 1515 2960 Bona
1529 2917 1719 2957 Avarum
1728 2930 1820 2957 mnu
1831 2948 1842 2967 ‚

1026 2995 1115 3027 sect.
1132 2997 1173 3038 2,
1194 2994 1262 3028 art.
1283 2982 1328 3035 4,
1349 3000 1437 3040 opp.
1450 2984 1538 3025 edit.
1552 2998 1647 3024 rom.
1660 2993 1844 3025 tom.x1v.
