2028 3354
1771 172 1865 219 331

429 194 556 224 PART.
601 195 632 225 1.
672 194 792 223 SECT.
828 194 876 222 11.
914 192 1013 223 CAP.
1054 194 1085 222 Ι.
1127 194 1179 221 DB
1216 193 1344 222 PETM
1382 190 1598 233 PRIMATU.

170 309 309 358 simul
339 310 547 374 sumpti,
586 325 609 353 a
654 308 854 354 Domino
883 316 996 354 sunt
1026 308 1286 365 consecuti,
1322 316 1594 354 consecutus
1623 305 1763 352 etiam
1798 312 1870 350 est

166 388 358 445 Petrus3
393 385 474 432 sed
505 403 599 431 non
630 401 655 431 e
679 401 903 431 converso
919 382 967 430 id
997 400 1137 430 omne
1157 420 1169 435 ,
1192 383 1317 448 quod
1342 382 1506 430 habuit
1530 384 1693 429 Petrus
1713 379 1837 427 solus
1853 415 1871 438 ⁷

167 463 306 511 ceteri
324 462 499 527 pariter
521 460 789 508 hahuerunt
810 460 1035 526 Apostoli.
1058 460 1242 525 Aliquid
1259 470 1509 524 propterea
1528 458 1737 506 Christus
1756 473 1867 504 con·

166 539 274 586 tulit
294 538 492 604 speciale
518 539 680 597 Petro,
708 538 832 602 quod
864 555 961 585 non
982 535 1180 584 contulit
1207 535 1396 601 reliquis
1422 535 1650 601 Apostolis
1671 571 1683 594 .,
1704 533 1754 581 id
1772 542 1869 592 est,

165 616 567 680 praeeminentiam
592 624 731 679 atque
753 615 1024 679 primatum.
1044 613 1144 669 Quo
1157 628 1296 658 sensu
1318 612 1505 675 scripsit
1534 614 1577 658 S.
1610 610 1874 676 Cyprianus

164 693 221 740 de
258 695 395 740 Petro
420 711 432 739 z
468 694 626 756 Super
649 693 788 739 illam
816 707 972 736 unum
996 690 1204 752 <edificat
1229 688 1500 735 Ecclesiam
1524 706 1691 743 suam,
1722 697 1767 734 et
1797 688 1877 733 illi

157 769 423 833 pascendas
441 768 646 814 mandat
660 784 761 813 oves
771 783 941 812 suas...
956 774 1010 810 ut
1027 766 1265 811 unitatem
1279 766 1622 826 manifestaret
1635 800 1647 819 .,
1667 767 1874 809 unitatis

160 847 369 907 ejusdem
412 848 645 908 oriqinem
678 844 740 890 ab
776 859 873 889 uno
908 844 1216 904 incipientem
1257 858 1349 889 sua
1380 844 1667 888 auctoritate
1711 841 1873 901 dispo-

165 925 266 969 suit
287 922 373 986 (l);
396 931 441 968 et
458 920 594 967 alibi:
618 920 686 967 Et
702 936 805 965 ‘etna
824 919 1069 975 Ecclesia,
1092 927 1135 964 et
1151 918 1377 964 cathedra
1398 935 1502 964 ana
1521 933 1668 980 saper
1680 925 1876 980 petram

162 1000 365 1046 Domini
394 1015 495 1044 vere
512 998 729 1058 fundata
755 996 839 1058 (2).
875 996 1024 1060 Atque
1047 994 1216 1043 exinde
1237 995 1415 1042 factum
1444 1003 1516 1042 est
1534 1031 1547 1053 .,
1579 1001 1632 1040 ut
1660 993 1872 1057 apposite

165 1074 497 1122 animadvertit
522 1073 659 1120 Card.
683 1075 753 1119 Du
779 1074 983 1131 perron,
1004 1081 1057 1117 ut
1076 1072 1161 1118 soli
1180 1072 1365 1119 romani
1392 1070 1640 1118 Pontifices
1661 1070 1877 1117 dicantur

163 1152 212 1197 in
239 1159 361 1197 recto
389 1166 668 1196 successores
692 1150 738 1195 S.
779 1149 903 1195 Petri
925 1157 974 1196 et
999 1150 1050 1194 in
1081 1148 1299 1195 cathedra
1326 1147 1476 1207 Petri7
1513 1146 1679 1212 reliqui
1719 1137 1900 1193 autem⁴

163 1227 375 1292 Episcopi
401 1228 451 1274 in
476 1226 713 1273 communi
751 1225 964 1272 dicantur
1017 1241 1298 1273 successores
1339 1222 1670 1290 Apostolorum
1694 1260 1707 1283 ‚
1735 1240 1878 1271 nemo

163 1313 320 1350 autem
351 1302 647 1367 singulariter
675 1301 858 1349 dicatur
887 1318 1119 1348 successor
1146 1301 1337 1363 alicujus
1364 1299 1611 1366 peculiaris
1638 1299 1877 1366 Apostoli,

163 1388 211 1426 et
240 1380 288 1426 in
315 1383 411 1441 ejus
438 1379 689 1437 cathedrag
720 1392 806 1426 nec
829 1379 917 1424 nisi
941 1379 989 1424 in
1007 1379 1194 1440 obliquo
1212 1413 1226 1434 ‚
1245 1386 1475 1442 quatenus
1494 1376 1670 1424 scilicet
1685 1378 1734 1423 in
1751 1394 1875 1424 com·

169 1456 393 1503 munione
426 1464 536 1503 sunt
569 1472 675 1501 curn
705 1454 923 1502 cathedra
947 1455 1070 1502 Petri
1093 1491 1104 1514 ,
1132 1455 1286 1520 aliquo
1307 1454 1448 1502 modo
1473 1453 1694 1501 dicuntur
1718 1471 1878 1502 succe·

170 1533 282 1579 dere
305 1533 444 1579 etiam
474 1533 523 1578 in
544 1531 764 1579 cathedra
800 1531 950 1592 Petri,
983 1548 1089 1579 cum
1113 1548 1203 1595 qua
1234 1539 1345 1577 sunt
1376 1531 1616 1592 conjuncti
1639 1529 1877 1578 mediante

170 1625 366 1655 romano
397 1608 620 1656 Pontifice
648 1626 733 1673 pro
765 1617 1008 1673 tempore,
1041 1607 1169 1655 Petri
1196 1623 1459 1655 successore
1487 1604 1577 1670 (3).

225 1807 278 1856 (l)
313 1806 372 1844 De
401 1808 504 1844 unit.
544 1804 693 1844 Eccles.
726 1804 819 1844 edit.
861 1804 980 1843 Maur.

170 1887 258 1925 pag.
290 1870 386 1925 195.

226 1939 279 1988 (2)
309 1939 423 1990 Epist.
455 1952 523 1984 Χι,
545 1950 629 1989 pag.
656 1935 724 1976 53.

229 2004 279 2056 (3)
311 2005 383 2057 Op.
408 2006 468 2043 cit.
503 2003 687 2056 Replique
716 2004 740 2041 ὰ
765 2003 803 2041 la
829 2006 984 2055 repome

174 2071 226 2109 du
237 2072 298 2109 roi
310 2069 403 2108 dela
417 2069 786 2120 Grande-Bretaqne
797 2099 806 2116 ‚
821 2083 903 2120 cap.
919 2066 983 2115 56,

170 2150 259 2189 pag.
289 2134 383 2187 454.
412 2136 533 2174 Etiam
562 2135 688 2173 Petrus
715 2136 760 2173 de
786 2135 920 2178 ‚Marce
945 2137 985 2172 in

174 2215 298 2253 opusc.
324 2216 387 2241 seu
409 2203 551 2241 dissert.
573 2201 637 2239 De
667 2201 893 2246 discrimine
913 2200 986 2239 cle-

174 2267 248 2305 ric.
267 2274 301 2304 et
315 2267 405 2306 laic.
420 2270 560 2320 exjure
574 2267 709 2305 divino
726 2296 737 2314 ‚
759 2275 831 2305 etc.
848 2280 927 2317 cap.
943 2266 982 2313 3,

175 2331 195 2384 §
216 2344 255 2381 2,
267 2333 343 2371 hoec
355 2332 395 2372 in
415 2348 492 2372 rem
510 2342 673 2372 nostram
701 2333 826 2371 scribit
841 2348 853 2372 ε
870 2332 985 2371 Chri-

174 2403 256 2435 stus
287 2396 476 2437 Dominus
498 2405 626 2438 ‘noster
645 2398 685 2438 A
685 2398 845 2452 postolis
860 2398 986 2436 omni—

174 2464 245 2501 bus
266 2470 300 2501 et
322 2464 485 2516 sinyulis
507 2466 553 2504 in
585 2465 750 2504 solidum
771 2464 986 2505 Ecclesiam

174 2542 284 2567 suam
311 2529 576 2580 fundandam,
618 2530 825 2569 docendam
851 2538 884 2569 et
925 2544 986 2568 re-

172 2595 337 2647 qcndam
363 2597 574 2645 commisit,
595 2609 640 2634 ea
661 2602 787 2636 tamen
816 2596 894 2647 leqe
916 2595 988 2633 ad-

163 2663 269 2714 jecta
288 2690 299 2710 ‚
323 2668 367 2699 ut
390 2661 531 2700 Petrus
565 2663 668 2701 inter
689 2675 750 2701 eos
770 2664 989 2716 primatum

176 2735 319 2779 qereret
355 2735 390 2765 et
423 2734 538 2780 caput
570 2733 665 2766 esset
694 2727 845 2779 collegii
878 2726 989 2766 illius

177 2793 397 2845 apostolici,
422 2806 462 2832 eo
478 2794 558 2845 fine
581 2793 747 2842 scilicet,
767 2801 834 2843 ut,
850 2799 991 2847 proeter

177 2871 412 2898 communem
434 2873 521 2898 cum
536 2860 627 2899 aliis
648 2873 781 2898 curam
793 2892 807 2910 ,
825 2860 989 2898 unitatis

177 2925 445 2966 conservanda»
475 2927 521 2964 in
560 2926 763 2965 exercendo
805 2926 989 2978 reqimine

178 2989 386 3030 sollicitudo
403 2993 602 3046 proecipue
632 2999 668 3031 et
699 2991 912 3045 specialiter
938 2991 997 3030 illi

1049 1810 1283 1856 competeret.
1317 1804 1483 1856 Ideoque
1501 1835 1511 1853 ‚
1534 1813 1579 1843 ut
1601 1807 1806 1846 consilium
1827 1808 1878 1847 il-

1050 1866 1118 1909 lud
1154 1870 1347 1923 Apo-stolis
1389 1872 1628 1923 siqnificaret
1652 1901 1665 1921 ,
1713 1874 1877 1913 Petrum

1053 1936 1231 1976 Christus
1264 1937 1384 1976 velat-i
1407 1945 1560 1990 petram
1589 1946 1701 1991 atque
1727 1940 1876 1991 fanda-

1051 2010 1219 2041 memum
1256 2004 1307 2042 ad
1345 2002 1560 2044 Ecclesiam
1607 2005 1877 2056 (edificandam

1051 2071 1263 2113 constitu-it.
1281 2069 1481 2107 Proeterea
1500 2083 1670 2108 sermone
1691 2070 1743 2108 ad
1765 2070 1877 2110 illum

1051 2148 1177 2173 coram
1199 2136 1333 2174 ceteris
1355 2134 1571 2188 specialiter
1595 2136 1736 2174 directo
1753 2136 1877 2176 claves

1051 2199 1237 2238 Ecclesiae
1275 2201 1517 2253 postmodum
1548 2202 1630 2253 ipsi
1670 2202 1876 2241 tradendas

1051 2265 1252 2317 spopondit
1280 2279 1368 2304 cum
1389 2273 1572 2318 potestate
1597 2266 1748 2318 liqandi
1765 2275 1877 2319 atque

1050 2331 1236 2369 solz-endi.
1265 2331 1362 2384 Qaoe
1379 2331 1610 2384 pollicitatio
1634 2334 1752 2370 Petro
1767 2333 1876 2385 facta
1942 2380 1950 2388 „

1052 2397 1103 2435 ad
1126 2405 1265 2435 ceteros
1302 2410 1448 2449 quoque
1482 2398 1685 2451 Apostolos
1703 2401 1875 2451 pertine-

1051 2463 1115 2502 bat
1135 2494 1145 2512 ‚
1162 2470 1196 2501 et
1212 2464 1262 2502 ad
1277 2462 1494 2503 Ecclesiam
1512 2466 1736 2503 nniversam
1750 2496 1760 2513 ‚
1774 2467 1875 2517 ejus-

1051 2543 1123 2582 que
1140 2537 1315 2583 pastores
1335 2531 1380 2568 in
1402 2529 1583 2581 futurum
1608 2531 1876 2584 praeficie‘ndos

1053 2596 1199 2636 scilicet
1220 2604 1263 2635 ut
1279 2598 1420 2635 scirent
1435 2610 1564 2636 ovines
1582 2598 1794 2649 pontificii,
1806 2610 1875 2649 po-

1052 2668 1219 2701 testatem
1246 2675 1392 2714 semper
1427 2675 1517 2700 cum
1548 2663 1663 2701 Petri
1691 2661 1875 2699 Ecclesiae

1052 2729 1193 2781 capitis
1206 2729 1471 2767 communione
1486 2734 1524 2767 et
1541 2730 1688 2766 unitate
1702 2728 1872 2765 retinen-

1054 2793 1142 2832 dam
1155 2824 1166 2842 ,
1192 2795 1245 2832 ad
1263 2793 1363 2846 quod
1394 2794 1474 2847 ipse
1486 2794 1682 2848 proecs‘pue
1703 2807 1790 2831 cum
1804 2806 1875 2844 po·-

1055 2865 1182 2899 testate
1210 2860 1363 2912 liqamli
1399 2867 1638 2899 contumaces
1668 2860 1758 2898 huic
1781 2859 1873 2897 uni-

1055 2927 1126 2965 tati
1146 2940 1274 2979 cogere
1290 2934 1429 2980 posset.
