2028 3354
503 148 634 180 PAn'r.
672 149 705 178 1.
744 149 842 180 CAP.
884 150 953 179 111.
991 150 1045 179 DE
1081 148 1298 181 EGGLESIAE
1333 150 1470 181 noris.

1741 134 1830 182 183

143 281 322 329 quens:
358 263 472 313 Non
501 265 652 322 vidit,
684 263 866 329 inquit,
897 265 1027 327 quod
1047 273 1380 328 consequenter
1409 265 1671 312 videndum
1700 270 1829 330 fuat,

141 342 244 387 illos
269 341 483 388 videlicet
502 343 558 386 in
579 341 758 403 Africa
783 339 1084 388 Christianos
1099 343 1340 403 pertinere
1361 340 1431 387 ad
1453 341 1723 389 Ecclesiam
1740 351 1830 390 toto

141 417 251 464 orbe
275 417 500 479 diffusam
519 449 536 473 ,
566 420 658 479 qui
685 418 848 478 ntique
868 433 965 463 non>
991 420 1096 463 istis
1126 417 1190 462 ab
1218 416 1428 478 ejusdem
1453 418 1681 465 Ecclesiae
1704 436 1833 466 com—

142 495 368 539 munione
393 500 534 554 atque
562 495 751 538 unitate
774 495 1023 553 synna-tis,
1064 492 1146 538 sed
1182 495 1282 554 ipsi
1314 492 1424 539 orbi
1460 500 1707 541 terrarum
1737 513 1831 559 per

140 570 517 615 communionem
537 575 928 614 connecterentur
947 566 1039 629 (l).
1068 567 1121 613 Id
1149 566 1303 630 ipsum
1337 584 1421 614 nos
1444 570 1714 632 reponimus
1744 573 1830 619 An·

138 643 337 707 glicanis.

200 718 311 766 292.
349 717 456 781 Obj.
486 718 705 766 secunda.
740 719 790 765 1ο
815 716 914 763 Suis
942 714 1148 763 tenebris
1181 715 1334 763 obsita
1372 726 1442 764 est
1475 721 1727 783 apostolica
1753 741 1832 771 ro-

137 812 384 842 manorum
424 795 699 842 Pontificum
739 791 979 839 successio.
1023 792 1312 840 Dissentiunt
1359 794 1540 860 antiqui
1579 798 1828 861 scriptores

134 871 250 918 circa
271 870 593 919 immediatum
617 867 740 916 Petri
761 884 1072 915 successorem
1088 904 1101 928 7
1132 886 1274 933 quem
1300 869 1378 917 alii
1400 871 1595 932 Linum,
1622 873 1698 920 alii
1724 874 1832 923 Cle-

134 956 343 994 mentem
361 947 498 995 fuisse
515 944 754 1004 scribunt3
785 944 912 992 idem
933 944 1006 991 dic
1034 945 1094 992 de
1119 945 1250 993 Cleto
1277 956 1325 993 et
1342 947 1581 1008 Anaclet07
1613 967 1728 1014 quos
1751 950 1830 999 alii

134 1024 323 1090 quidem
353 1024 674 1087 distinguunt,
707 1021 784 1069 alii
821 1039 931 1072 vero
962 1021 1272 1070 identificant.
1307 1024 1362 1069 20
1394 1025 1564 1072 Incerti
1604 1037 1829 1091 praeterea

134 1110 245 1147 sunt
267 1098 511 1158 nonnulli,
542 1099 623 1164 qui
651 1100 703 1146 in
737 1097 854 1146 serie
881 1099 1199 1145 Romanorum
1221 1099 1472 1163 praesulum
1494 1112 1798 1150 recensentur
1816 1141 1828 1163 .,

133 1175 248 1222 adeo
271 1185 322 1222 ut
344 1176 462 1222 mira
498 1176 558 1222 sit
582 1175 632 1221 in
659 1174 849 1221 illorum
877 1173 1082 1237 catalogo
1107 1174 1397 1222 contexendo
1423 1176 1639 1224 varietas.
1668 1177 1720 1224 30
1745 1180 1831 1227 Per

133 1269 279 1299 annos
308 1251 412 1317 plus
441 1252 596 1298 minus
627 1251 921 1316 septuaginta
942 1251 1219 1298 Pontificum
1246 1251 1377 1299 sedes
1410 1269 1507 1299 non
1527 1255 1711 1315 Romae,
1745 1257 1829 1304 sed

132 1328 370 1376 Avenione
393 1327 496 1375 fuit.
532 1327 584 1374 40
610 1326 875 1375 Identidem
900 1328 1144 1375 Pontifices
1174 1326 1303 1374 dubii
1325 1328 1539 1376 eamdem
1562 1329 1723 1378 sedem
1745 1348 1827 1379 oc-

132 1412 390 1468 cuparunt3
412 1402 625 1470 pluribus
643 1403 742 1469 ipsa
761 1403 897 1449 annis
916 1420 1038 1467 saepe
1059 1403 1262 1461 vacavit3
1289 1403 1417 1451 haud
1434 1405 1569 1469 pauci
1588 1407 1828 1455 simoniaci

131 1479 321 1526 fuerunt
348 1488 396 1526 et
424 1480 622 1538 intrusi,
647 1478 729 1544 qui
753 1478 920 1525 Sedem
950 1477 1078 1524 illam
1110 1478 1240 1525 omni
1267 1479 1487 1526 vitiorum
1513 1497 1647 1528 coeno
1675 1482 1827 1531 foeda-

133 1563 261 1601 runt.
292 1554 401 1613 Quis
425 1571 565 1620 porro
584 1553 811 1617 ejusmodi
832 1553 1107 1601 successioni
1135 1554 1273 1601 inniti
1302 1563 1456 1620 potest
1479 1555 1539 1603 ad
1558 1558 1826 1621 apostolici-

133 1638 278 1678 tatem
300 1629 508 1678 Ecclesiae
527 1629 861 1677 adstruendam
883 1628 989 1693 (2ss
1022 1631 1155 1694 Ergo.

181 1814 238 1867 (1)
270 1812 403 1855 Contr.
432 1816 543 1867 epist.
577 1814 766 1854 Parmen.
794 1814 862 1854 lib.
898 1828 910 1852 ι
928 1843 940 1864 ,

129 1895 209 1933 cap.
235 1893 270 1920 1.
298 1880 482 1919 Caeterum
506 1882 546 1919 in
572 1880 732 1932 publicis
755 1881 845 1918 actis
871 1881 942 1918 im-

129 1946 221 1999 perii
232 1945 432 1984 britannici
451 1943 607 1984 romam·
619 1953 795 1984 vocantur
810 1944 941 1984 catho-

129 2011 211 2050 lici.
234 2010 391 2063 Quando
407 2013 446 2049 in
464 2024 634 2063 supremo
656 2011 755 2050 illius
771 2024 942 2050 consessu

131 2076 189 2129 (le
204 2076 442 2130 parlement)
459 2086 581 2116 aetum
596 2085 649 2116 est
660 2078 706 2116 de
722 2079 943 2130 emancipa-

129 2144 251 2190 tione,
272 2157 384 2196 quam
410 2150 567 2188 vocant,
592 2141 790 2181 Catholicis
815 2144 855 2181 in
868 2142 944 2182 bri-

130 2210 277 2247 tannica
304 2209 444 2247 ditione
463 2208 686 2262 degentibus
701 2208 939 2261 conferenda,

131 2281 334 2313 constanter
343 2273 525 2313 catholici
533 2273 687 2311 romani
698 2275 814 2312 vocati
824 2283 909 2312 sunt
928 2289 938 2313 ε

131 2336 226 2376 Data
249 2345 372 2378 autem
394 2344 449 2378 est
471 2341 530 2378 die
544 2338 596 2378 25
608 2339 695 2378 Jan.
718 2338 833 2392 1829.

187 2402 240 2454 (2)
269 2403 323 2442 lta
348 2407 482 2456 passim
503 2407 725 2445 recentiores
741 2413 943 2457 protestan-

132 2478 200 2509 tes.
225 2469 337 2507 Porro
359 2468 500 2508 Palmer
533 2485 620 2509 cum
645 2472 719 2509 suis
742 2470 944 2523 anglicanis

130 2534 239 2574 nobis
263 2534 343 2583 dat,
371 2534 573 2575 Ecclesiam
589 2535 862 2588 particularem
886 2550 944 2575 ro-

131 2614 282 2640 manam
312 2602 471 2639 extitisse
490 2615 510 2639 a
537 2599 577 2640 S.
602 2599 708 2640 Petro
728 2630 738 2649 ‚
760 2615 803 2640 ac
821 2602 945 2653 plures

133 2666 223 2706 alias
252 2664 432 2705 Ecclesiae
454 2665 553 2704 illius
583 2664 804 2705 obedientiae
819 2694 831 2713 ‚
855 2680 940 2718 quae

135 2730 181 2770 ab
203 2731 267 2770 illa
279 2731 432 2783 pacifice
451 2732 630 2783 originem
645 2739 862 2779 traxerunt,
878 2740 941 2770 aut

136 2795 183 2835 ab
200 2796 279 2834 aliis
297 2796 471 2836 Ecclesiis
497 2796 704 2848 apostolicis
719 2825 731 2844 ‚
744 2799 826 2849 jure
839 2810 943 2849 posse

136 2863 191 2900 uti
209 2861 432 2914 apostolicas
448 2864 616 2914 spectari.
633 2861 772 2901 Verum
792 2870 944 2901 conten-

141 2926 221 2974 dit,
246 2926 348 2965 idem
365 2927 437 2966 dici
463 2942 565 2979 posse
585 2926 632 2966 de
656 2927 893 2967 orientalibus
913 2937 947 2966 et

1008 1815 1222 1854 britannicis
1238 1817 1313 1855 sive
1329 1816 1546 1870 anglicanis;
1560 1818 1661 1871 quod
1674 1820 1825 1871 quidem

1006 1881 1119 1932 paulo
1148 1890 1230 1933 post
1261 1882 1526 1934 expendemus.
1567 1883 1723 1923 Interim
1744 1884 1825 1937 ejus

1007 1950 1286 1986 concessionem
1320 1949 1581 2000 amplectimur
1621 1965 1698 1989 una
1737 1965 1823 1990 cum

1006 2013 1178 2066 ejusdem
1192 2013 1363 2052 Ecclesiae
1372 2028 1546 2063 romanae,
1562 2031 1675 2068 quam
1686 2019 1821 2066 texuit,

1007 2078 1174 2131 apologia
1189 2093 1209 2117 a
1226 2081 1484 2119 criminatione
1503 2081 1738 2131 idololatriae,
1755 2083 1826 2121 sal-

1007 2152 1082 2182 tem
1114 2145 1154 2182 in
1188 2159 1336 2196 genere.
1370 2145 1468 2185 Ibid.
1498 2145 1572 2185 Sed
1609 2160 1703 2185 num
1729 2149 1825 2186 inter

1005 2207 1221 2262 hujusmodi
1265 2212 1480 2262 scriptores,
1527 2213 1637 2250 errori
1684 2226 1824 2264 propu-

1006 2274 1153 2326 gnando
1166 2275 1346 2322 addictos,
1361 2277 1537 2314 doctrinae
1549 2279 1741 2316 consensio
1758 2290 1826 2317 ex-

1007 2341 1185 2391 pectanda
1206 2342 1281 2379 est!
1304 2340 1405 2380 Dum
1421 2342 1471 2380 ita
1497 2341 1545 2380 ab
1568 2356 1645 2381 uno
1672 2346 1825 2382 romana

1007 2414 1179 2457 purgatur
1204 2405 1364 2445 Ecclesia
1381 2435 1393 2454 ‚
1422 2406 1512 2445 dum
1537 2421 1579 2446 ea
1611 2409 1741 2448 saltem
1769 2414 1825 2448 est

1007 2482 1088 2521 pars
1124 2471 1313 2511 catholicae
1352 2472 1523 2511 Ecclesiae
1551 2502 1561 2521 ‚
1588 2473 1755 2527 adeoque
1783 2483 1825 2513 ut

1006 2535 1184 2575 catholica
1199 2546 1421 2588 agnoscatur
1440 2548 1479 2576 et
1496 2537 1717 2587 declaretur,
1737 2539 1822 2591 plu-

1008 2613 1065 2639 res
1079 2614 1124 2639 ex
1147 2600 1422 2642 oxoniensibus
1438 2604 1607 2643 eamdem
1620 2604 1825 2644 Ecclesiam

1008 2668 1049 2705 in
1074 2664 1249 2707 hae'resim
1273 2677 1384 2722 atque
1410 2672 1629 2723 apostasiam
1660 2679 1824 2724 tempore

1007 2731 1213 2773 Tridentini
1227 2733 1384 2773 Concilii
1398 2737 1606 2788 prolapsam
1623 2750 1661 2775 es
1688 2750 1726 2777 se
1740 2749 1823 2774 con·

1008 2796 1190 2847 tendunt,
1221 2801 1261 2837 in
1288 2813 1405 2852 eoque
1441 2808 1534 2839 statu
1576 2814 1821 2853 perseverare.

1012 2863 1107 2903 Vide
1130 2863 1269 2904 Tracta
1280 2866 1344 2917 sor
1373 2866 1433 2904 the
1457 2867 1568 2905 times
1583 2897 1593 2915 ,
1622 2882 1688 2907 seu
1712 2880 1822 2918 opus·

1015 2927 1100 2968 cula
1131 2932 1343 2971 oxoniensia
1375 2946 1397 2970 v
1413 2960 1425 2980 ,
1451 2946 1535 2984 pag.
1564 2944 1636 2982 10,
1660 2930 1821 2971 Londin-
