2028 3354
465 180 592 211 mar.
631 180 665 209 1.
709 179 807 209 car.
842 179 915 208 111.
954 179 1009 207 na
1043 177 1262 208 Ecctnsm.
1297 178 1442 209 nous.
1716 164 1817 211 205

114 296 289 357 reales,
322 312 425 359 ⁹²09·
449 292 645 352 Quando
662 293 713 339 in
747 290 977 338 abusuum
1004 308 1198 352 censum
1219 289 1590 339 adnumerantur
1612 291 1815 357 legitima

111 379 212 437 jura
234 387 533 419 romanorum
558 369 837 417 Pontificum
853 404 865 427 ,
893 377 1017 416 certe
1047 367 1203 433 plures
1224 370 1456 415 recenseri
1481 379 1709 433 possunt3
1735 370 1816 418 sed

114 452 153 498 si
173 449 441 497 exercitium
458 445 674 510 legitimae
695 445 982 492 auctoritatis
1003 462 1028 491 a
1049 444 1234 491 Christo
1253 453 1454 509 acceptae
1476 444 1606 492 nulla
1632 448 1815 496 ratione

113 526 283 574 abusus
310 524 398 572 dici
422 532 606 588 potest,
633 523 802 569 frustra
834 521 1100 568 obnitentes
1129 529 1177 567 et
1205 519 1469 585 perduelles
1502 530 1555 568 ut
1585 523 1816 572 motivum

113 601 372 651 schismatis
396 599 567 647 abusus
599 598 884 647 obtendunt.
911 596 1050 657 Quod
1077 614 1216 659 porro
1245 595 1422 641 dictum
1453 606 1524 643 est
1545 598 1606 645 de
1631 600 1816 661 juribus

113 681 246 726 Rom.
275 678 539 736 Pontificis,
574 676 700 724 idem
735 674 823 721 dici
849 672 989 719 debet
1018 672 1076 718 de
1104 671 1365 718 innumeris
1395 672 1522 733 aliis,
1545 692 1653 739 ‘quae
1682 678 1816 739 juxta

113 757 306 802 Patrum
338 753 599 809 doctrinam
634 760 680 800 et
711 749 892 815 praxim
925 748 1297 813 antiquissimam
1330 747 1540 796 Ecclesiae
1586 751 1810 800 Catholici

112 840 304 890 tenent,
326 830 578 879 adversarii
603 845 711 877 vero
723 830 859 888 juxta
884 843 965 872 sua
989 826 1239 891 anticipata
1257 826 1430 888 judicia
1457 835 1682 893 tanquam
1702 831 1815 878 toti-

113 907 221 955 dem
247 905 415 954 abusus
440 908 727 953 insectantur
752 901 841 966 (1).
866 901 1109 949 Calumnia
1126 920 1239 951 vero
1256 903 1545 967 apertissima
1567 914 1655 966 est,
1689 907 1816 971 quod

114 983 327 1045 adjicitur
354 982 412 1029 de
435 981 752 1028 dominatione
782 979 1056 1044 temporali,
1091 997 1232 1045 quam
1254 979 1342 1026 sibi
1365 998 1602 1029 assumere
1630 984 1816 1031 romani

115 1061 360 1108 Pontifices
383 1059 473 1105 nisi
493 1058 681 1105 fuerint.
710 1057 953 1104 Profe-rant
974 1056 1225 1104 adversarii
1253 1055 1331 1104 vel
1349 1058 1540 1105 unicum
1565 1076 1742 1121 casum,
1764 1061 1815 1109 in

113 1154 207 1204 quo
240 1137 327 1201 ipsi
355 1135 504 1182 aliena
523 1138 628 1197 jura
658 1134 914 1181 invaserint
945 1133 1212 1198 aliquando.
1244 1133 1380 1192 Quod
1403 1134 1440 1181 si
1462 1136 1600 1196 justis
1623 1137 1681 1184 de
1712 1154 1818 1184 cau-

111 1215 172 1262 sis
201 1213 442 1260 Pontifices
474 1211 566 1258 lata
597 1211 1078 1259 excommunicatione
1108 1209 1315 1260 subditos
1345 1210 1627 1277 quandoque
1665 1213 1814 1262 solve·
1857 1237 1859 1239 ·

111 1290 227 1338 bant
246 1307 269 1336 a
286 1288 618 1352 jurejurando,
643 1305 736 1353 quo
756 1288 830 1334 isti
848 1305 952 1334 suos
975 1304 1081 1351 erga
1105 1287 1341 1352 Principes
1363 1287 1777 1353 obstringebantur
1794 1327 1808 1351 7

113 1366 217 1413 ideo
251 1366 362 1425 fuit,
400 1366 507 1430 quia
541 1366 603 1412 sic
634 1362 811 1412 ferebat
850 1363 1090 1428 quondam
1113 1367 1188 1426 jus
1224 1363 1466 1428 publicum
1503 1365 1561 1412 ab
1594 1367 1813 1414 omnibus

113 1460 197 1508 per
222 1441 270 1488 id
302 1442 522 1506 temporis
557 1441 813 1488 admissum
831 1440 916 1503 (2).

180 1518 297 1564 316.'
332 1517 403 1564 Ad
442 1517 566 1575 121³,
603 1518 742 1580 Resp.
776 1516 874 1562 Imo
899 1533 1010 1563 vere
1047 1514 1346 1563 schismaticae
1373 1525 1507 1575 sunt,
1548 1519 1653 1582 quia
1687 1537 1814 1567 rese—

114 1602 198 1641 ctae
225 1602 335 1640 sunt
353 1609 406 1640 ac
429 1592 590 1641 divisae
611 1590 670 1639 ab
699 1592 905 1638 Ecclesiae
925 1593 1074 1657 capite
1092 1628 1105 1651 ,
1137 1601 1184 1639 et
1203 1609 1228 1638 a
1251 1593 1582 1641 communione
1607 1595 1812 1644 Ecclesiae

113 1669 260 1717 unicae
303 1668 574 1735 catholicaeJ
595 1669 701 1733 quia
735 1677 959 1733 praeterea
997 1668 1177 1715 nullam
1212 1667 1390 1716 habent
1417 1669 1526 1716 fidei
1549 1672 1777 1720 unitatem
1796 1709 1812 1732 ,

114 1763 260 1812 quum
293 1745 527 1792 destitutae
558 1745 652 1792 sint
681 1745 954 1792 auctoritate
975 1753 1096 1791 certa
1118 1754 1257 1810 atquc
1287 1744 1549 1807 infallibili,
1581 1765 1683 1813 quae
1703 1748 1812 1796 uni-

114 1839 220 1869 cum
244 1821 451 1868 medium
482 1830 554 1869 est
581 1821 774 1868 unitatis
799 1820 909 1868 fidei
929 1820 1190 1870 servandae.
1223 1821 1359 1880 Quod
1386 1831 1516 1888 patet
1543 1824 1734 1889 quidem
1752 1842 1811 1873 cx

120 1905 345 1963 perpetua
356 1897 528 1946 harum
542 1898 846 1945 Ecclesiarum
864 1896 1186 1959 fluctuatione,
1201 1915 1291 1963 qua
1306 1898 1480 1946 factum
1498 1910 1588 1958 est,
1606 1910 1660 1948 ut
1673 1901 1811 1949 modo

114 1975 448 2040 profiterentur
488 1993 660 2040 purum
700 1975 1160 2040 protestantismum‚
1201 1974 1342 2022 modo
1382 1986 1566 2042 partem
1600 1995 1812 2026 errorum

116 2058 301 2097 tantum
318 2087 331 2107 ,
355 2051 496 2099 modo
519 2052 579 2099 ad
601 2050 848 2099 Ecclesiam
869 2068 1114 2098 romanam
1134 2050 1350 2100 accedere
1372 2052 1646 2113 videantur,
1668 2054 1809 2102 modo

115 2135 215 2174 toto
237 2128 354 2176 coelo
378 2127 437 2178 ab
458 2146 511 2177 ea
529 2128 814 2177 abhorreant
831 2164 844 2189 ‚
860 2128 975 2176 adeo
993 2137 1046 2176 ut
1063 2130 1111 2175 in
1127 2129 1226 2193 ipsa
1246 2130 1549 2179 universitate
1564 2133 1812 2180 oxoniensi

174 2368 227 2419 (1)
256 2367 336 2418 Sic,
359 2377 466 2421 prout
490 2370 648 2421 quisque
669 2365 823 2406 affectus
850 2375 923 2416 est,
991 2367 1081 2407 dum
1107 2383 1170 2421 pro
1194 2377 1291 2408 certo
1319 2372 1543 2419 assumitur,
1565 2373 1666 2425 quod
1686 2373 1810 2412 adhue

119 2435 222 2472 hunc
238 2448 390 2472 censum
406 2435 574 2485 exhibet3
589 2434 834 2472 protestantes
847 2447 928 2471 om·
995 2435 1035 2472 in
1053 2438 1257 2487 quaestione
1274 2443 1342 2474 est.
1382 2465 1384 2467 -

119 2514 184 2539 nes
216 2502 313 2537 inter
336 2500 470 2537 abusus
499 2500 669 2538 Ecclesiae
697 2511 858 2536 romanae
873 2512 931 2537 re-
1053 2500 1105 2551 (2)
1135 2500 1211 2540 Cfr.
1226 2501 1355 2540 Comte
1367 2501 1413 2540 de
1426 2500 1592 2552 Maistre‚
1607 2502 1669 2544 Du
1684 2503 1807 2556 Pape,

121 2566 246 2604 ferunt
268 2565 517 2615 indulgentias
533 2593 544 2612 ,
558 2565 826 2602 invocationem
840 2563 934 2602 San·
1000 2564 1065 2604 liv.
1105 2580 1157 2615 ιι,
1206 2567 1315 2619 chap.
1350 2580 1407 2621 93
1451 2568 1685 2619 potissimum
1720 2582 1808 2609 vero

120 2639 266 2670 ciorum
285 2660 295 2678 ‚
311 2631 588 2669 venerationem
612 2630 813 2679 imaginum
828 2657 840 2677 ‚
863 2637 932 2667 etc.
1000 2633 1403 2672 commendatissimum
1420 2647 1512 2686 opus
1525 2662 1536 2683 ,
1563 2637 1622 2673 cui
1643 2636 1769 2674 titulus
1794 2649 1805 2673 ε

121 2694 401 2735 sacramentarii
416 2695 665 2734 adorationem
679 2694 930 2741 Eucharistiae,
1000 2694 1174 2736 Pouvoir
1205 2697 1259 2736 du
1283 2690 1390 2751 Papo
1416 2712 1485 2737 sur
1508 2699 1559 2738 les
1584 2702 1808 2739 souveraim

124 2759 349 2799 oblationem
369 2759 546 2798 sacrificii
561 2788 575 2809 ,
594 2767 665 2799 etc.
679 2757 934 2811 Anabaptistae
1000 2774 1053 2798 au
1087 2765 1308 2816 moyen-dyc
1321 2794 1333 2814 ‚
1367 2764 1468 2803 Paris
1505 2763 1630 2820 1839,
1656 2768 1697 2804 in
1733 2779 1807 2817 quo

122 2825 357 2865 collationem
373 2826 549 2879 Baptismi
566 2825 774 2864 infantibus
795 2855 806 2873 ‚
833 2832 867 2864 et
885 2826 933 2864 ita
1000 2839 1057 2865 res
1071 2857 1082 2875 ‚
1102 2828 1148 2868 de
1165 2844 1239 2883 qua
1274 2830 1335 2868 hic
1363 2832 1479 2882 agitur
1492 2860 1502 2879 ‚
1523 2830 1627 2870 docte
1646 2831 1805 2869 erudite-

122 2904 245 2941 porro.
278 2891 367 2944 Quae
393 2892 525 2944 agendi
554 2894 647 2930 ratio
676 2899 728 2929 est
753 2904 834 2930 vera
859 2904 929 2943 pe·
997 2907 1070 2945 que
1096 2894 1289 2935 discutitur
1312 2909 1356 2934 ac
1378 2896 1485 2947 pleno
1509 2899 1548 2935 in
1574 2898 1715 2936 lumine
1733 2895 1807 2934 col·-

123 2956 213 2993 titio
243 2957 464 3010 principii,
490 2966 531 2997 ut
561 2958 767 3011 loquuntur
791 2957 896 3008 logici
916 2986 925 3006 ‚
996 2957 1149 2999 locatur.
