2028 3354
379 238 507 267 PART.
535 237 579 266 ,1.
620 236 719 265 CAP.
759 235 828 265 111.
868 235 923 263 DE
957 233 1172 264 ECGLESIAE
1208 232 1350 262 uoTlS.
1649 208 1739 257 109

60 362 111 399 ut
131 352 206 399 alii
226 352 366 399 coetui
385 349 632 397 convenire
661 347 927 394 nullatenus
947 348 1138 412 possint.
1168 345 1341 393 Exinde
1362 344 1595 409 responsio
1615 350 1744 406 patet

60 428 118 474 ad
138 427 367 489 objectum
395 434 576 472 textum
597 423 655 471 de
675 425 912 487 Baptismo
932 441 946 484 3
976 423 1130 486 ecquis
1154 422 1282 468 enim
1299 420 1506 482 judicare
1535 418 1710 484 poterit
1732 453 1743 474 a

62 520 120 549 an
144 503 306 568 aliquis
331 501 611 565 Baptismate
634 500 806 546 tinctus
829 507 952 546 recte
976 497 1222 545 crediderit
1243 495 1424 543 necne?

705 647 1075 683 DIFFICULTATES

566 751 803 797 Adversus
832 754 995 792 notam>
1019 747 1235 792 unitatis.

137 883 243 930 189.
281 880 385 943 Ohj.
412 881 576 945 prima.
599 879 649 923 1⁰
665 876 826 922 Unitas
847 891 902 922 eo
921 874 1086 922 saltem
1108 891 1246 921 sensu
1264 910 1277 934 5
1303 890 1394 939 quo
1413 875 1623 939 exposita
1646 876 1750 924 hac-

71 967 206 1006 tenus
227 966 296 1004 est
312 993 323 1015 ,
356 955 516 1019 nequit
539 952 818 999 constituere
842 959 1004 998 notam
1030 967 1152 998 verae
1179 950 1386 998 Ecclesiae
1401 987 1413 1009 a
1441 961 1489 998 et
1511 960 1635 999 certe
1655 960 1754 999 tam

79 1035 280 1098 perfecta
309 1034 357 1078 in
378 1030 504 1077 nullo
532 1038 656 1077 coetu
681 1027 845 1074 haberi
867 1036 1037 1091 potest.
1065 1028 1119 1073 20
1145 1027 1327 1074 Etenim
1356 1027 1393 1074 si
1414 1045 1566 1074 sermo
1584 1028 1635 1074 in
1658 1029 1756 1094 pri-

72 1112 158 1156 mis
181 1110 239 1155 sit
268 1108 324 1154 de
349 1106 526 1153 unitate
558 1104 667 1152 fidei
690 1141 702 1159 ,
733 1121 866 1169 posse
898 1105 1018 1150 hanc
1044 1105 1333 1162 conservari,
1366 1104 1577 1168 quamvis
1599 1103 1757 1170 plures

73 1194 151 1232 aut
178 1184 413 1249 pauciores
427 1182 644 1228 doctrinae
669 1180 884 1227 articulos
906 1180 1154 1227 Christiani
1172 1180 1483 1244 profiteantur
1499 1216 1511 1238 ,
1544 1181 1639 1227 imo
1663 1180 1760 1229 hae-

73 1259 234 1308 reticos
268 1258 408 1305 etiam
433 1267 513 1305 aut
545 1274 785 1317 erroneos,
824 1256 1117 1321 exploratum
1148 1264 1219 1303 est
1253 1272 1311 1303 ex
1336 1256 1454 1303 facto
1476 1256 1762 1323 S.Cypriani

7 1369 12 1375 -
73 1353 178 1382 cum
195 1335 458 1400 Stephano3
481 1335 568 1382 etsi
583 1335 706 1382 enim
730 1334 805 1380 hic
829 1334 1088 1380 doctrinam
1109 1333 1327 1398 Cypriani
1352 1332 1758 1389 condemnaverit,

75 1411 227 1458 unitas
256 1420 419 1458 tamen
449 1427 633 1475 semper
657 1418 929 1458 conservata
958 1418 1054 1466 est3
1084 1408 1136 1454 3⁰
1160 1410 1223 1454 sic
1259 1410 1472 1472 quamvis
1501 1410 1762 1457 Concilium

77 1486 262 1551 aliquod
280 1488 621 1535 oecumenicum
641 1486 884 1551 quidpiam
899 1485 957 1533 de
971 1486 1064 1532 fide
1083 1485 1344 1533 definiverit
1369 1494 1448 1532 aut
1467 1487 1764 1535 damnaverit

80 1570 133 1608 ut
161 1562 455 1621 haereticum,
492 1563 572 1626 qui
594 1571 706 1608 sunt
729 1578 882 1608 errore
906 1561 1013 1607 facti
1044 1561 1252 1625 decepti,
1282 1561 1397 1626 quin
1424 1561 1639 1609 scindant
1656 1563 1768 1609 uni-

79 1646 225 1684 tatem
247 1673 260 1695 ,
290 1647 488 1702 possunt
512 1637 794 1684 contrarium
813 1637 1016 1701 profiteri
1039 1637 1096 1683 ab
1122 1653 1175 1683 eo
1193 1672 1206 1694 7
1233 1636 1358 1701 quod
1377 1637 1425 1683 in
1456 1637 1662 1685 Concilio
1690 1638 1768 1686 de·

81 1713 268 1760 finitum
300 1713 463 1771 fuerit,
494 1722 547 1758 ut
575 1722 705 1777 patet
733 1729 788 1759 ex
817 1712 1023 1759 Ecclesiis
1047 1711 1406 1760 occidentalibus
1432 1713 1483 1760 in
1513 1714 1767 1779 quaestione

80 1790 224 1836 trium
252 1788 561 1854 capitulorum
588 1789 781 1836 definita
815 1805 840 1835 a
877 1789 1016 1835 Conc.
1053 1789 1337 1835 oecumenico
1366 1790 1417 1836 V.
1454 1789 1582 1837 Idem
1605 1789 1678 1837 dic
1708 1789 1767 1837 de

82 1865 285 1913 Concilio
309 1866 494 1912 Nicaeno
511 1867 551 1911 11
570 1868 739 1927 rejecto
762 1864 820 1911 ab
846 1864 1209 1912 occidentalibus
1226 1900 1239 1924 ‚
1267 1873 1347 1911 aut
1372 1864 1429 1912 de
1452 1865 1643 1913 Concilii
1673 1866 1769 1913 Flo·

83 1941 258 1988 rentini
297 1941 568 1988 auctoritate
605 1940 747 1988 relate
788 1939 847 1986 ad
878 1940 1033 1987 Gallos
1054 1977 1067 1999 a
1108 1949 1155 1987 et
1194 1940 1506 1988 conciliorum
1541 1943 1772 1989 Constan-

85 2016 246 2063 tiensis
279 2025 326 2062 et
367 2016 636 2063 Basileensis
672 2015 815 2063 relate
849 2016 907 2062 ad
941 2015 1109 2074 Italos„
1154 2016 1245 2080 qui·
1273 2016 1486 2079 quamvis
1512 2016 1773 2064 doctrinam

86 2093 393 2158 profiteantur
420 2093 697 2139 contrariam
727 2092 796 2138 illi
814 2126 831 2148 ‚
854 2108 955 2157 quae
982 2093 1030 2138 in
1058 2092 1180 2138 hisce
1212 2091 1424 2139 Conciliis
1454 2091 1642 2139 definita
1671 2102 1741 2139 est
1760 2129 1774 2152 a

88 2185 239 2233 neque
270 2167 391 2214 Galli
424 2178 671 2234 propterea
703 2185 855 2233 neque
891 2168 993 2215 Itali
1033 2167 1237 2215 haeretici
1275 2177 1538 2216 censentur.
1574 2168 1627 2214 4⁰
1658 2170 1775 2215 Fieri

92 2244 229 2290 etiam
259 2253 440 2308 potest,
478 2254 532 2292 ut
559 2242 796 2291 nonnullae
830 2243 1034 2291 Ecclesiae
1061 2244 1360 2309 particulares
1378 2280 1390 2303 ,
1427 2244 1582 2291 solidis
1606 2244 1779 2291 innixae

94 2318 347 2365 rationibus
361 2355 375 2378 ‚
394 2329 564 2385 putent
584 2318 787 2384 aliquam
803 2318 1062 2366 doctrinam
1080 2319 1323 2366 definitam
1349 2336 1447 2366 esse
1464 2357 1474 2374 ,
1503 2336 1605 2384 quae
1617 2335 1790 2384 reapse·

97 2392 285 2440 definita
305 2412 401 2441 non
422 2398 481 2442 sit
498 2432 510 2454 a
539 2396 633 2442 imo
662 2412 853 2443 erronea
876 2397 934 2442 sit
959 2405 1039 2442 aut
1061 2398 1201 2443 etiam
1232 2395 1471 2454 liaeretica3
1499 2395 1589 2443 hoc
1621 2404 1780 2443 tamen

99 2485 255 2515 errore
274 2468 381 2515 facti
404 2470 607 2536 deceptae
632 2471 682 2517 in
704 2472 880 2518 crimen
908 2471 1094 2518 haeresis
1129 2489 1224 2518 non
1255 2473 1548 2536 impingunt,
1580 2489 1666 2519 nec
1687 2472 1782 2519 sol-

102 2554 222 2592 vunt
250 2545 495 2594 unitatem.
520 2548 572 2593 50
589 2547 795 2606 Accedit,
811 2547 989 2594 nullam
1014 2548 1212 2596 inveniri
1234 2549 1281 2594 in
1303 2549 1439 2595 sacris
1460 2548 1641 2595 Litteris
1670 2566 1784 2614 pro-

104 2620 371 2668 missionem
386 2656 399 2679 ,
417 2621 543 2687 quod
569 2623 730 2686 quovis
750 2631 961 2688 tempore
981 2624 1215 2670 unanimis
1250 2623 1444 2671 Ecclesia
1486 2640 1585 2671 esse
1616 2624 1785 2672 debeat

102 2696 154 2742 in
192 2696 409 2743 omnibus
442 2696 550 2744 fidei
589 2697 803 2746 articulis.
840 2699 892 2744 6⁰
918 2700 1208 2764 Quapropter
1247 2702 1456 2760 actualis
1485 2701 1637 2748 unitas
1669 2702 1788 2748 circa

110 2788 271 2819 omnes
295 2772 404 2820 fidei
428 2772 644 2821 articulos
671 2790 766 2821 non
789 2784 941 2839 potest
969 2791 1067 2822 esse
1090 2784 1200 2823 nota
1229 2785 1311 2823 aut
1337 2776 1521 2839 signum
1550 2776 1785 2834 Ecclesiae3

113 2847 219 2912 quia
256 2848 517 2897 differentia
559 2867 789 2916 apparens
829 2851 944 2899 circa
979 2850 1209 2900 doctrinas
1241 2852 1290 2898 in
1332 2851 1626 2900 societatibus
1662 2852 1788 2900 chri-

113 2922 273 2970 stianis
299 2942 395 2972 non
431 2926 699 2991 suppeditat
731 2927 827 2974 sola
855 2926 1009 2974 'ullam
1053 2927 1377 2992 probationem
1419 2928 1477 2976 de
1518 2927 1789 2975 differentias

114 2998 247 3045 realis
282 3001 556 3062 existentia,
598 3011 737 3067 prout
775 3002 928 3050 unitas
959 3019 1187 3068 apparens
1220 3022 1316 3051 non
1356 3012 1426 3052 est
1465 3011 1790 3067 argumentum
