2028 3354
1680 176 1773 225 241

415 194 540 228 PART.
575 196 610 224 1.
649 195 748 226 CAP.
789 196 854 227 IV.
898 197 952 225 DE
988 195 1205 226 ECCLESIAE
1241 193 1440 226 DOTIBUS.

92 309 169 358 vel
180 325 237 357 ex
249 308 343 357 levi
355 307 641 373 singulorum
650 308 937 375 inspectione
950 307 1147 374 quilibet
1159 307 1511 375 deprehendere
1521 315 1674 375 potest
1685 308 1775 373 (1).

91 385 222 434 Idem
239 385 465 448 J'udicium
485 384 732 433 ferendum
754 394 824 432 est
842 385 901 433 de
929 403 999 446 eo,
1024 386 1149 451 quod
1168 394 1404 450 postremo
1423 386 1522 433 loco
1546 385 1776 449 adjicitur,

92 462 326 509 Christum
339 477 509 526 nempe
525 470 572 508 et
588 459 830 525 Apostolos
849 460 1185 508 doctrinamita
1194 470 1510 525 comparatam
1520 462 1782 527 proposuis-

91 548 168 599 se‘,
192 547 244 585 ut
260 537 419 602 perfici
437 545 595 601 posset
614 554 666 584 ac
684 536 876 584 deberet
893 572 905 595 ,
928 553 953 583 a
976 536 1204 583 Gnosticis
1228 535 1399 582 scilicet
1413 571 1426 594 ,
1447 535 1505 582 ab
1522 537 1702 584 Arianis
1719 571 1732 595 ‚
1756 555 1782 585 a

92 613 390 672 Nestorianis,
405 611 695 668 Lutheranis,
714 610 1102 677 protestantibus,
1123 610 1440 668 rationalistis,
1453 611 1687 674 mythicis‚
1702 614 1782 678 qui

88 689 151 737 ita
171 706 273 737 eam
285 690 436 754 reipsa
451 690 748 755 perfecerunt
762 724 775 747 ,
794 697 847 734 ut
859 687 908 732 in
921 704 1054 733 auras
1073 685 1379 749 Evangelium
1391 703 1581 751 prorsus
1596 687 1779 737 abierit.

151 766 262 814 363.
299 766 369 813 Ad
408 767 502 826 2¹²¹,
550 766 672 828 Neq.
707 773 759 811 ut
793 771 927 827 patet
958 779 1016 810 ex
1048 761 1189 809 modo
1225 761 1358 809 dictis
1378 783 1391 822 ς
1429 781 1541 810 nam
1570 763 1781 813 Christus

79 842 219 904 jussit
249 841 490 907 Apostolos
513 840 762 905 praedicare
782 838 1084 902 Evangelium
1105 837 1322 886 omnibus
1342 839 1584 902 gentibus,
1606 839 1782 889 docen-

86 927 156 965 tes
190 935 267 965 eos
301 934 488 966 servare
517 919 707 975 omnia,
733 932 1045 979 quaecumque
1072 915 1183 980 ipsis
1212 915 1522 965 mandaverat
1555 916 1644 981 (2).
1676 919 1782 966 Non

86 992 331 1042 mandavit
370 1002 527 1040 autem
568 990 715 1037 solam
749 990 1024 1038 charitatem
1062 1008 1278 1050 servare;
1318 991 1417 1040 aliis
1453 1010 1595 1058 porro
1628 993 1784 1042 verbis

86 1070 265 1117 Marcus
295 1069 345 1115 in
378 1066 480 1114 loco
513 1065 736 1132 parallelo
773 1066 1012 1114 Christum
1042 1066 1317 1132 loquentem
1355 1068 1566 1128 inducit,
1612 1069 1782 1135 quibus

86 1145 203 1192 illud
229 1146 394 1191 omnia
422 1160 734 1206 qua-cumque
757 1143 904 1207 magis
934 1142 1224 1204 declaratum
1251 1145 1317 1191 ait
1345 1145 1471 1191 enim
1498 1145 1618 1193 inibi
1649 1146 1786 1194 Chri-

83 1229 210 1268 stus:
242 1221 340 1284 Qui
368 1220 649 1275 crediderit,
668 1220 827 1266 salvus
856 1222 978 1272 cric;
1005 1222 1095 1282 qui
1113 1236 1210 1267 non
1241 1220 1501 1268 crediderit
1530 1221 1785 1284 (subintel-

84 1295 175 1362 lige
195 1299 361 1343 omnia
385 1311 698 1358 quoecumque
728 1296 916 1342 tradidi
936 1296 1093 1358 vohis)
1108 1332 1121 1356 a
1141 1297 1544 1345 condemnabitur
1563 1297 1650 1363 (3).

148 1372 259 1420 364.
300 1372 370 1421 Ad
396 1372 463 1418 3¹¹¹
482 1409 495 1430 ‚
531 1372 653 1436 Ney.
680 1371 949 1419 Transactio
971 1371 1097 1419 enim
1116 1373 1169 1419 fit
1193 1372 1252 1420 de
1272 1370 1405 1420 bonis
1424 1375 1626 1440 propriis
1645 1411 1658 1434 .,
1685 1393 1784 1423 non

88 1457 246 1496 autem
274 1448 335 1496 de
351 1465 401 1496 re
421 1448 598 1509 alien33
619 1451 720 1509 jam
741 1464 852 1496 vero
875 1447 1143 1513 depositum
1165 1447 1273 1494 fidei
1295 1465 1392 1494 non
1418 1458 1489 1497 est
1519 1466 1594 1496 res
1611 1485 1626 1510 ,
1656 1454 1784 1513 cujus

92 1526 351 1590 proprietas
381 1524 440 1571 ad
470 1523 718 1570 Ecclesiam
743 1523 1006 1588 pertineat,
1039 1523 1121 1570 sed
1146 1531 1244 1570 tota
1269 1523 1442 1571 Christi
1465 1534 1563 1583 est3
1588 1525 1787 1591 ideoque

92 1616 338 1665 nunquam
360 1599 460 1655 fieri
487 1608 670 1663 potest,
702 1608 754 1646 ut
783 1598 841 1645 ab
873 1598 1066 1646 Ecclesia
1096 1600 1379 1662 transigatur
1406 1599 1483 1649 vel
1502 1601 1562 1648 de
1590 1601 1787 1649 minimo

91 1676 201 1724 fidei
225 1675 418 1723 articulo
436 1692 543 1722 cum
564 1674 819 1736 liaereticiS,
844 1692 897 1724 eo
922 1665 1047 1740 quod
1073 1676 1183 1741 ipsis
1207 1693 1305 1722 non
1332 1676 1549 1724 arrideat.
1570 1678 1788 1743 Alioquin

94 1751 288 1800 deberet
314 1752 458 1799 etiam
478 1752 731 1816 transigere
759 1768 864 1798 cum
893 1751 1123 1798 libertinis
1146 1752 1264 1799 circa
1282 1761 1513 1817 praecepta
1529 1790 1541 1813 ‚
1568 1771 1672 1819 quae
1696 1753 1789 1802 illis

91 1827 289 1875 molesta
313 1827 545 1875 accidunt.
576 1827 813 1891 Ejusmodi
840 1837 1159 1875 commentum
1185 1838 1428 1894 acceptum
1457 1829 1629 1877 referre
1649 1829 1787 1878 debe-

91 1922 196 1952 mus
221 1904 590 1953 protestantibus
610 1941 624 1966 ,
649 1905 817 1970 quibus
834 1941 846 1963 ‚
871 1907 1042 1968 rejecta
1065 1904 1273 1953 Ecclesiae
1293 1905 1624 1954 infallibilitate
1640 1942 1653 1966 ‚
1674 1906 1788 1954 nul-

90 1980 191 2028 lum
209 1981 335 2029 aliud
356 1991 526 2048 praesto
554 1991 654 2030 erat
671 1982 892 2045 effugium
909 1980 968 2029 ad
989 1981 1324 2029 controversias
1345 1981 1592 2047 sopiendas
1611 1991 1785 2047 praeter

91 2057 346 2106 absurdum
379 2058 645 2122 huJusmodi
674 2059 998 2106 transactionis
1028 2068 1246 2122 systema.
1276 2059 1488 2105 Diximus
1512 2058 1571 2105 ad
1599 2063 1788 2122 sopien-

93 2135 180 2181 das
202 2135 536 2184 controversias
559 2172 573 2194 ἦ
612 2151 710 2181 non
730 2142 888 2181 autem
905 2136 973 2182 ad
993 2135 1321 2190 dirimendas,
1352 2151 1459 2181 cum
1487 2133 1575 2181 hoc
1600 2132 1657 2181 ab
1673 2134 1784 2202 ipsis

94 2211 297 2274 praestari
317 2210 584 2259 nullatenus
607 2210 754 2274 possit
784 2209 871 2275 (4).

151 2385 207 2438 (1)
236 2386 408 2437 Etenim,
433 2389 545 2432 Joan.
573 2403 636 2439 iv,
663 2389 713 2427 23
734 2418 745 2437 ,
767 2386 840 2439 24,
860 2390 909 2428 ait

95 2451 262 2491 Christus
284 2466 296 2491 :
323 2452 433 2491 Deus
461 2456 623 2507 spiritus
659 2461 740 2502 est,
773 2461 844 2494 etc.
880 2468 910 2492 n

34 2515 39 2527 ”
95 2516 183 2557 Cor.
205 2530 271 2565 ιιι,
300 2530 345 2571 17
361 2546 374 2569 ,
397 2519 523 2559 scribit
553 2519 752 2571 Apostolus
785 2533 796 2557 :
820 2519 910 2558 Do-

93 2585 225 2622 minus
250 2590 377 2622 antem
404 2585 565 2635 spiritus
586 2591 640 2622 est
653 2601 669 2631 ;
698 2585 770 2623 ubi
782 2589 910 2625 autem

94 2648 266 2702 Spiritus
279 2647 466 2700 Domini,
491 2649 547 2687 ibi
560 2648 716 2688 libertas
725 2664 743 2700 ;
764 2650 846 2690 Gal.
864 2665 884 2688 v
896 2643 910 2697 ',

100 2726 116 2752 1
155 2728 166 2753 :
211 2712 348 2762 State,
387 2716 533 2768 inquit,
559 2721 595 2753 et
630 2714 743 2755 nolite
770 2717 910 2754 iterum

86 2781 186 2832 jugo
204 2781 401 2819 servitutis
422 2781 627 2821 contineri.
644 2780 793 2821 Judicet
810 2794 912 2820 nunc

96 2846 236 2899 lector,
267 2856 393 2887 utrum
416 2848 495 2887 haec
529 2850 736 2888 testimonia
753 2848 912 2888 liberum

97 2910 167 2951 Dei
197 2904 338 2953 cultum
371 2915 604 2967 praecipiant.
639 2915 784 2954 Primus
811 2915 913 2954 enim

97 2983 219 3016 textus
237 2985 291 3017 est
308 2978 355 3018 de
377 2982 539 3030 ratione,
557 2994 632 3034 qua
659 2980 729 3019 coli
752 2979 850 3020 Deus
863 2980 913 3028 ,in

163 3041 216 3089 Τ.
257 3042 373 3091 VIII.

975 2396 1159 2440 posterum
1183 2389 1317 2428 debeat
1335 2417 1346 2438 ‚
1363 2387 1506 2441 absque
1531 2395 1709 2440 apparatu
1725 2402 1785 2428 sa-

978 2455 1199 2495 crificiorum
1237 2456 1495 2503 leviticorum,
1523 2469 1603 2507 quae
1645 2455 1783 2509 templo

976 2519 1309 2574 Hierosolymitano
1349 2520 1496 2559 addicta
1543 2528 1648 2559 erant
1673 2534 1686 2570 ;
1726 2518 1790 2559 alii

977 2599 1064 2624 vero
1087 2593 1173 2626 sunt
1206 2586 1254 2625 de
1278 2586 1446 2625 libertate
1471 2600 1491 2624 a
1518 2585 1596 2638 lege
1628 2585 1787 2625 Mosaica

977 2652 1113 2692 rituali.
1136 2651 1216 2692 Cfr.
1250 2652 1425 2692 Beruard.
1448 2666 1468 2690 a
1489 2651 1639 2691 Piconio
1665 2660 1701 2692 et
1719 2650 1788 2690 Es-

977 2717 1050 2756 tius
1066 2717 1113 2756 ad
1124 2718 1203 2757 haec
1227 2718 1323 2757 loca.

1033 2780 1084 2832 (2)
1111 2781 1248 2823 Matth.
1275 2782 1342 2821 ult.
1365 2793 1425 2834 19.

1033 2844 1088 2897 (3)
1116 2846 1232 2888 Marc.
1260 2862 1321 2887 xvl
1338 2876 1349 2895 ‚
1381 2845 1443 2886 16.

1032 2912 1084 2964 (4)
1114 2912 1193 2953 Cfr.
1217 2927 1325 2967 grave
1348 2919 1386 2951 et
1417 2911 1564 2963 elegans
1593 2921 1785 2950 commen-

980 2979 1114 3019 tarium
1133 2976 1197 3018 De
1212 2977 1308 3032 fidei
1320 2975 1585 3017 controversiis
1604 2987 1677 3028 per
1691 2972 1789 3013 ami-

1534 3038 1594 3086 16
