2028 3354
1695 192 1787 239 457

313 212 439 242 PART.
475 214 506 242 1.
545 212 665 243 SEGT.
705 212 755 241 11.
792 213 888 243 GAP.
928 213 997 242 111.
1038 214 1091 242 DE
1125 211 1226 244 NAT.
1266 211 1317 241 ΕΤ
1353 210 1449 240 JUR.
1485 209 1605 240 an.

177 323 285 371 665.
324 324 392 372 Ad
422 325 501 385 5¹¹¹,
532 326 658 372 Dist.
688 327 830 373 Prout
863 325 950 373 sibi
983 325 1229 391 persuadet
1275 334 1354 372 aut
1388 324 1595 371 divinare
1628 324 1792 388 satagit

108 399 392 447 adversarius
410 436 422 458 7
455 417 579 448 conc.
598 421 615 454 ,·
639 412 778 466 prout
795 420 904 449 vere
926 420 973 449 se
1000 419 1071 449 res
1096 401 1236 449 habet
1264 438 1277 460 7
1307 418 1409 463 neq.
1435 399 1623 465 Optime
1655 399 1791 465 siqui-

106 474 213 522 dem
240 485 433 524 noverat
457 477 649 524 Ecclesia
668 515 681 537 7
707 479 939 542 quomodo
969 477 1046 524 illa
1061 477 1241 523 institui
1261 476 1528 523 convocatio
1554 474 1745 523 deberet
1769 511 1783 535 7

106 567 207 614 quae
221 552 458 617 exemplar
469 553 670 600 habebat
683 555 732 600 in
745 555 896 618 primo
910 552 1100 600 concilio
1112 552 1438 615 Hierosolymis
1455 549 1684 598 celebrato
1696 550 1782 614 (l).

102 625 345 674 Pontifices
381 645 490 675 vero
514 629 571 676 de
599 629 854 677 inhaerente
889 629 974 677 sihi
1006 628 1165 675 divino
1187 631 1294 689 jure
1322 628 1371 673 in
1395 625 1610 689 cogendis
1636 627 1793 674 Conci·

101 700 173 748 liis
198 705 493 751 oecumenicis
520 705 632 751 certi
670 715 803 753 erant
820 741 832 763 7
879 722 932 751 eo
963 706 1063 769 ipso
1095 702 1221 768 quod
1243 704 1415 748 scirent
1439 738 1451 759 7
1478 718 1525 747 se
1549 719 1575 747 a
1609 701 1791 756 Christo

99 780 367 843 praepositos
398 797 495 828 esse
531 781 757 828 universae
787 780 992 827 Ecclesiae
1027 779 1112 844 (2).
1138 780 1337 825 Demum
1367 777 1649 824 documenta
1671 770 1790 826 attu-

99 852 239 901 limus
258 892 269 913 7
301 873 401 919 quae
433 858 479 903 in
511 874 633 922 resp.
661 856 719 902 ad
745 856 805 902 1¹1¹
829 854 1195 903 luculentissime
1212 853 1259 900 id
1283 854 1518 902 evincunt.

166 931 275 978 666.
315 931 417 994 Obj.
445 931 659 980 secunda.
687 931 858 979 Saltem
884 949 1130 997 perperam
1151 931 1406 978 adstruitur
1430 947 1549 977 rom.
1578 930 1790 977 Pontifici

90 1011 168 1068 jus
194 1009 472 1072 praesidendi
503 1008 715 1055 Conciliis
755 1008 1064 1055 oecumenicis.
1100 1009 1148 1054 10
1177 1008 1480 1071 Compertum
1507 1014 1577 1054 est
1599 1024 1655 1054 ex
1689 1005 1788 1053 his—

98 1083 216 1130 toria
235 1120 247 1143 7
286 1083 484 1131 Concilio
503 1084 685 1131 Nicaeno
712 1083 978 1147 praesedisse
1003 1084 1193 1131 Hosium
1209 1120 1221 1143 7
1244 1081 1591 1130 Cordubensem
1609 1082 1788 1147 Episco-

97 1176 240 1223 pum7
275 1176 376 1205 cum
410 1160 575 1206 Vitone
598 1168 647 1206 et
673 1159 913 1207 Vincentio
945 1159 1225 1225 presbyteris
1265 1177 1382 1206 rom.
1426 1158 1556 1205 Sedis
1594 1158 1786 1224 legatis3

95 1252 234 1299 porro
266 1234 374 1283 licet
416 1237 520 1282 Vito
570 1245 616 1283 et
657 1236 922 1284 Vincentius
968 1236 1327 1301 subscripserint
1372 1235 1441 1282 uti
1486 1234 1625 1298 legati
1670 1253 1787 1283 rom.

95 1311 323 1358 Pontificis
344 1348 356 1371 7
378 1313 542 1358 Hosius
565 1321 723 1360 tamen
746 1311 1016 1377 subscripsit
1035 1323 1088 1360 ut
1106 1312 1414 1360 Cordubensis
1428 1299 1678 1377 Episcopus
1693 1312 1785 1376 (3).

93 1387 145 1431 20
170 1388 428 1435 Dicendum
447 1389 586 1454 igitur
615 1398 702 1449 est7
724 1388 849 1436 hunc
863 1398 942 1436 aut
964 1390 1154 1462 nomine
1177 1388 1473 1453 Imperatoris
1494 1388 1787 1436 Constantini

93 1462 297 1510 Concilio
313 1465 568 1529 praefuisse7
596 1474 676 1511 aut
697 1482 721 1511 a
746 1465 949 1512 Concilio
962 1465 1021 1513 ob
1045 1466 1249 1512 nominis
1265 1464 1580 1512 celebritatem
1602 1466 1787 1513 merita-

91 1555 180 1602 que
211 1557 318 1603 erga
368 1541 617 1589 Ecclesiam
640 1541 812 1607 primas
838 1550 993 1606 partes
1017 1542 1155 1588 Hosio
1175 1542 1314 1589 fuisse
1343 1540 1534 1589 delatas.
1557 1540 1608 1588 3⁰
1625 1542 1786 1607 Neque

91 1623 159 1660 est
188 1614 312 1678 quod
337 1633 512 1681 quaeras
537 1635 655 1664 rom.
688 1618 919 1666 pontificis
951 1618 1121 1682 legatos
1151 1618 1201 1664 in
1228 1618 1430 1665 Concilio
1454 1618 1784 1666 Constantino-

90 1690 298 1754 politano
328 1693 374 1752 17
404 1703 484 1740 aut
511 1694 559 1739 in
583 1694 784 1742 Concilio
808 1694 1040 1759 Ephesino
1058 1715 1070 1753 ς
1090 1695 1299 1759 quamvis
1318 1711 1428 1742 vero
1453 1693 1710 1741 Concilium
1730 1695 1781 1754 V,

94 1782 173 1812 seu
206 1768 776 1835 Constantinopolitanum
808 1772 879 1830 ΙΙ,
903 1770 1186 1818 celebratum
1214 1770 1352 1817 fuerit
1370 1779 1597 1836 praesente
1620 1770 1784 1834 vigilio

90 1843 336 1902 Pontifice,
370 1846 468 1910 ipse
489 1855 649 1893 tamen
676 1848 717 1894 ei
758 1847 956 1895 minime
999 1847 1227 1894 interfuit.
1270 1847 1322 1893 40
1356 1848 1417 1894 Ac
1446 1848 1562 1894 ratio
1593 1846 1784 1912 quidem

90 1928 186 1977 est7
217 1922 341 1983 quia7
382 1931 433 1967 ut
461 1922 793 1971 anImadvertit
823 1923 880 1972 de
905 1925 1054 1971 Marca
1079 1941 1089 1969 :
1128 1924 1186 1969 Si
1208 1941 1449 1970 summam
1478 1929 1532 1971 in
1558 1924 1783 1971 censendo

88 2011 145 2040 ac
169 1995 431 2057 definiendo
454 2008 729 2060 potestatem
763 2001 875 2047 Sedz'
928 1998 1191 2063 apostblicoe
1230 2001 1530 2055 tribuamus,
1560 2003 1692 2063 perit
1724 2001 1781 2046 li-

145 2201 197 2251 (l)
227 2202 305 2242 Cfr.
331 2204 563 2257 Muzzarelli7
586 2221 647 2258 op.
668 2210 729 2246 cit.
754 2215 846 2247 tom.
866 2222 900 2259 1,

88 2280 166 2318 cap.
200 2281 222 2305 2
247 2278 281 2308 et
307 2270 345 2309 3.

144 2333 197 2383 (2)
227 2333 299 2373 Hic
334 2337 575 2386 addendum,
612 2339 717 2390 plura
752 2349 825 2377 tam
862 2342 900 2378 in

90 2397 245 2437 Oriente
273 2414 384 2451 quam
414 2405 454 2441 in
483 2402 682 2443 Occidente
719 2404 900 2444 celebrata

87 2464 200 2502 fuisse
224 2464 389 2504 Concilia
405 2496 415 2513 ‚
432 2470 507 2507 sive
525 2471 763 2520 provincialia
781 2501 792 2519 7
825 2474 901 2510 sive

88 2530 290 2569 nationalia
307 2561 317 2578 7
342 2538 541 2585 antequam
563 2536 647 2573 data
666 2544 758 2574 esset
776 2537 901 2576 Eccle-

86 2597 147 2633 siae
181 2610 249 2646 pax
273 2624 286 2645 7
326 2599 379 2634 uti
412 2611 455 2635 ex
485 2599 641 2637 historia
673 2610 899 2653 compertum

86 2670 151 2699 est.
164 2661 245 2700 Jam
261 2676 343 2700 vero
357 2665 437 2714 ipsa
451 2664 612 2716 analogia
626 2665 747 2713 docet,
769 2681 898 2719 quem-

85 2727 285 2766 admodum
308 2727 474 2766 Concilia
505 2730 740 2780 provincialia
766 2744 810 2771 ac
834 2747 899 2771 na-

83 2792 235 2831 nonalia
276 2802 340 2832 aut
373 2809 391 2832 a
425 2793 645 2834 Primatibus
670 2804 734 2834 aut
764 2811 785 2835 a
829 2797 896 2836 Pa-

82 2858 249 2897 triarchis
276 2860 416 2898 indicta
437 2861 588 2900 fuerunt
602 2891 612 2908 ‚
638 2875 714 2900 non
733 2871 858 2902 autem
874 2880 895 2903 a

84 2923 265 2972 praefectis
289 2926 461 2964 civilibus
487 2935 588 2965 anta
617 2928 894 2979 proconsulibus

81 2991 259 3040 paganis,
295 2993 346 3030 sic
381 2992 489 3044 plane
523 2993 692 3034 debuisse
727 2994 892 3034 Concilia

971 2209 1150 2260 generalia
1186 2209 1299 2247 indici
1332 2210 1377 2247 ab
1410 2211 1586 2248 universae
1610 2208 1780 2248 Ecclesiae

969 2278 1087 2327 capite
1104 2307 1113 2324 7
1147 2291 1223 2315 non
1258 2285 1380 2315 autem
1424 2277 1471 2315 ab
1512 2277 1779 2329 imperantibus

970 2342 1140 2393 politicis.

1023 2406 1074 2457 (3)
1104 2407 1182 2447 Cfr.
1212 2407 1317 2446 Acta
1340 2407 1457 2447 Cono.
1485 2409 1603 2448 Hard.
1626 2418 1718 2450 tom.
1738 2422 1777 2459 ι,

968 2472 1039 2511 col.
1061 2473 1133 2512 311
1153 2502 1166 2522 ‚
1194 2473 1258 2513 ubi
1274 2475 1405 2525 legitur
1431 2488 1443 2512 ε
1479 2474 1600 2513 Ocius
1626 2467 1774 2514 Cordu-

968 2536 1110 2577 hemis!
1127 2536 1346 2591 Episcopus
1375 2539 1478 2578 discit
1506 2555 1520 2578 :
1552 2541 1607 2579 εἰσ
1642 2541 1774 2586 oredo,

966 2603 1282 2653 quemadmodum
1296 2604 1442 2643 dictum
1462 2612 1538 2655 est5
1555 2605 1660 2658 juxta
1682 2606 1773 2645 edit.

966 2669 1202 2709 Labbeanam
1236 2685 1318 2709 vero
1363 2685 1372 2708 ε
1410 2669 1525 2710 Osius
1557 2672 1776 2724 Episcopus

966 2735 1138 2774 civitatis
1154 2735 1409 2775 Cordubensis
1420 2751 1532 2790 prov.
1547 2736 1772 2792 Hispaniar-

966 2798 1108 2840 Deinde
1120 2811 1325 2854 sequuntur
1341 2802 1624 2854 subscriptiones
1642 2802 1771 2841 Victo-

963 2868 1010 2904 ris
1028 2865 1043 2911 (
1057 2881 1120 2907 seu
1139 2877 1178 2906 ut
1198 2867 1286 2907 alibi
1299 2869 1428 2921 legitur
1444 2869 1490 2908 V
1484 2868 1613 2919 itania)
1634 2876 1671 2907 et
1680 2868 1771 2907 Vin-

962 2933 1084 2971 centii.
