<?xml version="1.0" encoding="UTF-8"?>
<!DOCTYPE html PUBLIC "-//W3C//DTD XHTML 1.0 Transitional//EN"
    "http://www.w3.org/TR/xhtml1/DTD/xhtml1-transitional.dtd">
<html xmlns="http://www.w3.org/1999/xhtml" xml:lang="en" lang="en">
 <head>
  <title>
</title>
<meta http-equiv="Content-Type" content="text/html;charset=utf-8" />
  <meta name='ocr-system' content='tesseract 3.04.00' />
  <meta name='ocr-capabilities' content='ocr_page ocr_carea ocr_par ocr_line ocrx_word'/>
</head>
<body>
  <div class='ocr_page' id='page_1' title='image "./praelectionestheo08perruoft/praelectionestheo08perruoft_0194.png"; bbox 0 0 2028 3354; ppageno 0'>
   <div class='ocr_carea' id='block_1_1' title="bbox 180 171 1378 222">
    <p class='ocr_par' dir='ltr' id='par_1_1' title="bbox 180 171 1378 222">
     <span class='ocr_line' id='line_1_1' title="bbox 180 171 1378 222; baseline 0 -5"><span class='ocrx_word' id='word_1_1' title='bbox 180 171 274 219; x_wconf 79' lang='lat'><strong>182</strong></span> <span class='ocrx_word' id='word_1_2' title='bbox 641 187 795 218; x_wconf 62' lang='lat' dir='ltr'><strong>&#39;macr-</strong></span> <span class='ocrx_word' id='word_1_3' title='bbox 835 188 889 216; x_wconf 75' lang='lat' dir='ltr'><strong>DE</strong></span> <span class='ocrx_word' id='word_1_4' title='bbox 924 187 1044 218; x_wconf 70' lang='lat' dir='ltr'><strong>roms</strong></span> <span class='ocrx_word' id='word_1_5' title='bbox 1080 189 1378 222; x_wconf 69' lang='lat' dir='ltr'><strong>runoroolcls.</strong></span> 
     </span>
    </p>
   </div>
   <div class='ocr_carea' id='block_1_2' title="bbox 168 300 1891 3034">
    <p class='ocr_par' dir='ltr' id='par_1_2' title="bbox 178 300 1869 825">
     <span class='ocr_line' id='line_1_2' title="bbox 241 300 1861 366; baseline -0.001 -16"><span class='ocrx_word' id='word_1_6' title='bbox 241 304 354 350; x_wconf 83' lang='lat'>289.</span> <span class='ocrx_word' id='word_1_7' title='bbox 393 302 466 348; x_wconf 90' lang='lat' dir='ltr'><strong>Sic</strong></span> <span class='ocrx_word' id='word_1_8' title='bbox 493 300 632 347; x_wconf 84' lang='lat' dir='ltr'><strong>etiarn</strong></span> <span class='ocrx_word' id='word_1_9' title='bbox 656 300 775 346; x_wconf 86' lang='lat' dir='ltr'>nihil</span> <span class='ocrx_word' id='word_1_10' title='bbox 792 301 1004 359; x_wconf 78' lang='lat' dir='ltr'><strong>interest,</strong></span> <span class='ocrx_word' id='word_1_11' title='bbox 1026 304 1150 366; x_wconf 91' lang='lat' dir='ltr'><strong>quod</strong></span> <span class='ocrx_word' id='word_1_12' title='bbox 1170 302 1406 351; x_wconf 87' lang='lat' dir='ltr'><strong>orientalis</strong></span> <span class='ocrx_word' id='word_1_13' title='bbox 1419 300 1861 366; x_wconf 87' lang='lat' dir='ltr'><strong>Ecclesiaindepen-</strong></span> 
     </span>
     <span class='ocr_line' id='line_1_3' title="bbox 178 376 1862 443; baseline -0.002 -16"><span class='ocrx_word' id='word_1_14' title='bbox 178 379 293 427; x_wconf 90' lang='lat' dir='ltr'><strong>dens</strong></span> <span class='ocrx_word' id='word_1_15' title='bbox 324 377 493 434; x_wconf 75' lang='lat' dir='ltr'><strong>fuerit,</strong></span> <span class='ocrx_word' id='word_1_16' title='bbox 532 391 617 422; x_wconf 89' lang='lat' dir='ltr'><strong>nec</strong></span> <span class='ocrx_word' id='word_1_17' title='bbox 651 377 743 422; x_wconf 89' lang='lat' dir='ltr'><strong>nisi</strong></span> <span class='ocrx_word' id='word_1_18' title='bbox 771 376 977 441; x_wconf 90' lang='lat' dir='ltr'><strong>precaria</strong></span> <span class='ocrx_word' id='word_1_19' title='bbox 1015 378 1219 425; x_wconf 79' lang='lat' dir='ltr'><strong>extiterit</strong></span> <span class='ocrx_word' id='word_1_20' title='bbox 1246 396 1338 443; x_wconf 82' lang='lat' dir='ltr'><strong>pax</strong></span> <span class='ocrx_word' id='word_1_21' title='bbox 1367 395 1472 426; x_wconf 92' lang='lat' dir='ltr'><strong>cum</strong></span> <span class='ocrx_word' id='word_1_22' title='bbox 1503 378 1580 425; x_wconf 90' lang='lat' dir='ltr'><strong>illa</strong></span> <span class='ocrx_word' id='word_1_23' title='bbox 1613 378 1744 424; x_wconf 87' lang='lat' dir='ltr'><strong>inita.</strong></span> <span class='ocrx_word' id='word_1_24' title='bbox 1788 378 1862 424; x_wconf 92' lang='lat' dir='ltr'><strong>Uti</strong></span> 
     </span>
     <span class='ocr_line' id='line_1_4' title="bbox 178 450 1865 511; baseline -0.002 -8"><span class='ocrx_word' id='word_1_25' title='bbox 178 455 304 503; x_wconf 90' lang='lat' dir='ltr'><strong>enim</strong></span> <span class='ocrx_word' id='word_1_26' title='bbox 323 450 740 499; x_wconf 83' lang='lat' dir='ltr'><strong>animadvertimus</strong></span> <span class='ocrx_word' id='word_1_27' title='bbox 756 488 768 511; x_wconf 66' lang='lat'>7</span> <span class='ocrx_word' id='word_1_28' title='bbox 788 451 1073 499; x_wconf 86' lang='lat' dir='ltr'><strong>catholicitas</strong></span> <span class='ocrx_word' id='word_1_29' title='bbox 1092 452 1297 501; x_wconf 82' lang='lat' dir='ltr'><strong>Ecclesiae</strong></span> <span class='ocrx_word' id='word_1_30' title='bbox 1322 472 1523 503; x_wconf 88' lang='lat' dir='ltr'><strong>romanae</strong></span> <span class='ocrx_word' id='word_1_31' title='bbox 1541 453 1670 500; x_wconf 91' lang='lat' dir='ltr'><strong>nulla</strong></span> <span class='ocrx_word' id='word_1_32' title='bbox 1688 454 1865 500; x_wconf 87' lang='lat' dir='ltr'><strong>ratione</strong></span> 
     </span>
     <span class='ocr_line' id='line_1_5' title="bbox 184 528 1866 597; baseline -0.002 -18"><span class='ocrx_word' id='word_1_33' title='bbox 184 531 362 597; x_wconf 84' lang='lat' dir='ltr'><strong>pendet</strong></span> <span class='ocrx_word' id='word_1_34' title='bbox 391 548 417 576; x_wconf 91' lang='lat' dir='ltr'><strong>a</strong></span> <span class='ocrx_word' id='word_1_35' title='bbox 448 529 695 578; x_wconf 85' lang='lat' dir='ltr'>schismate</span> <span class='ocrx_word' id='word_1_36' title='bbox 724 546 898 593; x_wconf 78' lang='lat' dir='ltr'><strong>graec0‚</strong></span> <span class='ocrx_word' id='word_1_37' title='bbox 931 537 1011 575; x_wconf 88' lang='lat' dir='ltr'><strong>aut</strong></span> <span class='ocrx_word' id='word_1_38' title='bbox 1033 528 1092 577; x_wconf 87' lang='lat' dir='ltr'><strong>ab</strong></span> <span class='ocrx_word' id='word_1_39' title='bbox 1120 529 1283 577; x_wconf 83' lang='lat' dir='ltr'><strong>haeresi</strong></span> <span class='ocrx_word' id='word_1_40' title='bbox 1311 531 1579 595; x_wconf 79' lang='lat' dir='ltr'><strong>eutychiana</strong></span> <span class='ocrx_word' id='word_1_41' title='bbox 1605 552 1617 590; x_wconf 71' lang='grc' dir='ltr'><strong>ς</strong></span> <span class='ocrx_word' id='word_1_42' title='bbox 1661 530 1866 595; x_wconf 90' lang='lat' dir='ltr'><strong>alioquin</strong></span> 
     </span>
     <span class='ocr_line' id='line_1_6' title="bbox 180 604 1869 670; baseline -0.002 -15"><span class='ocrx_word' id='word_1_43' title='bbox 180 615 402 655; x_wconf 80' lang='lat' dir='ltr'><strong>cessasset</strong></span> <span class='ocrx_word' id='word_1_44' title='bbox 422 623 519 653; x_wconf 89' lang='lat' dir='ltr'><strong>esse</strong></span> <span class='ocrx_word' id='word_1_45' title='bbox 539 605 781 664; x_wconf 72' lang='lat' dir='ltr'><strong>catholica,</strong></span> <span class='ocrx_word' id='word_1_46' title='bbox 797 605 985 670; x_wconf 89' lang='lat' dir='ltr'><strong>quando</strong></span> <span class='ocrx_word' id='word_1_47' title='bbox 1002 614 1071 652; x_wconf 86' lang='lat' dir='ltr'><strong>tot</strong></span> <span class='ocrx_word' id='word_1_48' title='bbox 1090 604 1334 652; x_wconf 85' lang='lat' dir='ltr'><strong>orientales</strong></span> <span class='ocrx_word' id='word_1_49' title='bbox 1351 606 1554 655; x_wconf 82' lang='lat' dir='ltr'><strong>Ecclesiae</strong></span> <span class='ocrx_word' id='word_1_50' title='bbox 1573 606 1869 653; x_wconf 60' lang='lat' dir='ltr'><strong>adhaeserunt</strong></span> 
     </span>
     <span class='ocr_line' id='line_1_7' title="bbox 179 680 1868 747; baseline -0.001 -16"><span class='ocrx_word' id='word_1_51' title='bbox 179 684 451 735; x_wconf 85' lang='lat' dir='ltr'><strong>Nestorioet</strong></span> <span class='ocrx_word' id='word_1_52' title='bbox 465 682 726 745; x_wconf 64' lang='lat' dir='ltr'><strong>Eutychen,</strong></span> <span class='ocrx_word' id='word_1_53' title='bbox 748 691 826 728; x_wconf 89' lang='lat' dir='ltr'><strong>aut</strong></span> <span class='ocrx_word' id='word_1_54' title='bbox 846 681 1035 747; x_wconf 83' lang='lat' dir='ltr'><strong>quando</strong></span> <span class='ocrx_word' id='word_1_55' title='bbox 1056 682 1310 729; x_wconf 71' lang='lat' dir='ltr'><strong>Donatistae</strong></span> <span class='ocrx_word' id='word_1_56' title='bbox 1329 698 1378 728; x_wconf 91' lang='lat' dir='ltr'><strong>se</strong></span> <span class='ocrx_word' id='word_1_57' title='bbox 1396 680 1453 729; x_wconf 89' lang='lat' dir='ltr'><strong>ab</strong></span> <span class='ocrx_word' id='word_1_58' title='bbox 1467 683 1658 731; x_wconf 83' lang='lat' dir='ltr'><strong>Ecclesia</strong></span> <span class='ocrx_word' id='word_1_59' title='bbox 1677 698 1868 730; x_wconf 85' lang='lat' dir='ltr'><strong>romana</strong></span> 
     </span>
     <span class='ocr_line' id='line_1_8' title="bbox 179 757 953 825; baseline -0.004 -19"><span class='ocrx_word' id='word_1_60' title='bbox 179 768 486 825; x_wconf 71' lang='lat' dir='ltr'><strong>separarunt3</strong></span> <span class='ocrx_word' id='word_1_61' title='bbox 515 758 638 822; x_wconf 86' lang='lat' dir='ltr'><strong>quod</strong></span> <span class='ocrx_word' id='word_1_62' title='bbox 659 775 797 805; x_wconf 91' lang='lat' dir='ltr'><strong>nemo</strong></span> <span class='ocrx_word' id='word_1_63' title='bbox 818 757 953 804; x_wconf 86' lang='lat' dir='ltr'><strong>dicet.</strong></span> 
     </span>
    </p>

    <p class='ocr_par' dir='ltr' id='par_1_3' title="bbox 179 832 1883 1738">
     <span class='ocr_line' id='line_1_9' title="bbox 243 832 1871 899; baseline -0.002 -16"><span class='ocrx_word' id='word_1_64' title='bbox 243 835 356 883; x_wconf 82' lang='lat'>290.</span> <span class='ocrx_word' id='word_1_65' title='bbox 395 833 463 882; x_wconf 87' lang='lat' dir='ltr'><strong>Ad</strong></span> <span class='ocrx_word' id='word_1_66' title='bbox 485 835 570 887; x_wconf 62' lang='lat'><strong>51¹¹„</strong></span> <span class='ocrx_word' id='word_1_67' title='bbox 595 834 715 898; x_wconf 73' lang='lat' dir='ltr'><strong>Ney.</strong></span> <span class='ocrx_word' id='word_1_68' title='bbox 742 851 903 880; x_wconf 90' lang='lat' dir='ltr'><strong>omnes</strong></span> <span class='ocrx_word' id='word_1_69' title='bbox 923 832 1149 896; x_wconf 87' lang='lat' dir='ltr'><strong>ejusmodi</strong></span> <span class='ocrx_word' id='word_1_70' title='bbox 1168 832 1395 897; x_wconf 73' lang='lat' dir='ltr'><strong>sequelas‚</strong></span> <span class='ocrx_word' id='word_1_71' title='bbox 1417 850 1520 898; x_wconf 86' lang='lat' dir='ltr'><strong>quae</strong></span> <span class='ocrx_word' id='word_1_72' title='bbox 1539 850 1596 881; x_wconf 78' lang='lat' dir='ltr'><strong>ex</strong></span> <span class='ocrx_word' id='word_1_73' title='bbox 1613 834 1734 880; x_wconf 90' lang='lat' dir='ltr'><strong>falsis</strong></span> <span class='ocrx_word' id='word_1_74' title='bbox 1756 851 1871 899; x_wconf 85' lang='lat' dir='ltr'><strong>prae-</strong></span> 
     </span>
     <span class='ocr_line' id='line_1_10' title="bbox 179 908 1872 974; baseline -0.002 -15"><span class='ocrx_word' id='word_1_75' title='bbox 179 912 326 959; x_wconf 86' lang='lat' dir='ltr'><strong>missis</strong></span> <span class='ocrx_word' id='word_1_76' title='bbox 355 910 666 958; x_wconf 85' lang='lat' dir='ltr'><strong>deducuntur.</strong></span> <span class='ocrx_word' id='word_1_77' title='bbox 701 911 757 956; x_wconf 89' lang='lat' dir='ltr'><strong>Et</strong></span> <span class='ocrx_word' id='word_1_78' title='bbox 789 927 872 955; x_wconf 90' lang='lat' dir='ltr'><strong>nos</strong></span> <span class='ocrx_word' id='word_1_79' title='bbox 910 909 1083 974; x_wconf 91' lang='lat' dir='ltr'><strong>pariter</strong></span> <span class='ocrx_word' id='word_1_80' title='bbox 1111 909 1437 957; x_wconf 80' lang='lat' dir='ltr'><strong>contendimus</strong></span> <span class='ocrx_word' id='word_1_81' title='bbox 1454 944 1467 968; x_wconf 62' lang='lat' dir='ltr'><strong>a</strong></span> <span class='ocrx_word' id='word_1_82' title='bbox 1492 908 1797 970; x_wconf 87' lang='lat' dir='ltr'><strong>attributum,</strong></span> <span class='ocrx_word' id='word_1_83' title='bbox 1821 926 1872 955; x_wconf 89' lang='lat' dir='ltr'><strong>ac</strong></span> 
     </span>
     <span class='ocr_line' id='line_1_11' title="bbox 180 984 1873 1054; baseline -0.004 -19"><span class='ocrx_word' id='word_1_84' title='bbox 180 997 429 1054; x_wconf 88' lang='lat' dir='ltr'><strong>propterea</strong></span> <span class='ocrx_word' id='word_1_85' title='bbox 460 995 624 1033; x_wconf 84' lang='lat' dir='ltr'><strong>notam</strong></span> <span class='ocrx_word' id='word_1_86' title='bbox 650 984 971 1033; x_wconf 83' lang='lat' dir='ltr'><strong>catholicitatis</strong></span> <span class='ocrx_word' id='word_1_87' title='bbox 992 993 1351 1049; x_wconf 83' lang='lat' dir='ltr'><strong>permanentem</strong></span> <span class='ocrx_word' id='word_1_88' title='bbox 1384 1001 1480 1031; x_wconf 91' lang='lat' dir='ltr'><strong>esse</strong></span> <span class='ocrx_word' id='word_1_89' title='bbox 1513 994 1749 1050; x_wconf 78' lang='lat' dir='ltr'><strong>oportere3</strong></span> <span class='ocrx_word' id='word_1_90' title='bbox 1774 987 1873 1046; x_wconf 85' lang='lat' dir='ltr'><strong>jam</strong></span> 
     </span>
     <span class='ocr_line' id='line_1_12' title="bbox 182 1060 1872 1126; baseline -0.003 -14"><span class='ocrx_word' id='word_1_91' title='bbox 182 1084 293 1114; x_wconf 91' lang='lat' dir='ltr'><strong>vero</strong></span> <span class='ocrx_word' id='word_1_92' title='bbox 310 1083 417 1113; x_wconf 89' lang='lat' dir='ltr'><strong>cum</strong></span> <span class='ocrx_word' id='word_1_93' title='bbox 436 1063 798 1122; x_wconf 75' lang='lat' dir='ltr'><strong>ostenderimus,</strong></span> <span class='ocrx_word' id='word_1_94' title='bbox 813 1060 1087 1109; x_wconf 81' lang='lat' dir='ltr'><strong>catholicam</strong></span> <span class='ocrx_word' id='word_1_95' title='bbox 1102 1078 1292 1126; x_wconf 79' lang='lat' dir='ltr'><strong>semper</strong></span> <span class='ocrx_word' id='word_1_96' title='bbox 1304 1063 1613 1125; x_wconf 84' lang='lat' dir='ltr'><strong>permansisse</strong></span> <span class='ocrx_word' id='word_1_97' title='bbox 1626 1061 1872 1108; x_wconf 84' lang='lat' dir='ltr'><strong>Ecclesiam</strong></span> 
     </span>
     <span class='ocr_line' id='line_1_13' title="bbox 180 1136 1875 1203; baseline -0.004 -14"><span class='ocrx_word' id='word_1_98' title='bbox 180 1159 426 1189; x_wconf 87' lang='lat' dir='ltr'><strong>romanam</strong></span> <span class='ocrx_word' id='word_1_99' title='bbox 445 1177 457 1199; x_wconf 76' lang='lat'>‚</span> <span class='ocrx_word' id='word_1_100' title='bbox 485 1158 582 1187; x_wconf 87' lang='lat' dir='ltr'><strong>non</strong></span> <span class='ocrx_word' id='word_1_101' title='bbox 618 1138 914 1185; x_wconf 83' lang='lat' dir='ltr'><strong>obstantibus</strong></span> <span class='ocrx_word' id='word_1_102' title='bbox 944 1137 1035 1184; x_wconf 91' lang='lat' dir='ltr'><strong>illis</strong></span> <span class='ocrx_word' id='word_1_103' title='bbox 1062 1136 1369 1203; x_wconf 87' lang='lat' dir='ltr'><strong>peculiaribus</strong></span> <span class='ocrx_word' id='word_1_104' title='bbox 1403 1136 1765 1196; x_wconf 78' lang='lat' dir='ltr'><strong>desectionibus,</strong></span> <span class='ocrx_word' id='word_1_105' title='bbox 1793 1139 1875 1183; x_wconf 92' lang='lat' dir='ltr'><strong>in-</strong></span> 
     </span>
     <span class='ocr_line' id='line_1_14' title="bbox 181 1212 1875 1283; baseline -0.004 -17"><span class='ocrx_word' id='word_1_106' title='bbox 181 1220 288 1266; x_wconf 89' lang='lat' dir='ltr'><strong>ferri</strong></span> <span class='ocrx_word' id='word_1_107' title='bbox 315 1218 496 1283; x_wconf 66' lang='lat' dir='ltr'><strong>nequit,</strong></span> <span class='ocrx_word' id='word_1_108' title='bbox 522 1214 735 1263; x_wconf 86' lang='lat' dir='ltr'><strong>eamdem</strong></span> <span class='ocrx_word' id='word_1_109' title='bbox 760 1214 1007 1262; x_wconf 86' lang='lat' dir='ltr'><strong>Ecclesiam</strong></span> <span class='ocrx_word' id='word_1_110' title='bbox 1022 1224 1214 1277; x_wconf 75' lang='lat' dir='ltr'><strong>partem</strong></span> <span class='ocrx_word' id='word_1_111' title='bbox 1239 1212 1428 1279; x_wconf 82' lang='lat' dir='ltr'><strong>quider&#39;n</strong></span> <span class='ocrx_word' id='word_1_112' title='bbox 1449 1230 1549 1261; x_wconf 91' lang='lat' dir='ltr'><strong>esse</strong></span> <span class='ocrx_word' id='word_1_113' title='bbox 1573 1214 1779 1261; x_wconf 86' lang='lat' dir='ltr'><strong>Ecclesiae</strong></span> <span class='ocrx_word' id='word_1_114' title='bbox 1799 1230 1875 1259; x_wconf 89' lang='lat' dir='ltr'><strong>ca-</strong></span> 
     </span>
     <span class='ocr_line' id='line_1_15' title="bbox 185 1287 1877 1355; baseline -0.004 -14"><span class='ocrx_word' id='word_1_115' title='bbox 185 1295 395 1353; x_wconf 84' lang='lat' dir='ltr'><strong>tholicae,</strong></span> <span class='ocrx_word' id='word_1_116' title='bbox 424 1293 617 1340; x_wconf 89' lang='lat' dir='ltr'><strong>minime</strong></span> <span class='ocrx_word' id='word_1_117' title='bbox 650 1309 762 1339; x_wconf 87' lang='lat' dir='ltr'><strong>vero</strong></span> <span class='ocrx_word' id='word_1_118' title='bbox 787 1290 996 1338; x_wconf 88' lang='lat' dir='ltr'><strong>absolute</strong></span> <span class='ocrx_word' id='word_1_119' title='bbox 1018 1299 1157 1355; x_wconf 86' lang='lat' dir='ltr'><strong>atque</strong></span> <span class='ocrx_word' id='word_1_120' title='bbox 1185 1291 1234 1336; x_wconf 91' lang='lat' dir='ltr'><strong>in</strong></span> <span class='ocrx_word' id='word_1_121' title='bbox 1268 1306 1406 1337; x_wconf 87' lang='lat' dir='ltr'><strong>sensu</strong></span> <span class='ocrx_word' id='word_1_122' title='bbox 1436 1289 1667 1336; x_wconf 81' lang='lat' dir='ltr'><strong>exclusivo</strong></span> <span class='ocrx_word' id='word_1_123' title='bbox 1687 1287 1877 1335; x_wconf 86' lang='lat' dir='ltr'><strong>catholi-</strong></span> 
     </span>
     <span class='ocr_line' id='line_1_16' title="bbox 184 1363 1878 1432; baseline -0.004 -13"><span class='ocrx_word' id='word_1_124' title='bbox 184 1390 284 1419; x_wconf 89' lang='lat' dir='ltr'><strong>cam</strong></span> <span class='ocrx_word' id='word_1_125' title='bbox 322 1388 436 1418; x_wconf 87' lang='lat' dir='ltr'><strong>esse.</strong></span> <span class='ocrx_word' id='word_1_126' title='bbox 486 1368 637 1416; x_wconf 85' lang='lat' dir='ltr'><strong>Velint</strong></span> <span class='ocrx_word' id='word_1_127' title='bbox 671 1369 828 1432; x_wconf 88' lang='lat' dir='ltr'><strong>itaque</strong></span> <span class='ocrx_word' id='word_1_128' title='bbox 864 1366 1017 1413; x_wconf 87' lang='lat' dir='ltr'><strong>nolint</strong></span> <span class='ocrx_word' id='word_1_129' title='bbox 1051 1376 1185 1413; x_wconf 86' lang='lat' dir='ltr'><strong>sectae</strong></span> <span class='ocrx_word' id='word_1_130' title='bbox 1231 1364 1477 1412; x_wconf 86' lang='lat' dir='ltr'><strong>orientales</strong></span> <span class='ocrx_word' id='word_1_131' title='bbox 1514 1374 1562 1412; x_wconf 91' lang='lat' dir='ltr'><strong>et</strong></span> <span class='ocrx_word' id='word_1_132' title='bbox 1598 1363 1878 1427; x_wconf 62' lang='lat' dir='ltr'><strong>anglicanae,</strong></span> 
     </span>
     <span class='ocr_line' id='line_1_17' title="bbox 184 1439 1880 1512; baseline -0.005 -18"><span class='ocrx_word' id='word_1_133' title='bbox 184 1464 427 1512; x_wconf 86' lang='lat' dir='ltr'><strong>nunquam</strong></span> <span class='ocrx_word' id='word_1_134' title='bbox 454 1446 562 1510; x_wconf 86' lang='lat' dir='ltr'><strong>ipsae</strong></span> <span class='ocrx_word' id='word_1_135' title='bbox 589 1444 639 1490; x_wconf 90' lang='lat' dir='ltr'><strong>in</strong></span> <span class='ocrx_word' id='word_1_136' title='bbox 672 1460 862 1490; x_wconf 91' lang='lat' dir='ltr'><strong>censum</strong></span> <span class='ocrx_word' id='word_1_137' title='bbox 892 1442 1082 1490; x_wconf 90' lang='lat' dir='ltr'><strong>venient</strong></span> <span class='ocrx_word' id='word_1_138' title='bbox 1112 1440 1345 1487; x_wconf 86' lang='lat' dir='ltr'><strong>catholicae</strong></span> <span class='ocrx_word' id='word_1_139' title='bbox 1377 1439 1608 1499; x_wconf 76' lang='lat' dir='ltr'><strong>Ecclesiae,</strong></span> <span class='ocrx_word' id='word_1_140' title='bbox 1638 1440 1727 1486; x_wconf 89' lang='lat' dir='ltr'><strong>nisi</strong></span> <span class='ocrx_word' id='word_1_141' title='bbox 1752 1456 1880 1486; x_wconf 84' lang='lat' dir='ltr'><strong>erro-</strong></span> 
     </span>
     <span class='ocr_line' id='line_1_18' title="bbox 184 1516 1879 1583; baseline -0.005 -13"><span class='ocrx_word' id='word_1_142' title='bbox 184 1522 312 1571; x_wconf 89' lang='lat' dir='ltr'><strong>ribus</strong></span> <span class='ocrx_word' id='word_1_143' title='bbox 332 1533 378 1571; x_wconf 91' lang='lat' dir='ltr'><strong>et</strong></span> <span class='ocrx_word' id='word_1_144' title='bbox 395 1522 645 1570; x_wconf 85' lang='lat' dir='ltr'><strong>schismate</strong></span> <span class='ocrx_word' id='word_1_145' title='bbox 667 1520 854 1583; x_wconf 84' lang='lat' dir='ltr'><strong>ejuratis</strong></span> <span class='ocrx_word' id='word_1_146' title='bbox 873 1536 921 1566; x_wconf 87' lang='lat' dir='ltr'><strong>se</strong></span> <span class='ocrx_word' id='word_1_147' title='bbox 943 1518 1171 1582; x_wconf 86' lang='lat' dir='ltr'><strong>recipiant</strong></span> <span class='ocrx_word' id='word_1_148' title='bbox 1189 1517 1238 1562; x_wconf 90' lang='lat' dir='ltr'><strong>in</strong></span> <span class='ocrx_word' id='word_1_149' title='bbox 1257 1517 1412 1563; x_wconf 89' lang='lat' dir='ltr'><strong>sinum</strong></span> <span class='ocrx_word' id='word_1_150' title='bbox 1431 1516 1644 1571; x_wconf 73' lang='lat' dir='ltr'><strong>Ecclesiae</strong></span> <span class='ocrx_word' id='word_1_151' title='bbox 1661 1530 1879 1573; x_wconf 78' lang='lat' dir='ltr'><strong>romanae,</strong></span> 
     </span>
     <span class='ocr_line' id='line_1_19' title="bbox 187 1591 1883 1655; baseline -0.006 -8"><span class='ocrx_word' id='word_1_152' title='bbox 187 1608 234 1647; x_wconf 90' lang='lat' dir='ltr'><strong>et</strong></span> <span class='ocrx_word' id='word_1_153' title='bbox 270 1616 375 1647; x_wconf 90' lang='lat' dir='ltr'><strong>cum</strong></span> <span class='ocrx_word' id='word_1_154' title='bbox 405 1616 457 1646; x_wconf 87' lang='lat' dir='ltr'><strong>ea</strong></span> <span class='ocrx_word' id='word_1_155' title='bbox 495 1597 842 1644; x_wconf 87' lang='lat' dir='ltr'><strong>communicent</strong></span> <span class='ocrx_word' id='word_1_156' title='bbox 869 1595 919 1642; x_wconf 91' lang='lat' dir='ltr'><strong>in</strong></span> <span class='ocrx_word' id='word_1_157' title='bbox 948 1594 1128 1641; x_wconf 86' lang='lat' dir='ltr'><strong>unitate</strong></span> <span class='ocrx_word' id='word_1_158' title='bbox 1154 1591 1262 1640; x_wconf 90' lang='lat' dir='ltr'><strong>fidei</strong></span> <span class='ocrx_word' id='word_1_159' title='bbox 1293 1601 1339 1639; x_wconf 91' lang='lat' dir='ltr'><strong>et</strong></span> <span class='ocrx_word' id='word_1_160' title='bbox 1368 1591 1631 1655; x_wconf 73' lang='lat' dir='ltr'><strong>regiminis,</strong></span> <span class='ocrx_word' id='word_1_161' title='bbox 1666 1608 1772 1638; x_wconf 91' lang='lat' dir='ltr'><strong>cum</strong></span> <span class='ocrx_word' id='word_1_162' title='bbox 1798 1591 1883 1638; x_wconf 82' lang='lat' dir='ltr'><strong>de-</strong></span> 
     </span>
     <span class='ocr_line' id='line_1_20' title="bbox 189 1668 1487 1738; baseline -0.007 -15"><span class='ocrx_word' id='word_1_163' title='bbox 189 1676 284 1723; x_wconf 89' lang='lat' dir='ltr'><strong>bita</strong></span> <span class='ocrx_word' id='word_1_164' title='bbox 314 1675 601 1738; x_wconf 86' lang='lat' dir='ltr'><strong>subjectione</strong></span> <span class='ocrx_word' id='word_1_165' title='bbox 621 1690 672 1719; x_wconf 91' lang='lat' dir='ltr'><strong>ac</strong></span> <span class='ocrx_word' id='word_1_166' title='bbox 699 1670 1015 1737; x_wconf 87' lang='lat' dir='ltr'><strong>dependentia</strong></span> <span class='ocrx_word' id='word_1_167' title='bbox 1036 1687 1060 1716; x_wconf 90' lang='lat' dir='ltr'><strong>a</strong></span> <span class='ocrx_word' id='word_1_168' title='bbox 1091 1672 1222 1716; x_wconf 88' lang='lat' dir='ltr'><strong>Rom.</strong></span> <span class='ocrx_word' id='word_1_169' title='bbox 1250 1668 1487 1715; x_wconf 89' lang='lat' dir='ltr'><strong>Pontifice.</strong></span> 
     </span>
    </p>

    <p class='ocr_par' dir='ltr' id='par_1_4' title="bbox 168 1743 1891 3034">
     <span class='ocr_line' id='line_1_21' title="bbox 168 1743 1885 1813; baseline -0.006 -13"><span class='ocrx_word' id='word_1_170' title='bbox 168 1743 170 1745; x_wconf 24' lang='lat'><strong><em>¹</em></strong></span> <span class='ocrx_word' id='word_1_171' title='bbox 250 1754 365 1800; x_wconf 80' lang='lat'><strong>291.</strong></span> <span class='ocrx_word' id='word_1_172' title='bbox 394 1751 463 1798; x_wconf 91' lang='lat' dir='ltr'><strong>Ad</strong></span> <span class='ocrx_word' id='word_1_173' title='bbox 484 1752 573 1808; x_wconf 64' lang='lat'>6¹¹1,</span> <span class='ocrx_word' id='word_1_174' title='bbox 586 1751 724 1813; x_wconf 75' lang='lat' dir='ltr'><strong>Resp,</strong></span> <span class='ocrx_word' id='word_1_175' title='bbox 745 1747 993 1794; x_wconf 86' lang='lat' dir='ltr'><strong>Ecclesiam</strong></span> <span class='ocrx_word' id='word_1_176' title='bbox 1011 1763 1254 1793; x_wconf 88' lang='lat' dir='ltr'><strong>romanam</strong></span> <span class='ocrx_word' id='word_1_177' title='bbox 1270 1744 1511 1791; x_wconf 86' lang='lat' dir='ltr'><strong>sollicitam</strong></span> <span class='ocrx_word' id='word_1_178' title='bbox 1527 1761 1622 1792; x_wconf 90' lang='lat' dir='ltr'><strong>non</strong></span> <span class='ocrx_word' id='word_1_179' title='bbox 1642 1759 1756 1800; x_wconf 91' lang='lat' dir='ltr'><strong>esse,</strong></span> <span class='ocrx_word' id='word_1_180' title='bbox 1773 1743 1885 1806; x_wconf 91' lang='lat' dir='ltr'><strong>quid</strong></span> 
     </span>
     <span class='ocr_line' id='line_1_22' title="bbox 189 1819 1886 1875; baseline -0.007 0"><span class='ocrx_word' id='word_1_181' title='bbox 189 1828 248 1875; x_wconf 91' lang='lat' dir='ltr'><strong>de</strong></span> <span class='ocrx_word' id='word_1_182' title='bbox 269 1827 513 1875; x_wconf 87' lang='lat' dir='ltr'><strong>Catholicis</strong></span> <span class='ocrx_word' id='word_1_183' title='bbox 540 1822 936 1872; x_wconf 88' lang='lat' dir='ltr'><strong>commorantibus</strong></span> <span class='ocrx_word' id='word_1_184' title='bbox 957 1823 1079 1869; x_wconf 84' lang='lat' dir='ltr'><strong>intra</strong></span> <span class='ocrx_word' id='word_1_185' title='bbox 1096 1822 1322 1868; x_wconf 87' lang='lat' dir='ltr'><strong>ditionem</strong></span> <span class='ocrx_word' id='word_1_186' title='bbox 1343 1819 1737 1866; x_wconf 86' lang='lat' dir='ltr'><strong>schismaticorum</strong></span> <span class='ocrx_word' id='word_1_187' title='bbox 1759 1820 1886 1864; x_wconf 80' lang='lat' dir='ltr'><strong>Grae-</strong></span> 
     </span>
     <span class='ocr_line' id='line_1_23' title="bbox 191 1898 1891 1966; baseline -0.006 -13"><span class='ocrx_word' id='word_1_188' title='bbox 191 1923 351 1953; x_wconf 87' lang='lat' dir='ltr'><strong>corum</strong></span> <span class='ocrx_word' id='word_1_189' title='bbox 387 1914 468 1951; x_wconf 87' lang='lat' dir='ltr'><strong>aut</strong></span> <span class='ocrx_word' id='word_1_190' title='bbox 501 1903 857 1966; x_wconf 83' lang='lat' dir='ltr'><strong>Anglicanorum</strong></span> <span class='ocrx_word' id='word_1_191' title='bbox 895 1900 943 1946; x_wconf 88' lang='lat' dir='ltr'><strong>hi</strong></span> <span class='ocrx_word' id='word_1_192' title='bbox 972 1900 1057 1965; x_wconf 90' lang='lat' dir='ltr'><strong>ipsi</strong></span> <span class='ocrx_word' id='word_1_193' title='bbox 1087 1901 1291 1947; x_wconf 82' lang='lat' dir='ltr'><strong>sentiant</strong></span> <span class='ocrx_word' id='word_1_194' title='bbox 1316 1908 1396 1945; x_wconf 88' lang='lat' dir='ltr'><strong>aut</strong></span> <span class='ocrx_word' id='word_1_195' title='bbox 1424 1898 1596 1945; x_wconf 89' lang='lat' dir='ltr'><strong>dicant.</strong></span> <span class='ocrx_word' id='word_1_196' title='bbox 1631 1898 1778 1944; x_wconf 76' lang='lat' dir='ltr'><strong>EtIam</strong></span> <span class='ocrx_word' id='word_1_197' title='bbox 1810 1913 1891 1942; x_wconf 78' lang='lat' dir='ltr'><strong>ve-</strong></span> 
     </span>
     <span class='ocr_line' id='line_1_24' title="bbox 191 1973 1891 2037; baseline -0.006 -9"><span class='ocrx_word' id='word_1_198' title='bbox 191 1992 311 2029; x_wconf 88' lang='lat' dir='ltr'><strong>teres</strong></span> <span class='ocrx_word' id='word_1_199' title='bbox 340 1981 497 2028; x_wconf 87' lang='lat' dir='ltr'><strong>Ariani</strong></span> <span class='ocrx_word' id='word_1_200' title='bbox 521 1978 750 2028; x_wconf 84' lang='lat' dir='ltr'><strong>vocabant</strong></span> <span class='ocrx_word' id='word_1_201' title='bbox 780 1975 1039 2024; x_wconf 88' lang='lat' dir='ltr'><strong>Catholicos</strong></span> <span class='ocrx_word' id='word_1_202' title='bbox 1061 1977 1394 2022; x_wconf 71' lang='lat' dir='ltr'><strong>homousianos</strong></span> <span class='ocrx_word' id='word_1_203' title='bbox 1411 2011 1424 2029; x_wconf 90' lang='lat'>‚</span> <span class='ocrx_word' id='word_1_204' title='bbox 1464 1974 1697 2037; x_wconf 83' lang='lat' dir='ltr'><strong>Pelagiani</strong></span> <span class='ocrx_word' id='word_1_205' title='bbox 1720 1973 1891 2019; x_wconf 76' lang='lat' dir='ltr'><strong>tradu-</strong></span> 
     </span>
     <span class='ocr_line' id='line_1_25' title="bbox 190 2041 1887 2120; baseline -0.008 -15"><span class='ocrx_word' id='word_1_206' title='bbox 190 2061 355 2105; x_wconf 76' lang='lat' dir='ltr'><strong>cianos</strong></span> <span class='ocrx_word' id='word_1_207' title='bbox 371 2094 385 2112; x_wconf 91' lang='lat'>,</span> <span class='ocrx_word' id='word_1_208' title='bbox 410 2065 456 2103; x_wconf 90' lang='lat' dir='ltr'><strong>et</strong></span> <span class='ocrx_word' id='word_1_209' title='bbox 479 2056 543 2102; x_wconf 87' lang='lat' dir='ltr'><strong>ita</strong></span> <span class='ocrx_word' id='word_1_210' title='bbox 578 2072 742 2120; x_wconf 80' lang='lat' dir='ltr'><strong>porr03</strong></span> <span class='ocrx_word' id='word_1_211' title='bbox 776 2063 936 2099; x_wconf 88' lang='lat' dir='ltr'><strong>tamen</strong></span> <span class='ocrx_word' id='word_1_212' title='bbox 964 2050 1190 2098; x_wconf 87' lang='lat' dir='ltr'><strong>Catholici</strong></span> <span class='ocrx_word' id='word_1_213' title='bbox 1217 2067 1402 2114; x_wconf 89' lang='lat' dir='ltr'><strong>semper</strong></span> <span class='ocrx_word' id='word_1_214' title='bbox 1421 2049 1613 2096; x_wconf 88' lang='lat' dir='ltr'><strong>fuerunt</strong></span> <span class='ocrx_word' id='word_1_215' title='bbox 1636 2041 1857 2095; x_wconf 87' lang='lat' dir='ltr'><strong>Catholici</strong></span> <span class='ocrx_word' id='word_1_216' title='bbox 1875 2083 1887 2104; x_wconf 58' lang='lat'>7</span> 
     </span>
     <span class='ocr_line' id='line_1_26' title="bbox 192 2123 1879 2190; baseline -0.008 -9"><span class='ocrx_word' id='word_1_217' title='bbox 192 2143 239 2181; x_wconf 91' lang='lat' dir='ltr'><strong>et</strong></span> <span class='ocrx_word' id='word_1_218' title='bbox 273 2134 340 2180; x_wconf 87' lang='lat' dir='ltr'><strong>illi</strong></span> <span class='ocrx_word' id='word_1_219' title='bbox 367 2131 572 2179; x_wconf 85' lang='lat' dir='ltr'><strong>haeretici</strong></span> <span class='ocrx_word' id='word_1_220' title='bbox 597 2140 676 2177; x_wconf 90' lang='lat' dir='ltr'><strong>aut</strong></span> <span class='ocrx_word' id='word_1_221' title='bbox 709 2128 1002 2175; x_wconf 87' lang='lat' dir='ltr'><strong>schismatici.</strong></span> <span class='ocrx_word' id='word_1_222' title='bbox 1031 2127 1397 2189; x_wconf 78' lang='lat' dir='ltr'><strong>Episcopalium</strong></span> <span class='ocrx_word' id='word_1_223' title='bbox 1428 2142 1567 2190; x_wconf 86' lang='lat' dir='ltr'><strong>porro</strong></span> <span class='ocrx_word' id='word_1_224' title='bbox 1597 2123 1879 2169; x_wconf 89' lang='lat' dir='ltr'><strong>fundamen-</strong></span> 
     </span>
     <span class='ocr_line' id='line_1_27' title="bbox 192 2200 1879 2270; baseline -0.008 -13"><span class='ocrx_word' id='word_1_225' title='bbox 192 2219 294 2257; x_wconf 88' lang='lat' dir='ltr'><strong>tum</strong></span> <span class='ocrx_word' id='word_1_226' title='bbox 311 2247 323 2270; x_wconf 80' lang='grc'><strong>.,</strong></span> <span class='ocrx_word' id='word_1_227' title='bbox 352 2208 466 2256; x_wconf 91' lang='lat' dir='ltr'><strong>dum</strong></span> <span class='ocrx_word' id='word_1_228' title='bbox 488 2205 748 2255; x_wconf 85' lang='lat' dir='ltr'><strong>Catholicos</strong></span> <span class='ocrx_word' id='word_1_229' title='bbox 763 2203 1038 2251; x_wconf 84' lang='lat' dir='ltr'><strong>Britannicae</strong></span> <span class='ocrx_word' id='word_1_230' title='bbox 1051 2200 1456 2263; x_wconf 79' lang='lat' dir='ltr'><strong>ditionisubJectos</strong></span> <span class='ocrx_word' id='word_1_231' title='bbox 1478 2200 1797 2247; x_wconf 72' lang='lat' dir='ltr'><strong>schismaticis</strong></span> <span class='ocrx_word' id='word_1_232' title='bbox 1809 2213 1879 2243; x_wconf 86' lang='lat' dir='ltr'><strong>ac-</strong></span> 
     </span>
     <span class='ocr_line' id='line_1_28' title="bbox 192 2280 1883 2345; baseline -0.008 -10"><span class='ocrx_word' id='word_1_233' title='bbox 192 2304 380 2335; x_wconf 89' lang='lat' dir='ltr'><strong>censere</strong></span> <span class='ocrx_word' id='word_1_234' title='bbox 397 2303 493 2332; x_wconf 90' lang='lat' dir='ltr'><strong>non</strong></span> <span class='ocrx_word' id='word_1_235' title='bbox 516 2293 764 2341; x_wconf 61' lang='lat' dir='ltr'><strong>verentur,</strong></span> <span class='ocrx_word' id='word_1_236' title='bbox 778 2281 825 2327; x_wconf 90' lang='lat' dir='ltr'><strong>in</strong></span> <span class='ocrx_word' id='word_1_237' title='bbox 842 2281 955 2327; x_wconf 89' lang='lat' dir='ltr'><strong>falso</strong></span> <span class='ocrx_word' id='word_1_238' title='bbox 968 2280 1207 2345; x_wconf 89' lang='lat' dir='ltr'><strong>supposito</strong></span> <span class='ocrx_word' id='word_1_239' title='bbox 1229 2280 1370 2326; x_wconf 89' lang='lat' dir='ltr'><strong>situm</strong></span> <span class='ocrx_word' id='word_1_240' title='bbox 1391 2287 1461 2325; x_wconf 90' lang='lat' dir='ltr'><strong>est</strong></span> <span class='ocrx_word' id='word_1_241' title='bbox 1477 2314 1489 2337; x_wconf 79' lang='lat'>‚</span> <span class='ocrx_word' id='word_1_242' title='bbox 1513 2295 1561 2324; x_wconf 92' lang='lat' dir='ltr'><strong>se</strong></span> <span class='ocrx_word' id='word_1_243' title='bbox 1581 2293 1753 2341; x_wconf 89' lang='lat' dir='ltr'><strong>nempe</strong></span> <span class='ocrx_word' id='word_1_244' title='bbox 1772 2292 1883 2340; x_wconf 89' lang='lat' dir='ltr'><strong>par-</strong></span> 
     </span>
     <span class='ocr_line' id='line_1_29' title="bbox 192 2351 1880 2418; baseline -0.008 -9"><span class='ocrx_word' id='word_1_245' title='bbox 192 2372 289 2409; x_wconf 91' lang='lat' dir='ltr'><strong>tem</strong></span> <span class='ocrx_word' id='word_1_246' title='bbox 308 2361 541 2409; x_wconf 87' lang='lat' dir='ltr'><strong>catholicae</strong></span> <span class='ocrx_word' id='word_1_247' title='bbox 556 2359 762 2407; x_wconf 86' lang='lat' dir='ltr'><strong>Ecclesiae</strong></span> <span class='ocrx_word' id='word_1_248' title='bbox 776 2357 955 2405; x_wconf 83' lang='lat' dir='ltr'><strong>efficere</strong></span> <span class='ocrx_word' id='word_1_249' title='bbox 972 2393 983 2415; x_wconf 61' lang='lat' dir='ltr'>a</span> <span class='ocrx_word' id='word_1_250' title='bbox 1009 2373 1114 2403; x_wconf 92' lang='lat' dir='ltr'><strong>cum</strong></span> <span class='ocrx_word' id='word_1_251' title='bbox 1133 2364 1291 2402; x_wconf 88' lang='lat' dir='ltr'><strong>tamen</strong></span> <span class='ocrx_word' id='word_1_252' title='bbox 1312 2354 1370 2401; x_wconf 86' lang='lat' dir='ltr'><strong>ab</strong></span> <span class='ocrx_word' id='word_1_253' title='bbox 1385 2370 1436 2401; x_wconf 82' lang='lat' dir='ltr'><strong>ea</strong></span> <span class='ocrx_word' id='word_1_254' title='bbox 1459 2353 1594 2401; x_wconf 80' lang='lat' dir='ltr'><strong>divisi</strong></span> <span class='ocrx_word' id='word_1_255' title='bbox 1617 2352 1756 2418; x_wconf 88' lang='lat' dir='ltr'><strong>plane</strong></span> <span class='ocrx_word' id='word_1_256' title='bbox 1769 2351 1880 2410; x_wconf 65' lang='lat' dir='ltr'><strong>sint,</strong></span> 
     </span>
     <span class='ocr_line' id='line_1_30' title="bbox 191 2427 1882 2504; baseline -0.008 -19"><span class='ocrx_word' id='word_1_257' title='bbox 191 2438 422 2504; x_wconf 89' lang='lat' dir='ltr'><strong>siquidem</strong></span> <span class='ocrx_word' id='word_1_258' title='bbox 446 2436 624 2484; x_wconf 91' lang='lat' dir='ltr'><strong>nullam</strong></span> <span class='ocrx_word' id='word_1_259' title='bbox 648 2453 752 2482; x_wconf 90' lang='lat' dir='ltr'><strong>cum</strong></span> <span class='ocrx_word' id='word_1_260' title='bbox 780 2438 879 2500; x_wconf 89' lang='lat' dir='ltr'><strong>ipsa</strong></span> <span class='ocrx_word' id='word_1_261' title='bbox 905 2450 990 2481; x_wconf 89' lang='lat' dir='ltr'><strong>nec</strong></span> <span class='ocrx_word' id='word_1_262' title='bbox 1023 2442 1267 2482; x_wconf 80' lang='lat' dir='ltr'><strong>externam</strong></span> <span class='ocrx_word' id='word_1_263' title='bbox 1296 2447 1381 2478; x_wconf 90' lang='lat' dir='ltr'><strong>nec</strong></span> <span class='ocrx_word' id='word_1_264' title='bbox 1412 2431 1649 2478; x_wconf 87' lang='lat' dir='ltr'><strong>internam</strong></span> <span class='ocrx_word' id='word_1_265' title='bbox 1677 2427 1882 2474; x_wconf 91' lang='lat' dir='ltr'><strong>habeant</strong></span> 
     </span>
     <span class='ocr_line' id='line_1_31' title="bbox 192 2503 1882 2576; baseline -0.008 -14"><span class='ocrx_word' id='word_1_266' title='bbox 192 2515 593 2573; x_wconf 87' lang='lat' dir='ltr'><strong>communionem,</strong></span> <span class='ocrx_word' id='word_1_267' title='bbox 627 2521 767 2576; x_wconf 85' lang='lat' dir='ltr'><strong>atque</strong></span> <span class='ocrx_word' id='word_1_268' title='bbox 791 2528 815 2556; x_wconf 93' lang='lat' dir='ltr'><strong>a</strong></span> <span class='ocrx_word' id='word_1_269' title='bbox 840 2508 1072 2557; x_wconf 82' lang='lat' dir='ltr'><strong>catholicae</strong></span> <span class='ocrx_word' id='word_1_270' title='bbox 1100 2509 1291 2556; x_wconf 88' lang='lat' dir='ltr'><strong>unitatis</strong></span> <span class='ocrx_word' id='word_1_271' title='bbox 1317 2516 1476 2555; x_wconf 88' lang='lat' dir='ltr'><strong>centro</strong></span> <span class='ocrx_word' id='word_1_272' title='bbox 1506 2522 1695 2572; x_wconf 87' lang='lat' dir='ltr'><strong>prorsus</strong></span> <span class='ocrx_word' id='word_1_273' title='bbox 1719 2503 1882 2551; x_wconf 84' lang='lat' dir='ltr'><strong>abhor-</strong></span> 
     </span>
     <span class='ocr_line' id='line_1_32' title="bbox 191 2578 1882 2652; baseline -0.011 -13"><span class='ocrx_word' id='word_1_274' title='bbox 191 2599 341 2639; x_wconf 88' lang='lat' dir='ltr'><strong>reant.</strong></span> <span class='ocrx_word' id='word_1_275' title='bbox 373 2591 462 2648; x_wconf 83' lang='lat' dir='ltr'><strong>Qui</strong></span> <span class='ocrx_word' id='word_1_276' title='bbox 490 2589 629 2652; x_wconf 82' lang='lat' dir='ltr'><strong>igitur</strong></span> <span class='ocrx_word' id='word_1_277' title='bbox 661 2586 934 2634; x_wconf 89' lang='lat' dir='ltr'><strong>schismatici</strong></span> <span class='ocrx_word' id='word_1_278' title='bbox 965 2585 1111 2633; x_wconf 76' lang='lat' dir='ltr'><strong>sunt?</strong></span> <span class='ocrx_word' id='word_1_279' title='bbox 1142 2586 1211 2632; x_wconf 87' lang='lat' dir='ltr'><strong>An</strong></span> <span class='ocrx_word' id='word_1_280' title='bbox 1239 2584 1334 2644; x_wconf 69' lang='lat' dir='ltr'><strong>illi7</strong></span> <span class='ocrx_word' id='word_1_281' title='bbox 1362 2583 1439 2649; x_wconf 90' lang='lat' dir='ltr'><strong>qui</strong></span> <span class='ocrx_word' id='word_1_282' title='bbox 1465 2578 1778 2631; x_wconf 87' lang='lat' dir='ltr'><strong>communioni</strong></span> <span class='ocrx_word' id='word_1_283' title='bbox 1805 2593 1882 2623; x_wconf 86' lang='lat' dir='ltr'><strong>ca·—</strong></span> 
     </span>
     <span class='ocr_line' id='line_1_33' title="bbox 192 2651 1883 2727; baseline -0.011 -13"><span class='ocrx_word' id='word_1_284' title='bbox 192 2666 374 2722; x_wconf 85' lang='lat' dir='ltr'><strong>tholicae</strong></span> <span class='ocrx_word' id='word_1_285' title='bbox 397 2665 605 2711; x_wconf 81' lang='lat' dir='ltr'><strong>Ecclesiae</strong></span> <span class='ocrx_word' id='word_1_286' title='bbox 634 2668 823 2727; x_wconf 88' lang='lat' dir='ltr'><strong>ejusque</strong></span> <span class='ocrx_word' id='word_1_287' title='bbox 847 2662 983 2727; x_wconf 90' lang='lat' dir='ltr'><strong>capiti</strong></span> <span class='ocrx_word' id='word_1_288' title='bbox 1004 2661 1203 2709; x_wconf 87' lang='lat' dir='ltr'><strong>fideliter</strong></span> <span class='ocrx_word' id='word_1_289' title='bbox 1225 2660 1469 2707; x_wconf 85' lang='lat' dir='ltr'><strong>adhaerent</strong></span> <span class='ocrx_word' id='word_1_290' title='bbox 1494 2667 1651 2707; x_wconf 90' lang='lat' dir='ltr'><strong>contra</strong></span> <span class='ocrx_word' id='word_1_291' title='bbox 1687 2651 1883 2719; x_wconf 86' lang='lat' dir='ltr'><strong>peculia—</strong></span> 
     </span>
     <span class='ocr_line' id='line_1_34' title="bbox 192 2727 1882 2802; baseline -0.009 -11"><span class='ocrx_word' id='word_1_292' title='bbox 192 2760 291 2791; x_wconf 85' lang='lat' dir='ltr'><strong>rem</strong></span> <span class='ocrx_word' id='word_1_293' title='bbox 309 2740 647 2789; x_wconf 89' lang='lat' dir='ltr'><strong>schismaticam</strong></span> <span class='ocrx_word' id='word_1_294' title='bbox 668 2737 912 2786; x_wconf 87' lang='lat' dir='ltr'><strong>Ecclesiam</strong></span> <span class='ocrx_word' id='word_1_295' title='bbox 930 2758 942 2797; x_wconf 65' lang='grc' dir='ltr'><strong>ς</strong></span> <span class='ocrx_word' id='word_1_296' title='bbox 974 2746 1054 2783; x_wconf 89' lang='lat' dir='ltr'><strong>aut</strong></span> <span class='ocrx_word' id='word_1_297' title='bbox 1073 2738 1228 2802; x_wconf 90' lang='lat' dir='ltr'><strong>potius</strong></span> <span class='ocrx_word' id='word_1_298' title='bbox 1254 2735 1467 2802; x_wconf 85' lang='lat' dir='ltr'><strong>Episcopi</strong></span> <span class='ocrx_word' id='word_1_299' title='bbox 1487 2734 1622 2795; x_wconf 75' lang='lat' dir='ltr'><strong>hujus</strong></span> <span class='ocrx_word' id='word_1_300' title='bbox 1639 2727 1882 2794; x_wconf 88' lang='lat' dir='ltr'><strong>peculiaris</strong></span> 
     </span>
     <span class='ocr_line' id='line_1_35' title="bbox 193 2804 1883 2880; baseline -0.011 -13"><span class='ocrx_word' id='word_1_301' title='bbox 193 2818 402 2867; x_wconf 84' lang='lat' dir='ltr'><strong>Ecclesiae</strong></span> <span class='ocrx_word' id='word_1_302' title='bbox 421 2853 433 2875; x_wconf 70' lang='lat'>,</span> <span class='ocrx_word' id='word_1_303' title='bbox 470 2815 596 2863; x_wconf 87' lang='lat' dir='ltr'><strong>nulla</strong></span> <span class='ocrx_word' id='word_1_304' title='bbox 621 2814 852 2880; x_wconf 89' lang='lat' dir='ltr'><strong>pollentes</strong></span> <span class='ocrx_word' id='word_1_305' title='bbox 875 2812 1228 2876; x_wconf 84' lang='lat' dir='ltr'><strong>jurisdictione,</strong></span> <span class='ocrx_word' id='word_1_306' title='bbox 1258 2812 1503 2874; x_wconf 87' lang='lat' dir='ltr'><strong>caeterique</strong></span> <span class='ocrx_word' id='word_1_307' title='bbox 1525 2807 1584 2854; x_wconf 92' lang='lat' dir='ltr'><strong>ad</strong></span> <span class='ocrx_word' id='word_1_308' title='bbox 1609 2823 1712 2853; x_wconf 90' lang='lat' dir='ltr'><strong>eam</strong></span> <span class='ocrx_word' id='word_1_309' title='bbox 1736 2804 1883 2868; x_wconf 79' lang='lat' dir='ltr'><strong>perti-</strong></span> 
     </span>
     <span class='ocr_line' id='line_1_36' title="bbox 193 2880 1881 2957; baseline -0.009 -16"><span class='ocrx_word' id='word_1_310' title='bbox 193 2906 357 2942; x_wconf 84' lang='lat' dir='ltr'><strong>nentes</strong></span> <span class='ocrx_word' id='word_1_311' title='bbox 376 2930 388 2951; x_wconf 82' lang='grc'><strong>.,</strong></span> <span class='ocrx_word' id='word_1_312' title='bbox 419 2892 498 2957; x_wconf 93' lang='lat' dir='ltr'><strong>qui</strong></span> <span class='ocrx_word' id='word_1_313' title='bbox 532 2890 590 2937; x_wconf 89' lang='lat' dir='ltr'><strong>ab</strong></span> <span class='ocrx_word' id='word_1_314' title='bbox 621 2890 832 2937; x_wconf 82' lang='lat' dir='ltr'><strong>Ecclesiae</strong></span> <span class='ocrx_word' id='word_1_315' title='bbox 863 2888 1137 2937; x_wconf 87' lang='lat' dir='ltr'><strong>universalis</strong></span> <span class='ocrx_word' id='word_1_316' title='bbox 1166 2888 1344 2934; x_wconf 89' lang='lat' dir='ltr'><strong>unitate</strong></span> <span class='ocrx_word' id='word_1_317' title='bbox 1368 2883 1592 2931; x_wconf 89' lang='lat' dir='ltr'><strong>recedunt</strong></span> <span class='ocrx_word' id='word_1_318' title='bbox 1615 2889 1662 2929; x_wconf 90' lang='lat' dir='ltr'><strong>et</strong></span> <span class='ocrx_word' id='word_1_319' title='bbox 1684 2880 1881 2927; x_wconf 88' lang='lat' dir='ltr'><strong>schisma</strong></span> 
     </span>
     <span class='ocr_line' id='line_1_37' title="bbox 195 2955 1882 3034; baseline -0.009 -16"><span class='ocrx_word' id='word_1_320' title='bbox 195 2972 352 3021; x_wconf 88' lang='lat' dir='ltr'><strong>fovere</strong></span> <span class='ocrx_word' id='word_1_321' title='bbox 385 2967 619 3034; x_wconf 76' lang='lat' dir='ltr'><strong>pergunt?</strong></span> <span class='ocrx_word' id='word_1_322' title='bbox 646 2965 865 3014; x_wconf 85' lang='lat' dir='ltr'><strong>Praeclare</strong></span> <span class='ocrx_word' id='word_1_323' title='bbox 901 2964 1179 3028; x_wconf 82' lang='lat' dir='ltr'><strong>Augustinus</strong></span> <span class='ocrx_word' id='word_1_324' title='bbox 1215 2964 1275 3010; x_wconf 92' lang='lat' dir='ltr'><strong>de</strong></span> <span class='ocrx_word' id='word_1_325' title='bbox 1306 2960 1526 3008; x_wconf 90' lang='lat' dir='ltr'><strong>Tichonio</strong></span> <span class='ocrx_word' id='word_1_326' title='bbox 1553 2957 1786 3006; x_wconf 88' lang='lat' dir='ltr'><strong>donatista</strong></span> <span class='ocrx_word' id='word_1_327' title='bbox 1818 2955 1882 3002; x_wconf 90' lang='lat' dir='ltr'><strong>lo-</strong></span> 
     </span>
    </p>
   </div>
  </div>
 </body>
</html>
