2028 3354
178 193 269 240 180

650 208 805 237 TRAG'r.
840 208 899 237 ’ΒΕ
934 209 1052 238 LOCIS
1088 210 1390 239 THEOLOGICIS.

171 323 464 373 ad-eamdem
492 319 718 366 traxerint
736 318 1042 379 seditionem,
1070 321 1199 368 illam
1228 339 1405 370 cessare
1430 339 1526 370 esse
1553 321 1823 369 catholicam
1839 358 1852 377 .,

170 401 277 464 quia
303 400 497 445 istorum
515 394 686 441 restitit
708 395 973 457 pervicaciae
991 430 1003 452 ,
1030 394 1355 445 inobedientiae
1376 406 1423 445 et
1444 397 1767 462 perduellioni.

233 475 347 521 286.
388 471 459 519 Ad
495 471 559 517 3¹¹¹
584 506 596 529 ,
635 473 747 533 Ney.
791 469 988 516 Ecclesia
1020 469 1249 535 siquidem
1286 472 1507 521 catholica
1547 490 1643 520 non
1680 472 1858 536 indiget

177 548 401 611 ejusmodi
420 546 564 611 copiis
585 545 883 592 auxiliaribus
904 545 964 592 ad
986 545 1337 594 inamissibilem
1362 565 1492 596 suam
1514 549 1634 599 hanc
1658 549 1860 613 proprie-

169 634 315 673 tatem
345 633 392 671 et
415 632 576 669 notam
607 621 932 668 catholicitatis
961 620 1337 668 constituendam
1364 632 1445 669 aut
1471 624 1854 672 conservandam.

170 703 274 766 ipsa
292 718 340 747 se
354 699 449 747 sola
467 716 524 746 ex
543 696 715 744 Christi
732 697 1026 743 institutione
1048 697 1178 743 fortis
1192 707 1278 744 est.
1305 699 1488 760 ignorat
1506 699 1721 763 proinde,
1746 699 1860 764 quid

168 779 262 824 sint
294 775 489 823 Ecclesia
519 789 693 837 graeca,
723 773 894 819 russica
919 780 1000 819 aut
1031 772 1299 835 anglicana3
1331 774 1443 831 scit,
1474 791 1522 821 se
1550 776 1732 822 unicam
1757 792 1858 823 esse

169 871 329 901 veram
364 851 640 908 Ecclesiam,
673 865 759 895 nec
786 848 942 912 plures
975 846 1073 894 dari
1104 865 1264 912 posse,
1295 866 1401 895 cum
1435 850 1644 897 Christus
1675 851 1859 898 unicam

168 929 447 985 instituerit3
469 926 571 973 illas
599 924 816 988 proinde,
833 939 934 988 quae
952 940 999 970 se
1022 922 1241 970 Ecclesias
1258 927 1438 985 jactant
1454 960 1467 982 ,
1492 926 1638 988 rejicit
1655 935 1705 972 ut
1728 926 1862 972 schis-

166 1008 360 1052 maticas
398 1013 538 1067 atque
570 1001 824 1060 haereticas,
857 999 1115 1063 eodemque
1152 999 1203 1046 in
1237 1015 1376 1046 censu
1405 1000 1574 1060 habet,
1613 1019 1665 1049 ac
1702 1001 1865 1048 habuit

168 1082 392 1140 Arianos,
422 1076 778 1126 Macedonianos
796 1111 808 1134 ,
845 1091 973 1122 nunc
1009 1090 1117 1124 vero
1147 1076 1371 1140 temporis
1398 1076 1685 1125 Lutheranos
1707 1115 1719 1137 ,
1758 1078 1864 1125 Cal—

169 1158 361 1204 vinistas
376 1192 388 1216 ‚
423 1153 794 1216 dissidentesque
823 1150 1027 1215 reliquos
1043 1186 1055 1209 ,
1078 1168 1193 1215 quos
1215 1152 1428 1212 rejiciunt
1448 1162 1494 1199 et
1516 1154 1625 1217 ipsae
1651 1171 1863 1199 commu-

167 1235 333 1281 niones
352 1247 495 1296 graeca
511 1264 524 1286 ,
552 1229 721 1275 russica
744 1237 791 1274 et
809 1227 1048 1290 anglicana
1076 1226 1204 1275 velut
1218 1226 1467 1274 haereticos.
1491 1230 1659 1275 Parum
1677 1238 1832 1276 autem
1848 1265 1860 1285 ,

167 1312 263 1358 imo
286 1308 404 1356 nihil
426 1307 570 1354 refert
590 1341 604 1365 ,
625 1304 752 1369 quod
776 1302 1008 1366 ejusmodi
1027 1311 1159 1350 sectae
1178 1319 1279 1350 sese
1296 1302 1541 1350 catholicas
1561 1313 1731 1352 vocent
1745 1340 1758 1363 ,
1788 1304 1864 1349 in-

168 1386 356 1434 terdum
384 1384 528 1432 etiam
552 1397 768 1428 romanas
796 1379 896 1443 (l);
921 1396 1033 1425 nam
1062 1379 1373 1443 usurpationis
1395 1379 1524 1427 facile
1538 1388 1797 1442 ¹arguuntur
1815 1380 1862 1425 in

172 1462 260 1508 hac
286 1457 670 1507 denominatione
686 1492 698 1515 ,
727 1462 869 1519 prout
901 1456 1057 1500 Patres
1078 1452 1336 1517 arguebant
1362 1462 1539 1501 veteres
1563 1463 1705 1501 sectas
1724 1489 1737 1514 ‚
1763 1472 1864 1519 quae

170 1537 384 1584 eamdem
405 1534 491 1581 sibi
512 1530 948 1579 denominationem
966 1546 1052 1594 per
1069 1547 1303 1576 summam
1321 1528 1662 1592 impudentiam
1684 1528 1863 1576 tribue-

170 1614 288 1661 bant
314 1613 403 1676 (2).
430 1612 525 1658 Nec
545 1608 671 1655 enim
701 1607 759 1653 de
788 1606 1009 1664 nomine,
1044 1604 1126 1652 sed
1147 1604 1205 1651 de
1234 1621 1283 1651 re
1309 1606 1622 1654 controversia
1651 1615 1733 1652 est.

230 1757 280 1806 (l)
311 1755 408 1794 Sane
418 1756 584 1802 societas,
595 1766 679 1804 quae
690 1766 725 1790 se
736 1758 843 1789 vocat
853 1762 986 1800 graeco-

174 1836 312 1860 russam
328 1851 338 1870 ,
375 1832 592 1873 quanquam
620 1818 715 1855 nihil
740 1816 875 1854 habeat
901 1829 987 1853 cum

176 1888 308 1927 Graecis
327 1900 525 1925 commune
545 1893 673 1936 praeter
701 1883 858 1921 schisma
876 1890 910 1919 et
928 1895 987 1919 er-

175 1969 298 2003 rores,
327 1968 403 1992 non
424 1953 542 1990 solum
564 1952 680 2002 plenis
703 1950 830 1988 buccis
862 1962 900 1987 se
922 1962 987 1999 ap-

178 2020 288 2072 pellat
320 2018 566 2057 orthodoxam
585 2046 595 2063 ‚
634 2013 891 2053 universalem
922 2027 987 2051 seu

175 2084 401 2124 catholicam
419 2112 430 2129 ‚
452 2084 516 2121 sed
543 2082 611 2120 sub
630 2081 742 2120 finem
770 2082 859 2119 anni
876 2079 990 2130 elapsi

177 2157 286 2205 coepit
320 2166 357 2191 se
388 2151 569 2203 appellare
606 2151 717 2188 etiam
750 2161 954 2186 romanam
974 2177 985 2195 ‚

177 2227 220 2257 ut
241 2219 386 2257 facilius
410 2216 542 2254 illudat
555 2214 709 2253 rudibus
731 2221 766 2252 et
785 2214 962 2263 imperitis
976 2241 987 2258 ‚

178 2285 336 2336 illosque
352 2285 404 2321 sic
425 2282 472 2320 ad
497 2283 690 2332 antiquam
721 2287 757 2318 et
781 2280 917 2316 avitam
944 2277 989 2314 fi-

180 2352 265 2388 dem
289 2358 326 2388 et
352 2349 553 2388 Ecclesiam
573 2345 857 2398 relinquendam
880 2352 991 2394 atque

181 2418 230 2454 ad
261 2416 558 2466 amplectendum
613 2401 788 2450 schisma*
821 2408 989 2448 adducat.

181 2481 341 2519 Adnotat
377 2482 476 2518 enim
511 2485 639 2517 auctor
665 2476 910 2528 supplementi
945 2474 991 2512 ad

182 2546 456 2597 ephemeridem
491 2550 732 2594 augustanam
776 2554 818 2591 ¹7
845 2540 991 2577 decem-

181 2613 259 2650 bris
304 2609 432 2663 1839,
465 2624 504 2648 n.
548 2606 621 2646 351
647 2637 656 2653 ,
691 2609 730 2644 in
759 2606 993 2657 ephemeride

183 2675 457 2728 Petropolitana
473 2704 483 2722 ‚
504 2687 585 2726 quae
601 2672 706 2723 Apis
722 2671 997 2723 septentriona-

182 2743 232 2781 lis
248 2748 485 2792 nuncupatur
500 2767 512 2787 ,
531 2751 686 2791 quaeque
694 2768 709 2786 ,
732 2745 772 2775 ut
794 2738 898 2775 aiunt
909 2767 924 2784 ,
938 2736 995 2787 of-

185 2807 330 2853 ficialis
350 2815 425 2852 est,
456 2805 609 2843 inscribi
641 2817 864 2857 synagogam
884 2805 994 2841 russi-

184 2889 267 2913 cam
286 2904 297 2922 ,
324 2885 453 2912 veram
469 2900 480 2917 ‚
515 2868 771 2909 universalem
804 2869 994 2906 unitatem

184 2938 383 2978 orientalis
420 2950 568 2975 nouum
604 2934 805 2974 Eccleaioe.
842 2933 896 2971 Ex
925 2931 987 2971 his

185 3004 496 3057 deprehendimus
518 3031 528 3051 ,
573 3008 610 3039 1⁰
643 3014 718 3039 non
755 2999 987 3039 obstantibus

1058 1751 1232 1790 omnibus
1253 1752 1426 1790 conviciis
1441 1779 1452 1797 ,
1474 1750 1610 1803 quibus
1631 1749 1678 1787 ad
1705 1749 1786 1786 haec
1805 1762 1867 1786 us-

1058 1831 1130 1868 que
1158 1826 1321 1869 tempora
1345 1816 1567 1854 schismatici
1586 1827 1776 1852 romanam
1797 1812 1867 1850 Ec-

1057 1885 1205 1922 clesiam
1233 1884 1388 1922 insecuti
1411 1891 1495 1920 sunt
1508 1910 1521 1931 ,
1543 1890 1583 1919 ut
1606 1895 1687 1919 eam
1705 1880 1867 1917 odiosam

1057 1950 1275 1995 redderent,
1297 1963 1358 1986 eos
1375 1956 1498 1986 tamen
1512 1961 1612 1985 nunc
1623 1960 1661 1984 se
1678 1945 1870 1983 honestare

1057 2013 1127 2051 hae
1153 2016 1231 2064 ipsa
1257 2013 1502 2064 appellatione
1523 2013 1570 2050 ad
1592 2011 1869 2049 venerationem

1059 2079 1128 2117 sibi
1155 2078 1440 2118 conciliandam.
1475 2077 1593 2115 Tanta
1618 2084 1671 2114 est
1700 2076 1753 2112 vis
1777 2074 1870 2111 veri-

1060 2146 1164 2182 tatis!
1193 2143 1525 2196 Deprehendimus‚
1541 2148 1585 2179 2⁰
1605 2147 1788 2192 quantum
1809 2139 1868 2175 in-

1059 2210 1212 2248 valuerit
1247 2208 1478 2260 impudentia
1509 2205 1607 2258 apud
1646 2206 1729 2243 illos
1760 2210 1870 2255 atque

1059 2278 1296 2328 praesumptio
1313 2305 1323 2323 ‚
1354 2283 1396 2313 ut
1420 2287 1497 2312 non
1524 2279 1719 2311 vereantur
1743 2284 1780 2308 se
1809 2281 1871 2307 ro-

1060 2354 1194 2379 manos
1221 2342 1367 2390 dicere3
1385 2354 1429 2378 ex
1446 2353 1520 2391 quo
1534 2339 1598 2385 fit,
1616 2340 1646 2374 si
1666 2350 1727 2375 eos
1752 2335 1874 2373 audia-

1059 2420 1168 2452 mus,
1200 2414 1240 2444 ut
1265 2406 1419 2444 romani
1446 2405 1533 2443 facti
1567 2403 1704 2441 fuerint
1736 2396 1843 2438 russi
1859 2428 1870 2445 ‚

1061 2472 1164 2509 russi
1211 2479 1335 2510 autem
1365 2470 1532 2508 romani.
1559 2468 1650 2520 Quis
1684 2467 1760 2505 haec
1798 2466 1870 2502 risu

1062 2551 1137 2575 non
1157 2538 1342 2589 excipiat?
1380 2536 1561 2574 mirabilis
1595 2533 1773 2586 profecto·
1794 2530 1870 2566 haee

1063 2611 1154 2641 esset
1179 2616 1302 2641 rerum
1324 2603 1531 2640 conversio.

1117 2668 1171 2720 (2)
1199 2667 1255 2705 En
1270 2663 1457 2719 quomodo
1471 2668 1567 2704 circa
1587 2664 1682 2701 hanc
1704 2659 1867 2698 denomi-

1064 2736 1250 2772 nationem
1274 2733 1441 2771 Ecclesiae
1462 2729 1646 2770 catholicae
1673 2739 1737 2763 sua
1768 2731 1870 2761 oetate

1062 2801 1183 2839 Patres
1202 2800 1373 2838 Ecclesiae
1386 2797 1611 2847 scripserint.
1625 2792 1720 2830 Cum
1737 2790 1763 2827 F
1767 2798 1867 2828 ortu-

1061 2869 1145 2905 nius
1163 2866 1343 2904 donatista
1357 2876 1462 2901 suam
1476 2867 1610 2900 sectam
1634 2858 1772 2908 ubique
1793 2862 1865 2894 ter-

1058 2945 1181 2970 rarum
1196 2930 1348 2982 reperiri
1375 2925 1573 2965 affirmaret
1594 2953 1604 2971 ,
1631 2922 1671 2961 S.
1694 2922 1866 2973 Augusti-

1055 3010 1124 3034 nus
1136 2996 1237 3047 petiit
1248 2994 1294 3032 ab
1304 3006 1346 3032 eo
1357 2991 1495 3031 litteras
1506 2987 1851 3030 communicatorias
