2028 3354
236 255 362 285 mar.
399 257 430 283 1.
472 254 588 284 sacr.
626 251 674 281 11.
709 252 809 282 cst.
848 252 919 282 111.
956 252 1010 280 mi
1046 251 1150 280 nar.
1190 250 1241 279 ar
1279 248 1379 279 mn.
1417 248 1541 278 rum.
1630 231 1725 279 443

45 368 182 415 etiam
202 375 307 431 post
326 364 513 412 Concilii
536 365 710 431 Nicaeni
735 364 974 413 decretum
997 365 1189 429 impune
1210 381 1306 411 non
1330 379 1498 428 paucos
1534 379 1728 411 consue-

43 445 162 491 visse
189 441 247 490 ab
265 442 490 489 haereticis
515 441 681 488 tinctos
705 442 875 489 iterum
898 440 1133 506 baptizare
1154 440 1239 503 (1),

111 519 222 566 640.
260 519 314 565 ln
351 535 484 565 causa
515 517 863 564 Donatistarum
906 516 1127 581 agebatur
1173 516 1346 579 pariter
1392 514 1449 562 de
1480 516 1739 580 quaestione·

44 596 149 642 facti
166 631 178 653 7
199 593 257 641 de
282 593 412 658 culpa
437 602 515 640 aut
533 593 794 640 innocentia
819 592 1059 640 Caeciliani.
1089 591 1319 637 Nimirum
1338 592 1382 637 S.
1407 590 1731 651 Melchiadem‘,

46 672 124 735 qui
148 673 244 732 ejus
269 679 523 716 asseruerat
551 669 864 716 innocentiam
881 704 893 726 7
917 666 1044 714 haud
1065 665 1173 713 satis
1197 676 1489 730 perspectam
1520 666 1741 714 habuisse·

48 745 278 794 Caeciliani
306 764 487 792 causam
514 744 802 810 excipiebant
824 743 1073 790 Donatistae
1098 778 1109 799 a
1140 759 1192 788 ac
1212 751 1458 805 propterea
1487 742 1656 788 iterum
1676 742 1734 789 ad

46 840 242 871 examen
265 823 312 868 in
339 821 539 869 Concilio
577 821 780 886 plenario
808 835 991 865 causam
1024 817 1153 864 illam
1182 816 1493 865 revocandam
1540 827 1736 865 conten-

47 898 237 947 debant.
262 898 494 961 Ejusmodi
514 906 666 943 autem
687 894 942 942 Concilium
965 895 1157 941 minime
1178 894 1490 941 necessarium
1515 909 1632 946 esse„
1662 893 1736 942 vel

48 975 146 1038 ipse
168 975 211 1021 S.
236 975 513 1037 Augustinus
539 972 684 1017 fassus
706 979 776 1017 est
797 971 882 1032 (2).

116 1049 226 1096 641.
265 1050 361 1097 Afri
377 1049 425 1094 in
443 1063 576 1094 causa
604 1046 772 1111 Apiarii
806 1062 963 1092 errore
999 1045 1104 1092 sacti
1133 1045 1315 1111 decepti
1340 1055 1470 1105 sunt,
1493 1045 1737 1109 haudqua-

49 1144 190 1190 quam
219 1122 639 1172 animadvertentes
655 1156 667 1179 ,
697 1138 895 1168 canones
914 1121 1205 1169 Sardicenses
1230 1124 1354 1169 inter
1369 1121 1576 1169 Nieaenos
1602 1137 1740 1168 cano—

52 1219 135 1249 nes
160 1200 382 1249 recenseri
413 1199 509 1263 (3)3
543 1207 589 1244 et
614 1197 688 1243 hic
709 1198 882 1262 pariter
915 1215 1048 1244 causa
1081 1197 1341 1261 agitabatur
1376 1196 1659 1263 personalis,
1691 1199 1743 1243 in
1773 1239 1779 1243 ,

52 1296 140 1342 qua
164 1276 373 1323 Pontifex
404 1275 554 1339 decipi
584 1282 782 1339 poterat.
800 1274 1094 1339 Quapropter
1113 1274 1301 1321 africani
1320 1273 1541 1338 praesules
1566 1274 1750 1339 impro-

51 1353 131 1400 bas
152 1361 337 1399 tantum
368 1350 700 1416 appellationes
727 1349 853 1397 haud
873 1350 1004 1398 facile
1032 1351 1169 1397 nimis
1203 1350 1386 1397 admitti
1419 1368 1444 1397 a
1464 1368 1583 1398 rom.
1612 1350 1746 1398 Pon-v

52 1427 249 1475 tificibus
279 1427 582 1493 exoptabant.

120 1504 230 1551 642.
273 1504 342 1551 Ad
369 1504 454 1562 21¹¹,
481 1505 607 1551 Dz'st.
626 1502 699 1551 Ob
724 1504 1029 1552 extrinsecam
1059 1506 1379 1551 auctoritatem
1397 1540 1409 1562 7
1442 1519 1546 1568 quae
1563 1503 1745 1566 exurgit

54 1598 113 1628 ex
138 1580 460 1642 conjunctione
483 1589 529 1626 et
559 1579 899 1644 conspiratione
929 1580 1090 1644 capitis
1117 1597 1169 1627 ac
1198 1579 1519 1627 membrorum
1544 1579 1595 1626 in
1623 1596 1745 1627 eam-

53 1657 161 1705 dem
190 1656 501 1714 sententiam,
543 1673 694 1711 conc.,·
735 1654 794 1702 ob
823 1656 1147 1703 auctoritatem
1178 1656 1478 1704 intrinsecam
1496 1692 1508 1715 .,
1533 1671 1636 1720 quae
1666 1672 1746 1701 su-

53 1734 296 1797 perveniat
326 1733 602 1780 Pontificum
628 1731 822 1780 decretis
839 1768 852 1792 ,
889 1739 990 1796 neq.
1008 1768 1010 1770 -
1030 1731 1150 1779 Illud
1183 1732 1232 1779 in
1257 1732 1418 1798 primis
1445 1730 1747 1781 animadver-

56 1809 224 1868 timus,
269 1816 398 1855 extra
442 1818 753 1872 praesentem,
783 1826 925 1873 quam
955 1809 1206 1871 agitamus,
1249 1810 1611 1857 controversiam
1649 1807 1749 1854 haec

57 1884 208 1947 urgeri
237 1883 295 1931 ab
323 1884 613 1932 adversariis.
643 1884 812 1931 Omnia
842 1885 969 1932 enim
999 1884 1199 1932 Concilia
1227 1884 1305 1931 illa
1329 1894 1580 1933 convocata
1598 1920 1611 1943 a
1632 1882 1749 1931 cele-

58 1959 190 2006 brata
216 1994 229 2018 a
266 1968 345 2006 aut
375 1960 541 2007 saltem
573 1961 846 2008 confirmata
863 1970 974 2008 sunt
989 1978 1015 2007 a
1037 1978 1153 2008 rom.
1176 1960 1473 2009 Pontificibus
1493 1997 1506 2020 a
1527 1961 1594 2007 uti
1611 1959 1753 2027 paulo

62 2045 169 2100 post
198 2035 513 2082 ostendemus.
545 2037 598 2083 In
626 2054 731 2084 casu
760 2046 916 2084 autem
947 2046 1106 2084 nostro
1134 2039 1324 2103 quaestio
1356 2046 1426 2085 cst
1452 2037 1512 2085 de
1545 2037 1751 2085 Concilio

62 2109 292 2159 celebrato
322 2110 495 2177 absque
527 2113 774 2171 Pontifice,
805 2122 852 2160 et
877 2113 938 2160 ad
961 2114 1230 2162 Pontificem
1259 2113 1541 2179 cogendum.
1574 2111 1752 2177 Ageba-

63 2194 140 2232 tur
173 2195 393 2251 praeterea
429 2188 478 2234 in
514 2187 604 2234 illis
637 2188 851 2236 Conciliis
891 2189 948 2236 de
981 2189 1230 2238 haeresibus
1262 2190 1539 2237 damnandis
1571 2198 1619 2237 et
1660 2189 1755 2237 fide

68 2261 287 2309 catholica
311 2263 581 2323 asserenda3
604 2281 744 2311 nemo
762 2274 918 2312 autem
940 2283 1058 2312 unus
1077 2265 1336 2327 dubitavit,
1361 2284 1477 2313 rom.
1509 2266 1752 2314 Pontifices

65 2336 259 2384 decretis
287 2339 622 2399 Conciliorum,
645 2358 748 2405 quae
775 2340 831 2388 ab
858 2341 968 2406 ipsis
985 2341 1179 2406 probata
1198 2342 1370 2389 fuerint
1393 2352 1440 2389 et
1459 2343 1750 2402 confirmata⁷

66 2414 117 2460 in
140 2412 248 2459 fidei
274 2416 472 2463 articulis
501 2416 676 2479 subjici.
703 2417 788 2464 Hic
810 2434 921 2465 vero
946 2418 1094 2481 agitur
1117 2417 1174 2466 de
1209 2419 1256 2466 vi
1285 2419 1487 2467 coactiva
1523 2418 1758 2467 Concilio-

0 2557 1 2562 1
68 2506 173 2536 rum
199 2491 484 2555 generalium
506 2494 555 2539 in
580 2511 701 2541 rom.
727 2494 968 2542 Pontifices
1003 2494 1120 2542 circa
1144 2512 1245 2543 rem
1278 2494 1639 2560 disciplinarem.
1672 2497 1760 2544 De-

126 2642 178 2693 (l)
208 2641 288 2680 cfr.
307 2657 388 2695 quae
405 2645 613 2695 scripsimus
638 2647 678 2682 in
700 2653 802 2685 tract.
823 2645 882 2686 De
947 2646 1131 2698 africanoe
1172 2648 1225 2686 ad
1261 2662 1356 2686 rom.
1394 2648 1526 2687 Sedem
1567 2648 1759 2687 dissertat.

72 2706 247 2746 Sacram.
276 2709 318 2744 iuv
341 2721 497 2758 ywere,
521 2722 599 2760 cap.
628 2722 693 2758 111,
711 2724 817 2762 prop.
841 2725 853 2749 1
869 2741 879 2759 ‚
948 2711 1348 2766 Romae1722‚cap.5‚
1363 2727 1431 2753 nec
1443 2728 1520 2752 non
1533 2712 1762 2751 Ballerin.in

72 2787 112 2811 n.
143 2772 218 2811 116
239 2782 271 2811 et
294 2788 394 2826 seqq.
659 2800 673 2810 0
957 2776 1195 2816 Tractatude
1204 2780 1466 2830 antiquilatum
1475 2778 1587 2817 editis
1597 2779 1761 2816 iumine-

127 2838 180 2888 (2)
212 2838 289 2877 Csr.
303 2839 502 2889 Roncaglia
519 2869 529 2886 ‚
551 2840 592 2877 in
606 2839 824 2880 Animadv.
838 2841 884 2879 ad
950 2842 1044 2881 ditis
1057 2842 1332 2882 collectionibus
1347 2857 1538 2882 canonum
1553 2873 1563 2892 ,
1583 2851 1675 2883 tom.
1694 2856 1735 2881 m
1748 2870 1760 2890 ,

75 2903 164 2941 diss.
186 2917 244 2949 xv,
268 2918 341 2943 sec.
366 2919 409 2943 xv
433 2912 468 2943 et
501 2918 585 2954 xvi,
610 2904 745 2943 Natalis
764 2935 773 2953 ‚
801 2904 821 2958 §
844 2904 885 2945 8.
952 2922 1037 2959 opp.
1058 2906 1096 2946 S.
1111 2909 1257 2948 Leonis.
1283 2918 1376 2961 part.
1403 2922 1456 2958 11,
1480 2923 1561 2961 cap.
1596 2922 1609 2947 1
1632 2938 1643 2956 ‚
1669 2906 1690 2960 §
1712 2909 1762 2958 ὃς

132 2966 184 3018 (3)
214 2967 294 3007 Cfr.
316 2968 420 3008 Marii
439 2971 578 3009 Anton.
601 2969 766 3022 Cappelli
792 2969 883 3011 Ord.
953 2973 1145 3013 Marchetti
1161 3004 1172 3022 ‚
1200 2973 1273 3014 Del
1300 2974 1470 3014 Concilio
1495 2975 1539 3014 di
1565 2973 1759 3023 Sarda-a,

77 3032 257 3073 Convent.
274 3033 338 3073 De
362 3034 684 3088 appellationibus
699 3035 885 3077 Eccleeiae
955 3046 1061 3091 part..
1082 3052 1108 3077 11
1123 3069 1135 3088 ‚
1161 3038 1182 3093 S
1206 3038 1230 3078 5
1247 3070 1257 3089 ‚
1288 3054 1329 3079 n.
1350 3037 1396 3078 61
1428 3048 1464 3080 et
1489 3054 1592 3093 seqq.
1651 3053 1653 3055 ’
