2028 3354
210 235 271 281 86
682 249 841 280 rasc'r.
880 250 933 279 nu
969 250 1083 281 roms
1118 251 1414 282 rnnoroclcls.
1476 225 1480 229 ”

897 362 1093 410 CAPUT
1128 365 1210 412 ΙΙΙ.

821 487 878 516 ΒΕ
908 486 1126 516 ECCLESIAE
1159 488 1303 519 NO'rls.

276 590 383 637 146.
421 589 469 635 Si
495 588 692 636 Ecclesia
724 587 893 635 Christi
933 588 1095 636 vivens
1116 596 1185 635 est
1202 589 1250 637 vi
1267 592 1417 638 mutui
1442 591 1563 638 illius
1596 592 1854 640 commercii
1872 628 1885 652 .‚

208 665 334 732 quod
358 666 399 713 ei
430 663 766 713 vindicavimus
784 700 796 723 7
820 664 945 710 inter
969 664 1173 711 animam
1193 672 1239 711 et
1271 681 1433 730 corpus
1451 702 1463 723 ,
1486 666 1651 731 quibus
1671 677 1851 715 constat
1873 704 1885 727 ,

210 741 349 790 debet
381 740 636 788 necessario
672 739 893 803 distingui
923 738 981 785 ab
1012 738 1065 784 iis
1100 740 1255 786 nothis
1292 757 1343 787 ac
1366 742 1531 805 spuriis
1564 744 1887 807 societatibus,

209 836 311 883 quae
336 817 423 864 sibi
452 815 660 863 Ecclesiae
686 816 878 880 gloriam
903 813 1144 876 vindicant
1162 851 1174 874 .,
1211 833 1261 862 ac
1288 834 1462 864 nomen
1497 817 1685 882 quidem
1707 819 1885 867 habent

212 894 336 960 quod
355 894 534 952 vivant⁷
548 902 596 939 at
618 894 766 958 reipsa
784 899 979 938 mortuae
998 899 1121 938 sunt.
1140 891 1438 956 Deprehendi
1454 902 1610 939 autem
1624 894 1761 942 debet
1781 912 1891 944 vera

212 970 383 1018 Christi
399 968 595 1016 Ecclesia
617 986 702 1034 per
720 968 870 1031 signa,
892 984 994 1032 quae
1013 966 1062 1012 in
1080 968 1290 1014 omnium
1313 967 1465 1014 oculos
1487 968 1619 1016 facile
1634 970 1889 1027 incurrant,

211 1064 263 1094 ac
289 1047 410 1093 illius
439 1046 502 1092 ita
526 1045 620 1092 sint
653 1044 841 1110 propria
860 1079 873 1102 7
904 1051 956 1088 ut
982 1041 1100 1088 nulli
1122 1043 1197 1089 alii
1221 1043 1454 1102 societati,
1483 1060 1582 1108 quae
1603 1045 1773 1092 Christi
1794 1062 1891 1091 non

212 1124 270 1170 sit
286 1160 299 1183 ‚
321 1121 569 1171 convenire
594 1121 790 1186 possint.
835 1121 943 1168 Haec
967 1136 1104 1183 porro
1123 1119 1251 1182 signa
1266 1155 1278 1179 ,
1303 1119 1589 1167 characteres
1626 1138 1704 1167 seu
1724 1120 1894 1168 indicia

214 1217 266 1247 ea
289 1208 427 1258 sunt,
456 1215 559 1263 quae
586 1197 724 1260 vulgo
745 1205 879 1242 notas
905 1212 1230 1259 nuncupamus
1260 1195 1347 1259 (l).

282 1276 391 1322 147.
432 1276 513 1321 Hae
544 1283 690 1332 notae7
717 1288 816 1337 quae
847 1280 1073 1336 praestant
1092 1281 1144 1317 ut
1167 1271 1364 1334 cognitio
1386 1269 1519 1317 nobis
1544 1286 1663 1318 verae
1684 1269 1893 1318 Ecclesiae

214 1351 455 1414 affulgeat,
479 1368 576 1396 non
598 1349 773 1397 debent
794 1348 854 1394 ad.
872 1347 1117 1394 arbitrium
1139 1347 1363 1410 confingi3
1385 1346 1587 1411 alioquin
1608 1362 1895 1411 unaquaeque

220 1436 341 1474 secta
361 1427 489 1491 prius
507 1434 660 1482 notas,
692 1442 794 1489 quae
813 1423 956 1486 magis
982 1422 1068 1469 sibi
1086 1423 1338 1480 arriserint,
1356 1423 1558 1487 reperiet
1575 1457 1588 1481 ,
1620 1438 1786 1486 easque
1809 1420 1895 1468 sibi

218 1502 436 1567 deinceps
461 1499 776 1563 adjudicabit,
808 1508 862 1544 ut
887 1516 936 1545 se
967 1498 1101 1544 unice
1131 1515 1291 1545 veram
1321 1514 1418 1544 esse
1450 1496 1622 1543 Christi
1648 1496 1895 1544 Ecclesiam

217 1578 410 1637 inferat3
443 1576 692 1641 nullusque
717 1575 803 1622 erit
829 1575 1155 1621 controversiae
1182 1574 1332 1620 exitus
1356 1608 1369 1630 ,
1398 1572 1466 1618 uti
1499 1572 1649 1636 reipsa
1668 1571 1726 1618 ab
1749 1571 1898 1619 haere—

219 1655 318 1701 ticis
352 1670 536 1718 semper
559 1653 734 1699 factum
760 1660 829 1698 est
857 1651 946 1713 (2).
973 1648 1155 1695 Debent
1182 1647 1378 1713 proinde
1405 1656 1534 1694 notae·
1562 1664 1621 1695 ex
1648 1648 1813 1694 intima
1846 1663 1899 1694 ac

216 1730 448 1778 essentiali
483 1728 626 1793 ipsius
663 1726 870 1775 Ecclesiae
901 1743 925 1771 a
966 1724 1147 1771 Christo
1179 1724 1404 1770 institutae
1443 1723 1774 1770 constitutione
1816 1740 1896 1770 sua

217 1815 382 1871 sponte
413 1804 580 1852 enasci.

220 1939 271 1975 sit
294 1937 487 1987 περσεία-ιη
506 1930 587 1972 *illis
602 1934 800 1984 (baereticis
814 1933 844 1983 )‚
859 1944 935 1969 non
947 1930 1024 1968 eth-

219 2004 326 2040 nicos
348 1999 615 2046 convertendi,
657 1998 723 2036 sed
744 2005 890 2035 nostros
919 2010 1023 2034 ever-

220 2067 326 2107 tendi
338 2068 364 2105 f>
382 2065 500 2104 Hanc
520 2066 645 2116 Μαρία
666 2064 829 2116 yloriam
855 2068 1022 2114 captant,

222 2135 260 2172 si
285 2132 475 2172 stantibus
496 2132 655 2169 ruinam
676 2160 687 2177 ,
713 2142 792 2167 non
812 2131 850 2167 si
854 2129 1026 2181 jacenti-

226 2201 296 2238 bus
319 2198 562 2237 elevationem
600 2201 850 2247 moerentum„
886 2194 1026 2231 Nostra

228 2265 442 2318 suffodiunt
460 2293 470 2310 ‚
490 2269 532 2300 ut
562 2275 636 2299 sua
654 2261 852 2311 aedificent.
876 2259 956 2297 Cfr.
987 2261 1026 2296 in

223 2334 325 2370 hunc
342 2338 481 2369 textum
491 2336 587 2366 notae
597 2327 637 2367 P.
663 2326 713 2364 La
729 2325 846 2363 Cerda
861 2352 873 2371 ,
893 2339 933 2362 n.
951 2322 1029 2374 244

224 2407 258 2436 et
280 2411 387 2448 seqq.

277 2462 330 2511 (l)
360 2459 612 2498 Bellarminus
629 2487 640 2504 ,
673 2456 738 2494 De
755 2454 928 2494 Ecclesia
952 2455 1027 2491 mi—

223 2526 356 2564 litante
378 2553 388 2570 ‚
414 2523 480 2562 lib.
498 2538 553 2568 iv,
573 2536 654 2573 cap.
677 2534 700 2558 2
715 2551 726 2567 ‚
754 2529 822 2558 tres
844 2517 1027 2558 conditio-

230 2605 295 2630 nes
314 2591 471 2640 assignat
491 2618 502 2636 ,
529 2601 609 2640 quae
639 2597 856 2624 concurrere
894 2584 1030 2623 debent

223 2656 270 2695 ad
282 2666 388 2700 *veras
404 2661 512 2690 notas
537 2649 841 2689 constituendas:
869 2654 906 2686 1⁰
930 2649 1027 2701 quod

225 2720 383 2759 debeant
402 2731 477 2756 esse
498 2718 669 2768 propriae
693 2723 729 2754 et
756 2728 831 2752 non
860 2727 1028 2752 commu-

222 2799 318 2833 nes;
343 2791 385 2822 2⁰
419 2782 580 2821 debeant
608 2796 685 2820 esse
714 2781 876 2819 notiores
899 2794 940 2818 ea
964 2794 1026 2828 re,

225 2853 329 2904 cujus
351 2856 436 2888 sunt
457 2856 552 2886 notae
573 2860 584 2897 3
620 2848 663 2885 3⁰
694 2846 851 2884 debeant
871 2859 948 2884 esse
971 2846 1031 2883 in·

227 2913 452 2969 separabiles
472 2927 492 2952 a
509 2927 593 2952 vera
614 2912 790 2960 Ecclesia,
806 2912 911 2963 cujus
935 2918 1031 2949 notae

227 2989 324 3020 sunt.
348 2979 445 3032 Quas
468 2978 621 3031 quidem
636 2976 867 3017 conditiones
891 2976 1031 3016 ibidem

229 3046 308 3085 fuse
327 3044 472 3084 evolvit.

1145 1930 1196 1980 (2)
1227 1929 1306 1968 Cfr.
1344 1928 1519 1967 Bellarm.
1555 1929 1625 1966 loc.
1659 1932 1723 1967 cit.
1751 1928 1815 1967 ubi
1836 1942 1894 1967 re-

1092 2004 1213 2034 censet
1243 2002 1349 2032 notas
1376 1994 1423 2032 ab
1446 1995 1623 2032 haereticis
1645 1996 1864 2047 excogitatas
1885 2023 1895 2039 ‚

1092 2060 1368 2112 ostendititque‚
1387 2073 1446 2097 eas
1459 2059 1719 2099 insufficientes
1731 2073 1774 2098 ac
1793 2062 1900 2110 inep-

1093 2134 1145 2164 tas
1171 2140 1250 2165 esse
1272 2125 1318 2163 ad
1342 2126 1565 2176 propositam
1587 2126 1867 2177 inquisitionem
1885 2136 1897 2173 ;

1092 2199 1179 2229 sunt
1203 2198 1325 2229 autem
1348 2196 1384 2227 1⁰
1407 2202 1490 2228 vera
1512 2197 1547 2227 et
1570 2189 1782 2241 incorrupta
1808 2202 1898 2239 prae-

1094 2257 1227 2295 dicatio
1251 2255 1438 2306 Evangelii
1463 2283 1472 2300 ‚
1496 2260 1537 2291 2⁰
1562 2254 1725 2304 legitima
1746 2255 1901 2292 admini-

1094 2324 1216 2360 stratio
1229 2321 1404 2373 Baptismi
1419 2351 1429 2368 ‚
1459 2320 1501 2359 3⁰
1523 2320 1705 2372 legitimus
1727 2335 1812 2358 usus
1823 2320 1900 2358 Eu-

1094 2388 1270 2425 charistia·
1286 2414 1298 2433 ‚
1326 2385 1370 2436 4⁰
1396 2386 1576 2436 legitimus
1600 2400 1687 2424 usus
1710 2386 1869 2424 clavium
1888 2415 1898 2431 ‚

1096 2450 1138 2489 5⁰
1173 2450 1335 2502 legitima
1366 2451 1495 2489 electio
1533 2451 1814 2498 ministrorum,
1854 2447 1898 2487 6ο

1096 2517 1209 2554 oratio
1234 2515 1381 2567 publica
1401 2545 1411 2562 ‚
1442 2515 1644 2567 psalmodia
1671 2523 1706 2555 et
1730 2514 1901 2553 catechis-

1096 2595 1178 2619 mus
1214 2580 1340 2632 lingua
1385 2579 1525 2632 vulgari
1548 2607 1562 2628 ‚
1605 2586 1646 2633 7⁰
1686 2580 1902 2632 mysterium

1095 2647 1212 2684 crucis
1233 2676 1243 2693 ,
1279 2646 1317 2683 id
1347 2654 1428 2692 est,
1459 2645 1710 2684 tribulationes
1732 2645 1834 2681 intus
1868 2651 1904 2682 et

1096 2719 1199 2749 extra
1212 2742 1222 2760 ,
1237 2710 1391 2763 aliaeque
1408 2710 1585 2763 ejusmodi
1602 2716 1725 2760 postea
1738 2710 1901 2746 invectae.

1096 2775 1217 2815 Etiam
1232 2775 1458 2815 Guillelmus
1483 2775 1627 2813 Palmer
1643 2802 1655 2816 ,
1681 2775 1721 2811 in
1747 2788 1809 2826 op.
1836 2776 1899 2812 cit.

1097 2839 1153 2880 De
1175 2841 1354 2880 Ecclesia
1374 2840 1522 2879 Christi
1534 2869 1544 2886 ,
1572 2847 1669 2890 part.
1696 2853 1711 2877 1
1725 2870 1736 2887 ‚
1762 2854 1845 2892 cap.
1859 2851 1900 2888 2,

1097 2908 1258 2946 excludit
1279 2908 1343 2946 has
1368 2907 1524 2944 diversas
1541 2912 1645 2943 notas
1659 2935 1669 2953 ‚
1697 2907 1898 2957 praesertim
1927 2904 1937 2917 ⁸

1098 2989 1195 3024 eam,
1210 2988 1291 3027 quae
1298 2974 1469 3013 statuitur
1479 2974 1519 3010 in
1532 2972 1689 3011 veritate
1706 2973 1899 3020 doctrinm,

1099 3054 1185 3079 cum
1219 3039 1376 3080 maxima
1412 3039 1607 3077 hominum
1646 3053 1727 3092 pars
1764 3038 1900 3079 idonea
