2028 3354
1709 190 1806 238 275

429 208 557 237 PART.
594 208 625 237 1.
665 206 760 238 GAP.
798 207 865 238 lv.
896 207 953 238 DE
989 208 1207 238 ECCLESIAE
1243 207 1443 237 nonnus.

107 323 247 370 etiam
270 331 315 370 et
341 321 627 387 corporales7
657 320 854 386 perinde
876 331 946 368 est
966 358 978 380 ,
1005 323 1101 369 sive
1126 322 1323 369 Ecclesia
1343 338 1446 369 eam
1473 331 1685 371 exerceat
1711 323 1805 369 im-

106 398 307 446 mediate
334 415 419 464 per
445 414 521 456 se,
542 398 640 445 sive
672 415 756 464 per
782 397 1019 462 Principes
1044 398 1211 457 laicos;
1241 399 1336 445 imo
1368 398 1581 446 addimus
1598 435 1611 459 ,
1638 398 1802 447 Eccle—

106 477 249 536 siam,
280 475 432 541 quoad
466 492 629 524 earum
657 475 1016 539 irrogationem,
1049 467 1233 523 diversa
1255 477 1436 523 ratione
1469 485 1518 524 et
1541 476 1687 540 gradu
1718 496 1804 543 pro

105 558 401 618 temporum,
434 551 643 600 locorum
681 569 733 599 ac
776 568 933 599 rerum
968 551 1196 613 adjunctis
1236 568 1335 599 sese
1374 553 1564 615 gessisse
1600 554 1691 620 (l).
1725 556 1807 603 His

104 629 348 694 praemissis
367 665 379 688 ,
402 630 461 675 sit

781 756 1124 800 PROPOSITIO.

103 898 321 945 Ecclesia
351 898 587 943 divinitus
617 898 802 959 accepit
819 902 1121 956 potestatem,
1154 896 1549 958 independentem
1573 905 1717 961 atque
1734 915 1811 945 su.-
1856 941 1863 954 x

165 991 411 1037 premam,
440 972 695 1020 sanciendi
705 989 799 1036 -per
819 972 936 1035 leqes
963 974 1243 1019 eoeteriorem
1271 971 1586 1036 disciplinam
1602 1009 1618 1031 ,
1642 992 1809 1040 coqcn-
1865 988 1867 991 '

171 1051 313 1113 dique
331 1049 490 1111 fideles
517 1048 586 1093 ad
605 1064 776 1093 earum
801 1047 1200 1106 observationem,
1232 1055 1277 1094 et
1301 1050 1553 1096 coercendi
1579 1052 1812 1099 salutari·

172 1127 260 1172 hus
272 1127 434 1189 poem‘s
453 1124 608 1170 devios
633 1132 676 1170 et
691 1131 1012 1170 contumaces.
1707 1114 1713 1121 ’

171 1266 283 1313 415.
323 1266 433 1312 Tres
462 1274 617 1330 partes
648 1264 792 1313 habet
824 1265 1106 1329 propositio,
1149 1258 1374 1313 nimirum
1418 1268 1468 1313 1ο
1499 1268 1748 1319 Ecclesiam
1783 1290 1810 1319 a

105 1344 201 1390 Deo
237 1342 465 1407 accepisse
490 1350 764 1404 potestatem
793 1343 1050 1388 sanciendi
1067 1359 1161 1405 per
1185 1344 1302 1407 leqes
1346 1349 1627 1393 exteriorem
1669 1349 1810 1396 disci-

98 1421 296 1484 plinam
313 1436 329 1474 ,·
358 1420 414 1465 2⁰
439 1418 562 1465 hanc
594 1426 876 1483 potestatem
909 1419 959 1465 in
989 1418 1153 1465 ordine
1179 1436 1263 1465 suo
1289 1420 1680 1484 independentem
1711 1441 1810 1472 esse

105 1505 243 1562 atque
273 1512 580 1559 supremam;
605 1495 656 1542 30
687 1494 903 1543 eamdem
927 1511 1023 1542 esse
1049 1500 1330 1544 coactivam.
1367 1498 1484 1544 Cum
1507 1516 1620 1547 vero
1645 1503 1809 1549 arctis-

107 1573 224 1619 simo
249 1589 375 1619 nexu
403 1572 497 1618 sint
516 1571 743 1634 ejusmodi
766 1580 922 1637 partes
946 1572 1071 1619 inter
1089 1589 1138 1619 se
1158 1573 1453 1632 consociatae,
1477 1574 1581 1623 ideo
1601 1595 1687 1642 per
1706 1597 1810 1626 mo-

108 1648 220 1695 dum
249 1649 387 1695 unius
418 1648 481 1694 sic
510 1647 611 1693 illas
642 1647 916 1696 evincimus.

172 1724 282 1771 416.
321 1723 516 1771 Ecclesia
545 1724 770 1772 divinitus
811 1724 1040 1771 instructa
1082 1734 1150 1772 est
1185 1734 1422 1791 potestate
1456 1729 1810 1795 independente

106 1810 247 1866 atque
280 1817 498 1866 suprema
529 1800 761 1847 condendi
792 1799 913 1863 leges
946 1799 1299 1866 disciplinareS,
1332 1819 1479 1869 eaque
1510 1809 1741 1867 coactiva,
1772 1811 1811 1858 si

107 1877 157 1924 id
179 1878 332 1941 exigat
351 1877 449 1942 ipsa
485 1876 688 1924 Ecclesiae
718 1877 1062 1924 constitutionis
1087 1887 1254 1925 natura
1274 1915 1286 1938 7
1315 1890 1458 1944 prout
1480 1899 1505 1928 a
1527 1882 1711 1932 Christo
1732 1886 1808 1932 in-

109 1956 271 2003 stituta
293 1964 389 2011 est,
409 1963 456 2001 et
476 1955 513 2001 si
534 1963 757 2019 praeterea
772 1971 829 2001 ex
851 1953 1022 2000 Christi
1046 1953 1339 2003 ordinatione
1358 1958 1586 2019 ejusmodi
1609 1970 1809 2026 potesta—

109 2041 207 2082 tem
226 2032 397 2098 jugiter
422 2032 716 2079 exercuerint
748 2030 957 2095 Apostoli
976 2048 1232 2097 eorumque
1265 2049 1563 2083 successores.
1582 2038 1738 2103 Atqui.

177 2108 290 2156 417.
330 2108 450 2155 Sane
476 2111 610 2170 juxta
639 2107 865 2154 hactenus
896 2107 1129 2154 vindicata
1162 2108 1371 2156 Christus
1395 2111 1643 2160 Ecclesiam
1676 2132 1808 2162 suam

113 2184 258 2232 veluti
275 2186 544 2232 societatem
559 2223 572 2240 ,
598 2185 648 2231 in
673 2184 836 2231 ordine
858 2201 940 2231 suo
959 2184 1213 2249 perfectam
1228 2222 1241 2246 ,
1265 2188 1453 2251 proprie
1475 2187 1646 2236 dictam
1660 2201 1707 2238 et
1730 2209 1810 2238 ex—

173 2340 227 2390 (l)
255 2338 324 2377 Hie
342 2351 450 2390 porro
470 2338 671 2391 detegenda
692 2347 747 2378 est
777 2338 926 2377 illorum

116 2407 215 2445 fraus
230 2435 241 2453 ‚
255 2407 340 2457 qui,
358 2411 401 2442 ut
418 2405 584 2444 odiosam
604 2405 775 2444 Ecclesiae
793 2407 926 2444 coacti-

116 2485 204 2510 vam
227 2477 441 2523 potestatem
466 2471 630 2510 efficiant
644 2500 656 2519 ‚
691 2485 772 2510 eam
795 2472 846 2510 ita
867 2485 925 2510 re-

116 2538 270 2585 ferunt,
298 2535 454 2588 perinde
475 2550 518 2575 ac
541 2540 571 2576 si
602 2537 665 2575 illa
688 2550 830 2589 semper
848 2550 922 2589 prae

118 2604 295 2643 manibus
311 2603 452 2642 serrum
473 2610 510 2640 et
523 2604 646 2654 ignem
664 2611 817 2654 gereret.
834 2602 926 2655 Quae

118 2669 248 2722 agendi
272 2678 307 2708 et
334 2667 513 2720 loquendi
533 2668 628 2705 ratio
651 2681 762 2720 quam
789 2668 929 2706 calum-

118 2737 223 2775 niosa
247 2737 293 2774 sit
320 2742 355 2774 et
386 2732 566 2787 injuriosa
602 2733 771 2772 Ecclesiae
786 2764 796 2781 ,
818 2747 928 2771 nemo

121 2808 176 2839 est
196 2803 262 2854 qui
284 2814 362 2839 non
380 2800 519 2839 videat.
536 2800 708 2839 Attamen
724 2793 932 2838 immunem

122 2881 142 2904 a
164 2865 292 2918 putida
318 2866 390 2904 hac
412 2865 599 2904 calumnia
620 2870 658 2904 ‘se
685 2880 763 2905 non
779 2867 933 2904 servavit

122 2933 445 2986 pseudo-synodus
455 2932 684 2971 Pistoriensis
700 2962 710 2981 ‚
725 2945 807 2985 quae
821 2961 832 2980 ‚
855 2945 940 2971 cum

123 3000 163 3036 in
189 3013 311 3038 rerum
332 2999 456 3038 indice
488 2998 668 3052 posuisset
696 3012 708 3037 z
735 2999 795 3038 La
812 2997 941 3036 eluiem

992 2352 1072 2377 non
1090 2339 1139 2377 Ιια
1149 2340 1263 2391 forza
1278 2342 1444 2379 coattiva
1461 2372 1471 2387 ,
1484 2341 1526 2381 id
1541 2352 1609 2392 est,
1629 2342 1809 2384 Ecclesia

991 2417 1068 2443 non
1091 2405 1205 2445 habet
1226 2412 1449 2459 potestatem
1477 2410 1714 2461 coactivam,
1749 2426 1808 2451 re·-

992 2472 1101 2509 mittit
1120 2472 1292 2511 lectorem
1310 2473 1356 2511 ad
1374 2472 1539 2525 pag.81‚
1559 2475 1626 2513 ubi
1647 2475 1805 2529 legitur:

991 2534 1051 2573 La
1064 2545 1187 2576 meme
1196 2551 1274 2576 non
1297 2540 1335 2576 si
1344 2540 1535 2592 persuade
1548 2541 1645 2580 colla
1658 2543 1785 2594 sforza
1796 2574 1808 2593 ‚

994 2607 1029 2638 et
1042 2601 1073 2639 il
1083 2616 1195 2647 cuore
1209 2617 1285 2642 non
1297 2605 1335 2641 si
1345 2605 1506 2656 risor-ma
1519 2606 1607 2644 colle
1614 2610 1812 2660 priqiom‘e

994 2680 1013 2703 e
1028 2666 1087 2704 col
1094 2668 1222 2718 succo,
1237 2670 1276 2708 id
1291 2678 1359 2718 est,
1373 2673 1494 2710 Mens
1521 2674 1564 2710 vi
1579 2674 1812 2725 persuaderi

995 2734 1127 2783 nequit
1143 2748 1214 2773 nee
1233 2748 1298 2773 cor
1319 2737 1538 2776 carceribus
1562 2746 1598 2777 et
1620 2741 1711 2790 ique
1736 2743 1813 2778 im-

997 2805 1183 2841 mutatur.
1208 2801 1318 2853 Quasi
1351 2815 1485 2855 nempe
1514 2804 1678 2843 Ecclesia
1712 2806 1813 2844 hisce

999 2865 1129 2906 mediis
1157 2870 1197 2906 in
1227 2869 1398 2920 exercitio
1420 2872 1605 2921 potestatis
1634 2884 1708 2910 suae
1731 2884 1816 2910 eoa-

1007 2932 1112 2971 ctivae
1134 2940 1315 2974 uteretur.

1507 3063 1583 3110 18.
