2028 3354
165 209 255 258 170

647 232 801 263 TRACT.
838 234 892 263 ΒΕ
926 235 1045 266 LOCIS
1071 238 1370 270 THEOLOGIGIS.

223 341 336 391 269.
371 342 441 390 Ad
473 343 538 388 4¹1¹
563 378 576 401 ‚
610 344 735 391 Dist.
779 346 845 393 Ita
875 354 1032 395 tamen
1051 386 1064 405 ‚
1088 358 1141 396 ut
1174 370 1335 400 eorum
1364 371 1601 420 processus
1617 354 1840 418 juridicus

159 418 317 464 statim
333 417 597 465 conficiatur
610 454 622 478 ,
650 437 778 467 conc.
798 438 814 476 ,⁰
836 421 922 469 hoc
945 433 1206 472 constructo
1223 463 1236 486 7
1256 438 1409 477 trans.
1429 431 1512 478 Vix
1531 431 1655 478 enim
1680 430 1842 496 aliquis

159 492 280 538 fama
295 494 550 541 sanctitatis
573 495 764 559 insignis
784 498 878 544 vita
898 498 1084 546 functus
1104 510 1197 562 est,
1225 519 1329 550 cum
1346 506 1590 572 impetrata
1612 526 1636 554 a
1661 509 1703 554 S.
1724 507 1843 555 Sede

158 567 405 628 facultate,
440 572 721 618 construitur
753 572 811 619 ab
848 575 1072 640 Episcopo
1105 576 1192 623 loci
1221 580 1456 643 processus
1476 584 1761 630 ordinarius
1785 582 1843 630 de
1874 639 1880 646 ,

157 644 422 704 miraculis,
458 664 561 711 quae
591 647 651 693 ad
688 650 809 696 servi
841 651 924 697 Dei
953 651 1333 701 intercessionem
1362 664 1543 719 patrata
1579 658 1798 705 dicuntur
1828 677 1843 721 3

157 737 249 785 quo
287 722 493 769 confecto
518 759 530 782 ‚
595 740 833 789 processus
871 729 1154 775 construitur
1190 733 1472 793 apostolicas
1505 769 1518 787 ,
1560 735 1641 798 qui
1684 734 1843 797 sigillis

155 798 363 844 munitus
389 798 439 845 in
464 799 668 846 archivio
691 817 783 848 sac.
807 804 1172 866 congregationis
1199 814 1461 853 asservatur
1479 844 1491 860 ,
1518 808 1664 856 donec
1683 826 1844 874 perve-

156 873 312 921 niatur
334 875 384 921 in
415 892 549 922 causa
579 875 638 923 ad
669 876 838 924 horum
864 895 1074 926 examen.
1100 881 1457 929 Transmisimus
1486 902 1624 950 porro
1645 884 1844 932 alterum

154 950 466 999 distinctionis
492 950 759 1000 membrum
778 990 790 1013 ‚
827 971 931 1002 cum
953 973 1075 1020 saepe
1102 957 1341 1021 contingat
1370 958 1505 1022 longe
1529 961 1753 1007 maturius
1772 978 1846 1008 ex-

153 1028 296 1092 pendi
327 1027 556 1089 ejusmodi
585 1029 806 1078 miracula
830 1067 842 1089 7
877 1035 1004 1093 cujus
1037 1033 1104 1079 rei
1132 1033 1400 1099 exemplum
1434 1053 1594 1084 recens
1620 1036 1845 1084 habemus

153 1103 251 1151 sive
269 1104 318 1150 in
340 1122 475 1152 causa
495 1107 539 1153 S.
553 1106 778 1154 Francisci
796 1106 854 1155 de
873 1108 1160 1173 Hieronymo
1175 1145 1188 1168 ,
1213 1110 1311 1159 sive
1330 1111 1625 1176 potissimum
1644 1114 1693 1159 in
1712 1130 1846 1160 causa

154 1179 200 1225 S.
217 1180 444 1246 Alphonsi
471 1181 529 1229 de
555 1182 728 1245 Ligerio
752 1182 841 1247 (l).
1540 1230 1543 1231 ⁷

217 1257 331 1304 270.
371 1259 522 1322 Atque
544 1258 655 1305 hinc
678 1259 918 1324 responsio
944 1258 1093 1325 liquet
1115 1259 1175 1306 ad
1193 1260 1269 1316 id,
1292 1261 1419 1326 quod
1436 1261 1651 1309 subditur
1676 1263 1734 1309 de
1754 1263 1847 1309 mi-

154 1332 319 1380 raculis
337 1370 349 1392 v
379 1351 481 1398 quae
504 1336 671 1381 Sancto
692 1335 825 1382 alicui
846 1334 1121 1383 tribuuntur
1148 1346 1253 1401 post
1279 1337 1472 1401 longum
1500 1340 1722 1404 temporis
1741 1339 1847 1404 lap-

152 1427 256 1455 sum
276 1409 335 1456 ab
353 1414 449 1473 ejus
469 1411 597 1457 obitu
611 1447 624 1472 ,
645 1410 702 1458 de
722 1412 889 1476 quibus
909 1448 921 1468 ,
944 1422 996 1458 ut
1021 1422 1234 1459 autumat
1254 1413 1571 1475 adversarius,
1594 1415 1686 1462 alte
1707 1415 1846 1462 silent

153 1485 398 1551 scriptores
426 1489 565 1535 coaevi
580 1524 592 1547 .,
615 1498 694 1535 aut
714 1488 771 1536 de
797 1489 1029 1535 miraculis
1046 1524 1058 1546 .,
1082 1506 1186 1553 quae
1210 1506 1265 1535 ex
1286 1489 1536 1554 longinqua
1562 1492 1747 1554 regione
1770 1493 1848 1538 in-

154 1571 425 1612 notuerunt.
453 1565 765 1629 Praeterquam
790 1565 918 1612 enim
947 1564 1073 1629 quod
1101 1565 1199 1612 haec
1228 1565 1339 1612 falsa
1367 1574 1481 1612 sunt
1507 1567 1605 1615 sive
1629 1566 1754 1631 quod
1777 1575 1849 1614 at-

155 1638 275 1686 tinet
295 1639 353 1685 ad
383 1639 693 1705 biographum
713 1642 758 1687 S.
779 1641 947 1704 Ignatii
974 1640 1044 1704 (2)
1061 1677 1074 1699 ,
1097 1641 1195 1689 sive
1218 1640 1371 1706 quoad
1395 1642 1615 1689 miracula
1637 1644 1682 1689 S.
1705 1643 1852 1689 Fran-

155 1715 260 1762 cisei
275 1717 480 1776 Xaverii.,
497 1716 555 1764 de
571 1716 738 1781 quibus
755 1718 834 1765 vix
854 1719 910 1764 IV
927 1725 1032 1782 post
1046 1716 1224 1764 obitum
1242 1735 1367 1764 anno
1384 1752 1396 1776 .,
1416 1721 1545 1779 jussu
1557 1719 1749 1766 Joannis
1763 1719 1851 1780 III,

154 1792 398 1841 Lusitaniae
420 1794 538 1857 regis
557 1830 570 1853 7
603 1810 842 1857 processus
864 1802 1157 1840 constructus
1181 1803 1252 1841 est
1275 1794 1325 1839 in
1350 1793 1492 1840 Indiis
1523 1793 1618 1858 (3);
1649 1794 1738 1841 nisi
1758 1811 1848 1841 sac.

151 1935 218 1972 cia
245 1932 284 1973 Ia
299 1935 422 1974 verini
446 1935 545 1974 della
569 1935 754 1976 catholica
777 1935 965 1975 credenza

155 1999 214 2038 vie
224 2000 301 2052 piic
311 2000 455 2040 traluce
478 2002 490 2052 (
506 2001 624 2053 Hujus
635 2002 705 2040 loci
719 2003 837 2040 versio
851 2002 964 2039 latina

155 2065 265 2104 datur
276 2066 323 2105 ad
341 2067 480 2106 calcem
494 2068 568 2106 vol.
583 2067 611 2118 ).
630 2067 696 2106 His
707 2068 864 2120 adjicere
880 2081 967 2119 pos-

156 2145 235 2170 sem
270 2146 329 2171 me
350 2135 471 2185 ipsum
496 2141 731 2185 spectatorem
760 2134 871 2186 hujus
897 2135 968 2171 mi-

155 2199 272 2237 raculi
303 2200 444 2248 fuisse,
478 2201 543 2252 qui
587 2199 703 2238 oeulis
740 2201 832 2236 meis
876 2213 967 2237 con-

156 2267 256 2317 spexi
296 2267 337 2304 in
380 2264 545 2317 ampulla
581 2266 794 2316 sanguinem
824 2266 967 2314 penitus

155 2331 385 2382 coagulatum
410 2345 452 2370 ac
469 2339 680 2370 concretum
696 2359 708 2381 ,
730 2328 862 2368 deinde
886 2338 966 2381 post

157 2409 290 2447 paucas
305 2411 427 2447 preces
440 2398 612 2436 eumdem
626 2396 791 2435 vividum
804 2408 846 2433 ac
858 2395 967 2446 plane

157 2462 346 2515 liquidum
363 2492 372 2509 ‚
399 2463 536 2516 absque
564 2462 641 2501 ullo
671 2470 845 2513 apparatu
880 2461 966 2500 che-

157 2529 255 2565 mico
281 2535 344 2565 aut
369 2528 537 2579 physico·

213 2594 264 2645 (1)
292 2592 388 2632 Nam
423 2596 555 2646 saepius
587 2607 630 2632 ex
662 2592 852 2631 Pontificis
879 2581 964 2632 dis-s

157 2657 369 2711 pensatione
412 2667 497 2697 ante
543 2666 687 2709 tempus
723 2659 962 2696 constitutum

158 2739 274 2764 causae
300 2726 503 2777 agitantur.

211 2789 419 2842 (2)A11udit
433 2789 656 2828 adversarius
668 2788 715 2828 ad
727 2790 839 2828 vitam
852 2789 890 2828 S.
909 2789 966 2843 Ig-

158 2857 248 2895 natii
288 2870 310 2895 a
343 2856 386 2897 P.
419 2855 661 2895 Ribadeneira
697 2857 963 2908 conscriptam,

159 2924 250 2976 qui,
279 2936 326 2961 ne
355 2921 540 2961 videretur
568 2922 786 2961 Tridentino
819 2922 963 2961 decreto

159 2988 408 3027 controdicere
436 2987 482 3027 de
512 3002 589 3027 non
625 2987 819 3039 vulgandis
843 2991 957 3028 mira-

160 3053 252 3092 culis
271 3054 410 3107 absque
430 3052 534 3093 Sedis
554 3053 759 3106 apostolicae
780 3053 962 3106 approba—

1036 1938 1161 1983 tione,
1191 1935 1367 1973 miracula
1394 1934 1435 1973 S.
1460 1935 1488 1972 F
1492 1935 1680 1974 undatoris
1703 1936 1849 1975 silentio

1034 2003 1211 2052 praeteriit
1228 2016 1239 2050 3
1258 2009 1478 2052 protestatur
1502 2010 1625 2040 tamen
1643 2002 1700 2041 his
1727 2003 1850 2041 verbis

1034 2068 1210 2105 miracula
1244 2066 1364 2104 eidem
1400 2081 1477 2104 non
1506 2068 1666 2105 defuisse
1695 2081 1705 2105 ε
1734 2067 1848 2105 Mihi

1035 2139 1185 2170 tantum
1206 2132 1310 2170 abest
1326 2161 1337 2180 ‚
1355 2138 1399 2168 ut
1414 2131 1466 2168 ad
1486 2134 1606 2169 vitam
1627 2131 1784 2183 anatii
1797 2131 1847 2169 il-

1034 2197 1272 2236 lustrandam
1287 2196 1475 2235 miracula
1487 2196 1608 2234 deesse
1626 2196 1845 2247 videamur,

1035 2270 1078 2302 ut
1098 2263 1218 2301 multa
1247 2277 1365 2315 eaque
1393 2262 1846 2315 praeslantissimajudi-

1034 2342 1114 2367 cem
1138 2330 1181 2367 in
1197 2330 1323 2367 media
1349 2328 1431 2367 luce
1446 2329 1619 2377 versari,
1645 2329 1732 2369 edit.
1749 2328 1846 2368 Nea-

1034 2396 1109 2448 pol.
1135 2396 1262 2449 15723
1290 2395 1415 2434 eadem
1439 2397 1568 2447 repetit
1582 2397 1620 2433 in
1642 2395 1732 2434 edit.
1747 2394 1845 2434 Ant-

1034 2475 1148 2513 werp.
1172 2460 1270 2515 1587
1291 2470 1325 2500 et
1344 2461 1486 2501 Matrit.
1510 2459 1627 2500 1586.
1651 2460 1748 2500 Cum
1758 2475 1843 2500 vero

1034 2537 1157 2579 postea
1187 2527 1234 2565 ab
1264 2527 1461 2579 apostolica
1498 2525 1594 2565 Sede
1625 2541 1667 2565 ea
1702 2527 1843 2565 fuerint

1034 2595 1217 2644 recognita
1231 2622 1240 2640 ‚
1267 2607 1287 2631 a
1317 2592 1629 2646 subsequentibus
1650 2590 1690 2630 S.
1711 2591 1840 2644 Ignatii

1034 2659 1247 2711 biographis
1271 2656 1419 2711 vulgata
1442 2666 1562 2707 sunt,
1594 2658 1794 2709 praesertim
1819 2671 1840 2694 a

1034 2723 1075 2762 P.
1103 2725 1255 2763 Daniele
1278 2724 1415 2762 Bartoli
1435 2754 1446 2773 ‚
1473 2722 1690 2762 authenticis
1722 2721 1838 2760 docu-

1035 2792 1174 2828 mentis
1192 2791 1354 2828 firmata.

1088 2855 1139 2907 (3)
1165 2855 1245 2895 Cfr.
1279 2854 1438 2901 Bartoli,
1459 2850 1558 2891 Dell'
1581 2852 1716 2905 istoria
1741 2852 1841 2891 della

1030 2925 1257 2973 compaym'a
1280 2919 1324 2957 di
1341 2913 1461 2959 Gesta.
1484 2917 1635 2956 L’Ast'a
1648 2949 1658 2967 ,
1677 2927 1772 2970 part.
1798 2932 1812 2957 ι
1826 2947 1839 2967 ,

1031 3001 1114 3040 pag.
1128 2985 1181 3039 59
1194 3017 1205 3036 ‚
1220 2986 1307 3027 edit.
1322 2984 1432 3023 Rom.
1453 2980 1568 3036 1667.
