2028 3354
481 188 607 216 PART.
643 184 674 213 1.
713 184 810 213 CAP.
847 183 917 210 111.
953 181 1008 209 ΒΕ
1041 179 1262 211 ECCLESIAE
1295 178 1440 210 uo'ns.

1712 160 1803 208 191

123 302 369 350 Ecclesiam
396 297 669 347 orientalem
696 295 793 343 sive
822 310 1016 359 graecam
1049 302 1095 341 et
1124 307 1473 357 graeco—russam
1489 327 1502 351 ,
1528 300 1631 340 tum
1649 290 1808 340 Eccle-

121 379 209 425 sias
243 376 523 425 britannicas
561 372 669 420 fidei
711 381 759 419 et
796 369 1136 419 communionis
1173 369 1405 416 unitatem
1438 385 1539 434 prae
1565 384 1614 415 se
1649 368 1769 416 ferre
1789 404 1802 428 ,

121 455 216 501 imo
252 462 432 520 partem
463 450 744 498 constituere
775 447 982 495 Ecclesiae
1009 445 1263 493 catholicae.
1304 440 1488 492 Etenim
1528 445 1579 491 1⁰
1613 444 1808 493 Ecclesia

122 547 264 594 graeca
280 566 292 589 a
317 546 367 576 ac
386 537 633 593 propterea
663 541 954 589 graeco-russa
969 558 983 581 ,
1002 539 1104 587 quae
1140 530 1211 569 est
1239 520 1298 567 ab
1323 520 1402 567 illa
1431 521 1671 585 progenita
1686 558 1699 582 ,
1722 540 1811 569 an-

124 608 267 655 terior
285 614 354 653 est
373 621 663 670 quacumque
679 600 902 656 Ecclesia:
923 596 1302 663 quandoquidem
1314 613 1369 643 ex
1383 597 1561 643 oriente
1570 615 1811 662 progressa

122 692 216 739 est,
247 681 327 729 ubi
348 681 505 744 religio
540 679 787 727 christiana
816 675 956 739 coepit
973 710 985 732 ,
1012 682 1060 720 et
1090 673 1218 720 unde
1246 672 1296 718 in
1324 672 1434 719 alias
1464 671 1630 720 mundi
1654 674 1810 739 plagas

121 768 191 806 est
225 759 538 806 disseminata.
571 757 626 802 2⁰
654 752 824 801 Eadem
854 749 1051 797 Ecclesia
1084 766 1218 796 suam
1249 747 1557 796 hierarchiam
1582 765 1667 813 per
1696 767 1811 796 con-

123 835 352 882 tinuatam
373 834 701 898 Episcoporum
718 827 1057 874 successionem
1075 834 1303 891 perpetuo
1322 825 1644 884 conservavit3
1666 825 1813 873 idem-

120 928 210 976 que
240 909 491 958 dicendum
516 908 573 954 de
598 904 794 953 Ecclesia
820 920 1123 968 graeco-russa
1143 939 1157 963 ,
1189 919 1246 949 ex
1270 919 1363 966 quo
1385 919 1471 968 per
1492 901 1810 966 evangelicam

121 987 498 1052 praedicationem
520 983 733 1030 instituta
761 990 848 1029 est.
879 980 932 1028 30
958 980 1168 1046 Utraque
1199 978 1400 1027 Ecclesia
1428 987 1642 1027 centrum
1669 978 1813 1027 habet

120 1064 311 1112 unitatis
343 1080 354 1109 :

120 1259 372 1304 Methodistoe,
387 1257 591 1310 Baptistae,
603 1256 798 1307 Jumpen}
821 1253 864 1293 U
862 1254 927 1291 m*-

117 1327 290 1373 turiani,
333 1322 676 1364 Universalistae...
711 1317 929 1358 Socialistoe

116 1405 182 1430 seu
199 1391 380 1430 Owem‘toe
394 1404 405 1440 3
421 1403 508 1428 nam
527 1396 562 1427 et
584 1388 664 1425 haec
686 1393 782 1425 secta
806 1386 929 1423 novis-

117 1460 208 1496 sime
228 1458 361 1509 prodiit
391 1458 431 1493 in
458 1452 607 1505 Anglia.
634 1450 785 1492 Addicti
809 1451 929 1489 cidem

118 1527 206 1561 sunt
223 1523 393 1560 homines
417 1519 729 1570 impudentissimi
744 1545 755 1563 ,
772 1516 839 1569 qui
860 1515 929 1554 Dei

119 1588 346 1626 existentiam
373 1593 415 1623 ut
431 1582 670 1637 probabilem
695 1581 928 1630 defendunt;

119 1653 328 1690 daemonum
345 1681 356 1699 ‚
381 1651 540 1698 inferni,
576 1649 657 1687 coeli
672 1678 682 1696 ‚
707 1648 795 1699 legis
818 1655 929 1685 natu-

118 1718 204 1755 ralis
226 1718 457 1756 existentiam
472 1722 608 1767 negant
630 1725 740 1765 atque
759 1712 928 1759 irrident,

118 1782 365 1835 omnibusque
378 1780 644 1833 cupiditatibus
659 1778 871 1830 indulgent.
884 1776 927 1814 In

119 1848 195 1886 dies
224 1849 432 1899 turpissima
455 1842 536 1884 haec
570 1852 664 1883 secta
698 1842 837 1882 ibidem
863 1856 930 1880 au-

120 1914 247 1965 gescit,
270 1925 408 1966 magno
436 1913 547 1949 etiam
572 1909 692 1950 civilis
721 1909 931 1961 reipublicae

120 1981 354 2019 detrimento.
394 1978 501 2031 Quod
540 1986 662 2017 autem
708 1985 845 2029 spectat
885 1976 932 2014 ad

120 2046 339 2097 professores
363 2046 460 2096 ipsos
486 2046 703 2087 oxonienses
718 2072 727 2090 ‚
754 2051 794 2080 ut
815 2043 932 2093 magis

122 2113 311 2164 magisque
341 2117 486 2162 pateat,
522 2109 623 2163 quod
659 2121 777 2159 nuper
812 2109 932 2158 attigi-

125 2191 206 2215 mus
222 2208 233 2225 ‚
258 2191 374 2230 quam
397 2190 527 2229 parum
545 2178 643 2214 inter
660 2188 697 2212 se
711 2175 934 2212 conveniant

127 2242 182 2279 vel
209 2244 249 2280 in
275 2243 386 2281 rebus
418 2242 641 2293 gravissimis
659 2270 669 2287 ‚
702 2239 933 2278 luculentum

126 2306 277 2345 afferam
309 2308 518 2359 exemplum
559 2309 599 2344 in
626 2313 858 2356 argumento,
889 2304 935 2343 de

127 2385 201 2424 quo
224 2373 378 2423 agimus,
399 2372 541 2412 Palmer
565 2370 800 2409 Methodistas
824 2370 934 2408 dissi-

126 2438 253 2475 dentes
289 2445 389 2475 extra
435 2437 637 2478 Ecclesiam
675 2436 892 2475 catholicam
922 2465 932 2484 ,

123 2502 289 2554 adeoque
324 2510 360 2540 et
382 2502 612 2552 anglicanam
638 2504 678 2539 in
711 2503 791 2553 ejus
814 2501 934 2553 hypo-

125 2567 234 2615 thesi,
253 2582 329 2606 esse
355 2568 604 2618 pronunciat3
627 2567 745 2618 Pusey
766 2581 786 2606 e
809 2576 935 2606 contra

124 2631 363 2685 Wesleyanos
376 2646 437 2671 seu
453 2632 695 2670 Methodistas
708 2633 746 2669 in
761 2634 934 2683 cit.epist.
963 2631 967 2636 ’

123 2708 226 2737 vocat
247 2700 448 2736 sectionem
473 2712 535 2737 seu
556 2698 770 2749 portionem
798 2696 840 2736 E
841 2697 935 2735 ccle—

127 2765 195 2801 sioe
226 2771 364 2802 nostroe
379 2792 391 2811 ‚
416 2777 555 2817 eosque
580 2764 813 2802 commendat
833 2793 844 2811 ‚
867 2777 934 2815 op-

127 2829 304 2881 ponitque
348 2843 478 2868 eorum
518 2830 723 2867 doctrinam
761 2828 934 2868 doctrinae

128 2897 420 2933 romanistarum.
450 2894 592 2933 Palmer
624 2896 710 2933 item
728 2924 738 2942 ‚
764 2902 807 2933 ut
838 2894 932 2933 vidi-

126 2972 208 2996 mus
225 2990 234 3007 ‚
260 2959 459 2999 Ecclesiam
486 2975 580 3000 rom.
606 2968 743 3012 spectat
768 2962 821 2999 uti
848 2974 928 3012 par·-

389 1059 584 1108 Ecclesia
611 1058 801 1124 quidem
830 1074 976 1121 graeca
1008 1057 1061 1103 in
1092 1055 1356 1121 patriarcha
1383 1074 1468 1104 suo
1493 1057 1810 1116 oecumenicO,

997 1260 1071 1290 tem
1092 1251 1262 1290 Ecclesiae
1275 1251 1483 1300 catholicae,
1499 1266 1584 1291 cum
1603 1267 1677 1304 qua
1689 1253 1812 1292 adhuc

996 1332 1073 1357 esse
1082 1319 1308 1370 conjunctas
1317 1317 1497 1357 Ecclesias
1508 1318 1715 1370 anglicanas
1725 1333 1814 1358 con-

996 1385 1139 1430 tendit‚·
1161 1393 1321 1422 attamen
1343 1383 1521 1423 Newman
1546 1386 1626 1437 ejus
1647 1385 1784 1437 collega
1798 1413 1810 1432 ‚

997 1452 1037 1488 in
1059 1465 1122 1502 op.
1143 1450 1323 1488 Lectures
1346 1463 1396 1488 on
1413 1450 1474 1488 the
1489 1450 1732 1503 prophetical
1753 1452 1811 1502 osl-

991 1515 1064 1566 fice
1088 1516 1137 1567 of
1148 1514 1208 1553 the
1230 1515 1373 1553 church
1387 1545 1399 1563 ‚
1426 1523 1483 1554 etc
1498 1545 1510 1561 ‚
1524 1530 1588 1554 seu
1609 1515 1811 1554 Lectiones

996 1581 1043 1619 de
1063 1594 1220 1619 munere
1239 1580 1456 1633 prophetico
1479 1580 1691 1630 Ecclesias,
1725 1595 1811 1635 spe-

996 1653 1095 1684 ctato
1119 1648 1165 1684 in
1192 1645 1375 1684 relatione
1397 1646 1450 1683 ad
1468 1648 1748 1685 romanismum
1778 1655 1813 1685 et

990 1711 1344 1764 protestantismum
1382 1711 1610 1765 popularem
1639 1712 1650 1761 ’,
1687 1713 1810 1752 Lond.

1003 1776 1102 1831 1837
1126 1808 1137 1827 ‚
1169 1777 1236 1817 lib.
1268 1791 1337 1825 111,
1367 1791 1449 1830 pag.
1480 1791 1547 1816 101
1579 1786 1614 1817 et
1632 1793 1739 1832 seqq.
1770 1787 1812 1818 ut

995 1853 1120 1895 postea
1148 1843 1378 1890 videbimus,
1415 1858 1495 1883 eam
1526 1854 1711 1896 comparat
1733 1845 1812 1883 ‹1ae-

997 1912 1199 1959 moniaco,
1232 1924 1330 1948 rom.
1358 1909 1573 1949 Pontificem
1599 1920 1706 1949 vocat
1725 1910 1813 1948 dia-

997 1975 1139 2024 bolum,
1156 1986 1262 2016 etc...
1278 1975 1346 2014 His
1361 1991 1448 2016 vero
1461 1976 1660 2016 subscribit
1670 1977 1809 2031 Pusey‚

997 2043 1038 2080 in
1061 2056 1118 2094 ep.
1146 2044 1207 2081 cit.
1227 2041 1275 2080 In
1299 2041 1340 2079 T
1337 2042 1549 2081 ructatibus
1562 2056 1645 2082 vero
1662 2043 1768 2082 editis
1789 2058 1811 2082 a

999 2107 1211 2147 doctoribus
1245 2108 1413 2161 ejusdem
1441 2110 1687 2147 universitatis
1713 2108 1813 2147 Oxo-

999 2174 1135 2211 niensis
1158 2182 1193 2212 et
1215 2175 1399 2225 inscriptis
1418 2187 1490 2227 pro
1521 2180 1683 2225 tempore
1708 2187 1812 2226 proe-

1000 2239 1100 2277 senti
1116 2270 1126 2287 ‚
1149 2253 1187 2287 v,
1212 2254 1249 2277 v1
1263 2268 1276 2290 ,
1295 2255 1336 2279 n.
1361 2254 1412 2278 20
1429 2270 1439 2288 ‚
1460 2254 1540 2291 pag.
1558 2238 1580 2276 3
1596 2269 1607 2286 ‚
1633 2240 1811 2278 admirata

1000 2304 1168 2344 Ecclesiae
1206 2291 1487 2344 catholicae-seu
1522 2318 1685 2343 romanae
1712 2307 1811 2344 anti-

1002 2371 1141 2422 quitate
1154 2401 1164 2420 ,
1193 2371 1464 2409 universalitate
1493 2384 1536 2409 ac
1556 2372 1695 2409 unitate
1710 2400 1721 2419 ‚
1743 2385 1812 2410 nec

1000 2449 1076 2474 non
1089 2436 1368 2487 pulchritudine
1380 2438 1459 2489 ejus
1479 2439 1699 2488 systematis,
1721 2450 1810 2475 con-

1000 2500 1156 2540 cludunt
1180 2515 1191 2540 ε
1217 2501 1299 2540 Nos
1319 2503 1524 2554 nequimus
1549 2514 1627 2539 non
1647 2501 1812 2554 fundere

999 2567 1169 2619 suspiria
1182 2554 1398 2619 coyitarido,
1415 2567 1515 2619 quod
1536 2568 1660 2605 aimus
1678 2568 1726 2606 ab
1741 2567 1813 2606 hac

1000 2629 1175 2671 Ecclesia
1204 2635 1388 2686 separati.
1432 2633 1491 2672 En
1526 2633 1714 2686 quomodo
1757 2633 1813 2671 hae

1000 2697 1196 2749 anglicanae
1229 2698 1396 2738 Ecclesiae
1442 2699 1627 2738 columnae
1664 2701 1705 2737 in
1735 2697 1825 2750 ipsa'

999 2762 1184 2805 catholica:
1205 2764 1378 2804 Ecclesiae
1398 2767 1548 2803 notione
1571 2767 1666 2804 inter
1686 2778 1726 2803 se
1751 2778 1813 2802 co-

998 2828 1176 2869 haereant!
1207 2839 1242 2870 et
1263 2830 1399 2883 quibus
1425 2830 1651 2869 solidissimis
1681 2829 1813 2869 funda—

998 2897 1131 2934 mentis
1144 2896 1341 2935 aedificium
1356 2926 1367 2945 ,
1385 2896 1485 2949 quod
1497 2898 1565 2948 ipsi
1584 2904 1683 2934 tanta
1698 2896 1811 2933 animi

993 2962 1188 3000 securitate
1211 2962 1415 3010 extollunt,
1444 2963 1646 3000 innitatur!
