2028 3354
1738 184 1828 232 179

490 204 615 234 PART.
654 204 687 232 1.
726 203 827 233 CAP.
863 203 931 234 111.
966 203 1023 233 DE
1056 203 1274 234 ECGLESIAE
1308 204 1449 233 nous.

145 328 393 385 usurpetur
411 317 471 364 ad
491 315 809 380 significandas
833 316 1053 364 Ecclesias
1088 334 1249 365 omnes
1271 318 1319 364 in
1347 325 1446 364 toto
1468 315 1579 364 orbe
1612 315 1800 363 diffusas
1818 352 1829 375 ,

145 413 247 460 quae
260 396 466 442 Romano
483 391 683 440 subsunt
705 393 916 440 Pontifici
936 428 946 451 a
971 409 1023 440 ac
1044 401 1234 441 servant
1253 410 1359 440 cum
1374 409 1429 439 eo
1452 393 1831 440 communionem

145 472 252 519 fidei
278 479 323 518 et
351 469 585 517 charitatis
602 506 615 526 ‚
646 487 746 533 neq.
778 469 1033 534 Responsio
1055 477 1187 534 patet
1213 487 1269 517 ex
1299 468 1460 529 dictis3
1492 468 1676 517 sublata
1707 469 1834 517 enim

143 546 502 612 aequivocatione
523 546 645 593 vocis
664 581 677 605 .,
709 542 802 591 ruit
826 544 1069 591 difficultas
1092 545 1180 607 (1).

208 622 318 670 285.
356 622 426 669 Ad
457 622 552 680 2¹¹¹,
586 621 705 684 Ney.
735 620 931 668 Ecclesia
961 620 1088 665 enim
1121 618 1345 666 catholica
1371 628 1585 668 constare
1620 620 1837 668 omnibus

143 697 231 745 illis
248 708 296 746 et
313 698 417 745 solis
439 697 608 745 Christi
625 696 838 743 fidelibus
857 693 999 741 debet
1012 730 1025 754 ,
1046 694 1125 759 qui
1142 695 1370 741 unitatem
1388 696 1708 743 omnimodam
1730 697 1838 745 fidei

144 784 191 823 et
219 775 455 823 charitatis
476 782 664 822 servant
691 789 796 819 cum
816 770 1023 833 ejusdem
1051 771 1260 819 Ecclesiae
1290 772 1458 820 visibili
1485 775 1636 839 capite
1659 811 1671 834 ,
1710 776 1838 839 quod

143 860 302 915 postea
325 850 620 898 ostendemus
640 847 782 894 alium
805 864 903 894 non
918 863 1017 894 esse
1040 848 1131 894 nisi
1150 850 1284 895 Rom.
1309 849 1601 896 Pontificem.
1619 850 1837 909 Quicum-

144 945 234 994 que
257 937 502 993 propterea
524 925 581 972 ab
604 924 827 971 alterutra
845 961 857 984 ,
888 923 1040 971 multo
1063 942 1172 973 vero
1203 926 1348 990 magis
1377 926 1437 973 ab
1462 937 1664 993 utraque
1683 922 1840 975 absce-

144 1003 298 1063 dunt,
327 1004 422 1052 sive
461 1002 511 1048 in
543 1000 699 1065 paucis
733 1001 832 1049 sive
869 1000 920 1047 in
955 1001 1115 1048 multis
1136 1038 1149 1062 ,
1190 1003 1288 1052 sive
1323 1002 1374 1049 in
1409 1003 1841 1051 fundamentalibus

145 1080 345 1128 articulis
368 1079 465 1127 sive
484 1077 534 1123 in
552 1095 648 1125 non
672 1077 1105 1125 fundamentalibus
1123 1116 1136 1139 7
1172 1089 1252 1127 aut
1275 1079 1481 1128 haeretici
1509 1089 1589 1128 aut
1618 1080 1841 1128 schisma·

144 1156 246 1214 tici,
268 1164 320 1201 ut
345 1154 601 1218 plurimum
627 1171 737 1201 vero
759 1162 805 1201 et
828 1153 1032 1201 haeretici
1051 1164 1099 1202 et
1116 1155 1395 1203 schismatici
1424 1166 1550 1204 sunt.
1580 1158 1645 1204 Ita
1665 1174 1715 1204 se
1737 1174 1842 1220 ges·

143 1239 303 1278 serunt
330 1228 534 1295 Apostoli
552 1238 767 1294 respectu
782 1230 852 1276 sui
870 1232 1094 1295 temporis
1113 1241 1395 1280 novatorum
1412 1252 1425 1292 ς
1448 1233 1513 1280 ita
1530 1250 1578 1281 se
1600 1233 1840 1297 primitiva

144 1307 279 1371 gessit
299 1307 517 1365 Ecclesia,
549 1323 650 1371 quae
671 1323 916 1371 nunquam
939 1307 1221 1355 Novatianos
1237 1344 1250 1368 .,
1287 1309 1552 1356 Donatistas
1579 1327 1631 1356 ac
1661 1309 1842 1357 Lucife-

143 1383 296 1430 rianos
315 1393 367 1430 ut
390 1381 638 1430 catholicos
667 1382 859 1444 habuit3
882 1383 946 1429 ita
969 1400 1152 1449 semper
1182 1384 1384 1449 denique
1405 1394 1768 1451 constanterque
1791 1403 1840 1433 se

145 1460 283 1522 gessit
313 1459 509 1506 Ecclesia
534 1459 753 1506 universa
775 1458 1128 1523 insequentibus
1158 1460 1322 1507 seculis
1351 1460 1411 1508 ad
1442 1479 1526 1508 nos
1557 1479 1703 1528 usque
1722 1498 1734 1522 ,
1768 1462 1841 1509 his

146 1534 363 1581 omnibus
393 1542 625 1599 perpetuo
660 1533 778 1580 illud
822 1534 1112 1596 ingeminans
1145 1552 1155 1581 z
1192 1536 1363 1583 Nescio
1395 1554 1472 1583 vos
1487 1556 1506 1591 ‚·
1543 1546 1645 1584 tum
1675 1536 1792 1585 illud
1827 1557 1836 1584 :

151 1611 250 1674 Qui
277 1627 371 1657 non
403 1617 472 1657 est
491 1626 705 1665 mecum,
729 1618 895 1656 contra
915 1627 988 1655 me
1010 1618 1088 1657 est.
1114 1610 1377 1658 Ridiculum
1408 1630 1548 1677 porro
1571 1622 1663 1674 est7
1696 1631 1752 1661 ex
1785 1631 1840 1662 eo

147 1684 273 1750 quod
288 1684 504 1731 nonnulli
525 1685 702 1732 factiosi
729 1684 957 1749 superbiae
978 1685 1061 1732 filii
1089 1686 1349 1734 identidem
1372 1688 1597 1736 vexillum
1619 1689 1840 1755 perduel-

145 1760 280 1807 lionis
300 1760 536 1808 erexerint
557 1767 716 1807 contra
740 1760 872 1808 unice
895 1777 1054 1809 veram
1082 1761 1331 1810 Ecclesiam
1356 1762 1529 1811 Christi
1544 1802 1556 1825 ‚
1583 1766 1835 1832 pluresque

203 1925 373 1976 (1),Jure
404 1925 528 1979 quoad
559 1927 657 1965 hanc
691 1927 964 1965 denominatio-

147 2005 235 2030 nem
248 1990 433 2030 Ecclesa'oe
451 2005 634 2039 romanoe,
655 2007 728 2046 qua
753 1993 964 2045 designatur

147 2056 326 2100 Ecclesia
359 2058 543 2098 catholica
572 2089 581 2107 ,
621 2069 749 2112 aptare
787 2061 964 2100 debemus

151 2126 427 2175 responsionem
446 2154 457 2174 ‚
493 2139 604 2178 quam
640 2126 742 2164 dedit
768 2125 809 2164 S.
840 2126 964 2165 Pacia-

136 2202 219 2229 -nus
245 2190 454 2229 difficultati
483 2205 524 2229 ex
548 2192 848 2230 denominatione
879 2191 961 2229 Ec-

151 2251 274 2292 elesiae
298 2255 490 2295 catholicoe
514 2256 670 2310 objectae
689 2256 963 2296 aschismaticis

153 2321 373 2359 novatianis.
387 2321 516 2374 Itaque
537 2319 574 2360 S.
588 2321 791 2370 Pacianm,
806 2321 936 2376 Epist.
949 2336 962 2360 1

154 2381 206 2419 ad
230 2381 560 2436 Sympronianum
575 2417 586 2435 ‚
615 2401 700 2425 cum
730 2387 800 2425 sibi
820 2403 861 2426 ex
882 2402 962 2439 per-

154 2462 240 2486 sona
256 2448 542 2489 Novatianorum
559 2452 754 2505 objecisset
773 2467 783 2491 :
804 2453 879 2491 Sed
892 2453 961 2491 sul>

157 2512 376 2565 Apostoli-s,
409 2518 576 2568 inquies,
613 2531 722 2555 nemo
757 2517 962 2557 catholicus

155 2579 375 2619 vocabatur.
397 2578 491 2620 Esto
503 2610 513 2628 ,
529 2583 737 2633 respondet,
756 2586 811 2622 sic
821 2584 960 2636 fuerit,

156 2643 219 2681 vel
241 2643 338 2682 illud
365 2645 533 2698 indulqe.
570 2646 669 2685 Cum
689 2655 776 2700 post
801 2649 963 2701 Aposto-

155 2707 209 2747 los
251 2709 409 2749 hoereses
449 2712 691 2762 extitissent,
729 2714 963 2764 diversisque

151 2777 374 2815 nominibus
392 2777 605 2816 columbam
631 2777 704 2817 Dei
730 2787 840 2831 atque
866 2781 963 2831 reqi-

152 2853 242 2878 nam
273 2841 438 2882 lacerare
457 2857 530 2896 per
549 2851 682 2897 partes
721 2853 756 2882 εἰ
789 2844 961 2883 scindere

152 2907 364 2946 niterentur
392 2940 401 2958 ‚
444 2924 572 2949 non-ne
609 2924 812 2963 coynomen
847 2925 959 2950 suum

147 2972 256 3022 plebs
289 2975 493 3026 apostolica
526 2976 768 3029 postulabat,
796 2991 867 3029 quo
900 2979 962 3016 in-

1029 1930 1203 1980 corrupti
1218 1928 1359 1982 populi
1372 1929 1622 1981 clistinqueret
1632 1932 1838 1983 unitatem,

1029 2008 1077 2032 ne
1113 1996 1378 2034 intemeratam
1408 1995 1485 2035 Dei
1512 1999 1704 2050 virqinem
1735 2012 1842 2038 error

1028 2060 1246 2112 aliquorum
1281 2075 1353 2114 per
1395 2063 1572 2101 membra.
1603 2063 1788 2102 laceraret
1814 2065 1840 2102 Ρ

1028 2125 1169 2164 Nonne
1215 2126 1467 2180 appellatione
1494 2130 1660 2181 propria
1712 2128 1842 2168 decuit

1024 2199 1143 2244 caput
1164 2192 1388 2245 principale
1421 2195 1608 2245 siqnare?
1640 2194 1755 2245 Igitur
1791 2196 1837 2234 ad

1027 2270 1112 2295 eum
1127 2259 1297 2306 modum,
1316 2273 1389 2311 quo
1415 2261 1514 2310 prius
1540 2259 1703 2298 Ecclesia
1719 2289 1730 2307 ,
1752 2274 1838 2313 quae

1027 2321 1224 2363 christiana
1244 2324 1435 2363 dicebatur
1455 2352 1467 2374 ‚
1494 2324 1543 2362 ob
1568 2326 1750 2364 vafritiem
1768 2327 1840 2364 hae-

1027 2390 1223 2428 reticorum
1246 2398 1282 2428 et
1304 2389 1618 2428 schismaticorum
1642 2422 1652 2440 ‚
1676 2393 1740 2443 qui
1766 2393 1838 2431 sibi

1027 2453 1124 2493 hauc
1159 2454 1445 2507 appellationem
1466 2469 1706 2495 communem
1723 2477 1727 2480 ·
1744 2458 1840 2498 fece-

1027 2528 1113 2558 runt
1131 2550 1141 2568 ,
1165 2521 1295 2560 debuit
1318 2523 1437 2560 vocari
1457 2520 1642 2561 catholica
1657 2553 1667 2571 ‚
1692 2531 1733 2561 ut
1747 2539 1767 2562 a
1783 2539 1839 2563 se-

1027 2587 1094 2623 ctis
1112 2586 1408 2640 distingueretur,
1421 2590 1475 2626 sic
1485 2602 1571 2626 cum
1583 2597 1705 2640 postea
1723 2590 1836 2629 iidem

1026 2651 1184 2691 haeretiei
1227 2662 1261 2691 et
1294 2652 1513 2692 schismatici
1546 2654 1721 2693 factiones
1753 2669 1838 2694 suas

1028 2719 1200 2768 coeperint
1224 2731 1351 2757 vocare
1366 2718 1566 2758 Ecclesiam
1591 2720 1837 2760 orthodoxam

1028 2791 1063 2821 et
1087 2783 1338 2832 catholicam,
1366 2785 1496 2824 debuit
1525 2791 1698 2838 praeterea
1723 2788 1838 2827 deno-

1027 2849 1158 2888 minari
1181 2863 1343 2890 romana
1367 2851 1414 2889 ab
1439 2853 1517 2904 ejus
1537 2854 1654 2904 capite
1683 2866 1837 2891 romano

1027 2913 1205 2955 Pontifice
1222 2947 1232 2965 ‚
1262 2924 1304 2955 ut
1327 2915 1638 2956 internosceretur
1660 2933 1680 2956 a
1707 2917 1836 2955 factio-

1028 2979 1138 3020 nibus
1162 2979 1256 3021 illud
1282 2981 1350 3020 sibi
1375 2996 1511 3021 nomen
1536 2982 1810 3033 usurpantibus.

1566 3047 1641 3092 12.
