2028 3354
391 213 518 245 PART.
563 216 595 245 1.
633 213 730 244 CAP.
765 214 814 244 11.
854 214 909 243 DE
946 213 1118 244 CHRISTI
1153 214 1272 245 ECGI..
1308 213 1504 245 CONSTIT.

1731 199 1789 245 51

181 329 263 375 88.
301 327 371 375 Ad
401 329 492 389 61³,
529 330 658 376 Disc.
677 329 820 374 Docet
839 327 1121 391 Augustinus
1143 345 1240 374 non
1269 344 1367 375 esse
1395 328 1445 375 in
1466 327 1661 376 Ecclesia
1682 345 1793 395 pec-

116 413 291 451 catores
305 404 528 464 eomodo,
545 420 636 469 quo
658 404 707 450 in
730 420 781 450 ea
800 412 910 450 sunt
926 404 1041 465 justi
1056 440 1068 463 7
1088 403 1138 450 id
1157 411 1243 461 est,
1264 412 1318 449 ut
1338 403 1550 451 membra
1568 405 1673 453 viva
1691 421 1796 453 cor·-

113 481 238 547 poris
262 480 385 540 vivi,
408 496 563 535 cow0.,·
587 497 683 527 non
707 496 803 526 esse
819 480 867 525 in
888 479 1083 526 Ecclesia
1102 479 1196 526 ullo
1214 477 1377 538 modo,
1399 478 1562 527 saltem
1581 489 1633 527 ut
1649 499 1795 529 mem·

112 556 196 604 bra
222 564 406 603 mortua
439 557 643 621 corporis
668 555 761 603 vivi
778 590 790 613 ,
824 572 924 618 wey.
954 556 1050 602 Hoc
1076 563 1208 619 patet
1235 571 1293 601 ex
1323 570 1460 618 scopo
1486 556 1530 601 S.
1553 557 1760 604 Doctoris
1778 594 1791 616 n

113 631 383 679 adstruendi
408 631 627 680 adversus
646 630 908 677 Donatistae
937 646 1103 693 corpus
1133 628 1339 675 Ecclesiae
1365 639 1577 678 constare
1602 641 1707 679 tum
1737 649 1793 680 ex

104 708 242 770 justis
274 717 377 754 tum
408 725 468 755 ex
499 705 841 772 peccatoribus,
890 720 1003 767 quos
1041 712 1175 751 vocat
1215 702 1433 751 humores
1476 717 1716 773 corruptos
1745 709 1792 755 in

112 792 297 850 pectore
324 792 591 841 manentes,
618 781 822 844 adeoque
846 779 893 824 in
914 778 1120 826 Ecclesiae
1143 796 1335 845 corpore
1358 780 1449 843 (l).

179 860 255 912 89.
293 859 363 907 Ad
392 859 491 920 711²,
521 859 638 920 Ney.
668 854 795 902 Nihil
830 854 957 901 enim
989 854 1187 920 impedit
1207 891 1219 914 ,
1252 856 1502 921 quominus
1523 873 1688 923 corpus
1720 860 1793 907 vi-

115 953 225 983 vum
257 933 521 982 membrum
552 929 738 997 aliquod
767 938 1003 977 mortuum
1030 930 1228 990 habeat,
1257 932 1383 997 quod
1416 932 1589 981 scilicet
1613 944 1797 983 motum

113 1028 210 1059 non
237 1010 426 1074 recipiat
458 1025 482 1053 a
518 1016 616 1053 toto
651 1023 868 1071 corpore7
912 1015 966 1053 ut
1002 1008 1287 1073 experientia
1317 1008 1465 1056 docet.
1506 1009 1654 1057 Multo
1686 1027 1797 1060 vero

114 1088 256 1150 magis
274 1086 321 1132 id
341 1086 491 1131 locum
513 1082 686 1131 habere
713 1092 867 1148 potest
886 1083 936 1130 in
954 1085 1169 1132 societate
1186 1121 1199 1145 ⁷
1230 1101 1331 1150 quae
1356 1086 1545 1133 nonnisi
1565 1087 1798 1152 analogice

113 1179 273 1226 corpus
297 1159 481 1206 dicitur.

177 1236 255 1284 90.
292 1237 405 1283 Inst.
433 1235 629 1283 Ecclesia
649 1244 719 1283 est
744 1234 979 1298 objectum
1008 1236 1141 1295 fidei,
1174 1235 1323 1285 videri
1353 1237 1495 1301 igitur
1514 1240 1694 1305 nequit.

176 1314 254 1361 91.
289 1314 426 1379 Resp.
453 1315 579 1361 Disc.
607 1314 845 1373 Quatenus
865 1312 1061 1360 Ecclesia
1082 1321 1150 1360 est
1179 1313 1378 1362 Ecclesia
1409 1315 1605 1378 Christi,
1638 1324 1796 1365 sancta

113 1398 159 1437 et
183 1389 432 1450 catholica,
457 1406 620 1444 conc.,·
648 1398 875 1455 quatenus
898 1389 1084 1437 videtur
1100 1426 1113 1450 ‚
1142 1407 1244 1454 neq.
1272 1390 1359 1454 (2).

114 1552 331 1604 sperandam
351 1552 520 1592 salutem.
535 1551 613 1590 Nec.
632 1553 705 1591 alio
724 1565 832 1590 sensu
848 1551 920 1590 hoc

112 1617 265 1657 effatum
277 1619 388 1656 ceteri
405 1617 529 1655 Patres
542 1624 764 1668 usurparunt
780 1644 791 1663 ‚
805 1630 919 1669 quam

110 1683 283 1721 adversus
294 1682 484 1720 haereticos
497 1690 531 1720 et
553 1682 803 1720 schismaticos
818 1688 918 1719 extra

110 1747 244 1786 Christi
273 1746 474 1785 Ecclesiam
495 1749 727 1786 constitutos.

164 1812 216 1864 (l)
245 1812 286 1852 S.
309 1813 535 1864 Augustinus
550 1843 560 1862 ‚
578 1812 640 1852 hic
650 1813 841 1864 disputans
852 1813 918 1851 ad-

109 1892 233 1918 versus
266 1878 505 1918 cresconium
543 1879 765 1918 donatistam
786 1908 798 1926 ,
838 1878 918 1917 vult

112 1944 302 1983 ostendere
316 1975 327 1993 ‚
346 1945 498 1997 perinde
522 1960 600 1984 esse
615 1945 737 1998 quoad
755 1944 917 1983 valorem

111 2010 292 2062 Baptismi
307 2041 317 2058 ,
349 2013 425 2050 sive
444 2011 655 2050 conferatur
678 2010 725 2049 ab
749 2010 917 2049 haeretico

109 2078 183 2115 sive
193 2076 240 2115 ab
254 2076 398 2115 occulto
412 2084 475 2115 aut
488 2076 683 2115 manifesto
703 2083 892 2127 peccatore
906 2092 916 2124 ;

110 2143 201 2194 quia
225 2142 352 2181 eadem
378 2145 519 2181 ratione
535 2173 546 2191 ‚
572 2157 646 2196 qua
671 2142 829 2180 haeretici
855 2150 919 2181 aut

110 2208 296 2246 manifesti
321 2222 363 2247 ac
380 2209 520 2261 publici
539 2214 745 2261 peccatores
763 2208 916 2260 judicati

111 2279 197 2309 sunt
227 2273 273 2311 ab
310 2273 499 2323 Ecclesia,
539 2274 678 2313 occulti
708 2281 917 2325 peccatores

108 2335 263 2388 judicati
281 2352 301 2377 a
329 2339 478 2379 Christo
503 2348 615 2388 sunt,
652 2346 688 2379 et
717 2354 792 2392 qua
828 2339 918 2378 tales

109 2400 157 2439 ab
200 2413 242 2439 eo
279 2403 456 2444 damnati.
504 2405 617 2443 Porro
641 2434 654 2453 ‚
701 2406 753 2443 ait
792 2406 871 2457 ipse
900 2432 913 2451 ,

112 2466 426 2518 quemadmodum
476 2469 640 2508 Christus
679 2483 757 2508 non
805 2469 921 2508 habet

112 2530 283 2570 membra
300 2533 470 2574 damnata
489 2538 529 2574 in
546 2550 694 2588 corpore
707 2550 772 2574 suo
789 2565 799 2582 ‚
820 2536 921 2589 quod

111 2604 166 2637 est
198 2597 359 2638 Ecclesia
387 2629 399 2645 ,
428 2602 480 2638 sic
497 2630 508 2649 ‚
542 2602 627 2641 licet
650 2604 709 2640 isti
727 2602 923 2642 videantur

112 2666 272 2703 exterius
311 2665 359 2703 ad
394 2665 594 2705 Ecclesiam
629 2669 835 2719 pertinere,
872 2672 923 2706 at-

114 2736 238 2768 tamen
271 2744 349 2769 non
384 2724 644 2782 computantur
681 2734 722 2769 in
749 2733 923 2771 membris

115 2794 217 2832 illius
230 2795 415 2834 columbae
434 2799 551 2836 unicae
567 2827 577 2844 ‚
588 2798 716 2844 ,donec
739 2800 923 2849 corrigan-

116 2866 178 2897 tur
196 2867 232 2898 et
249 2860 481 2913 resipiscant.
506 2863 665 2902 Evidens
696 2872 818 2902 autem
845 2872 897 2903 est
911 2893 922 2913 ‚

117 2926 176 2962 vic
203 2926 304 2978 loqui
324 2926 365 2966 S.
390 2927 586 2968 Doctorem
607 2929 654 2968 de
674 2929 851 2968 membris
872 2931 926 2969 vi-

119 2991 175 3027 vis
194 2989 382 3041 Ecclesiae,
408 2992 531 3046 qualia
552 2995 715 3046 profecto
742 3008 818 3034 non
839 3003 926 3037 sunt

984 1559 1216 1603 peccatores3
1253 1566 1329 1590 non
1373 1561 1498 1592 autem
1536 1555 1582 1594 de
1619 1554 1797 1594 membris

990 1617 1156 1656 absolute
1174 1645 1186 1665 ,
1212 1625 1253 1655 ut
1272 1625 1372 1669 patet
1386 1632 1429 1657 ex
1446 1620 1616 1658 antithesi
1629 1649 1642 1669 ,
1681 1635 1795 1674 quam

982 1681 1045 1720 hie
1071 1684 1230 1720 instituit
1255 1680 1297 1724 S.
1322 1682 1550 1734 Augustinus
1571 1687 1765 1724 interillos
1782 1715 1793 1733 ,

983 1749 1048 1798 qui
1071 1755 1287 1799 receperunt
1304 1747 1486 1799 baptisma
1510 1749 1609 1801 fim's
1623 1779 1636 1799 ,
1661 1764 1795 1802 nempe

982 1811 1027 1848 ab
1048 1812 1230 1851 haereticis
1246 1841 1257 1860 ‚
1285 1821 1321 1851 et
1340 1813 1421 1851 illos
1434 1844 1444 1862 ‚
1460 1817 1524 1866 qui
1542 1816 1641 1854 idem
1667 1833 1794 1859 susce-

982 1884 1117 1927 perunt
1137 1879 1243 1915 imus
1256 1891 1276 1915 a
1293 1880 1562 1930 peccatoribus.
1583 1882 1665 1922 Cfr.
1683 1887 1794 1925 etiam

983 1943 1226 1983 Bellarminus
1246 1974 1256 1992 ,
1285 1946 1365 1984 loco
1393 1948 1519 1986 citato.

1039 2011 1089 2062 (2)
1119 2010 1197 2052 Cfr.
1227 2012 1272 2050 de
1299 2012 1372 2051 hoc
1394 2024 1610 2065 argumento
1633 2017 1673 2056 P.
1694 2019 1793 2059 Fon-

982 2085 1065 2115 tana
1076 2076 1115 2115 S.
1132 2076 1167 2115 J.
1194 2079 1234 2116 in
1259 2076 1419 2118 Constz't.
1441 2079 1657 2122 Umamuws
1687 2084 1792 2124 theo-

980 2141 1100 2193 loqice
1148 2150 1394 2195 propuqnata
1431 2171 1447 2194 ‚
1488 2145 1615 2185 Romae
1665 2162 1761 2202 1721
1780 2179 1793 2198 ,

981 2215 1074 2246 tom.
1120 2221 1177 2246 in.
1214 2207 1310 2246 Cum
1344 2211 1444 2248 enim
1475 2209 1693 2262 Quesnellus
1734 2226 1792 2252 se-

981 2274 1177 2311 ctariorum
1211 2287 1312 2312 more
1365 2275 1472 2314 vellet
1511 2276 1794 2317 damnationem

981 2338 1191 2388 declinare,
1228 2347 1366 2390 septem
1393 2342 1705 2392 propositionibus
1734 2345 1794 2382 ni-

982 2417 1042 2441 sus
1066 2412 1120 2442 est
1131 2405 1319 2444 insinuare
1335 2433 1346 2452 ‚
1372 2403 1575 2444 Ecclesiam
1595 2421 1671 2446 esse
1699 2409 1793 2447 invi-

984 2469 1154 2518 sibilem,
1195 2483 1266 2508 nec
1293 2470 1341 2508 ad
1373 2469 1476 2509 illam
1509 2474 1691 2524 pertinere
1723 2476 1795 2513 nisi

984 2537 1115 2576 electos
1133 2545 1168 2577 et
1187 2539 1318 2591 justos.
1342 2536 1438 2575 Sunt
1462 2547 1586 2577 autem
1612 2542 1792 2593 proposit.

985 2615 1081 2640 Lxxu
1101 2611 1136 2641 et
1150 2611 1346 2655 sequentes
1359 2617 1476 2656 usque
1492 2604 1537 2642 ad
1554 2619 1659 2657 prop.
1672 2619 1794 2646 txnx.

986 2666 1081 2717 Has,
1103 2677 1143 2707 ut
1168 2668 1282 2716 solet,
1303 2668 1467 2707 Fontana
1490 2672 1634 2722 copiose
1658 2680 1692 2710 et
1711 2686 1795 2711 eru-

987 2733 1062 2770 dite
1087 2734 1271 2772 confutat.
1303 2733 1352 2772 Ut
1385 2736 1569 2786 specimen
1602 2737 1794 2776 exhibeam

988 2798 1250 2850 Quesnellianae
1274 2800 1449 2839 doctrinae
1467 2830 1479 2852 ‚
1496 2804 1576 2854 ejus
1589 2804 1794 2842 exscribam

987 2867 1271 2917 propositionem
1291 2879 1410 2915 mxu,
1434 2881 1514 2919 quae
1527 2869 1578 2906 ita
1599 2882 1636 2907 se
1655 2869 1766 2907 habet
1779 2882 1791 2906 ε

989 2930 1091 2969 Nota
1107 2930 1292 2971 Ecclesioe
1302 2930 1522 2971 christiam
1538 2938 1608 2983 est,
1633 2932 1733 2985 quod
1742 2934 1796 2971 sit

991 2995 1177 3035 catholica
1200 3027 1211 3047 ‚
1248 2997 1565 3051 comprehendens
1599 3004 1633 3036 et
1665 3010 1794 3036 omncs

1519 3061 1565 3107 4.
