2028 3354
1681 186 1773 234 351

359 210 485 241 PART.
523 211 553 238 1.
594 209 714 239 SECT.
756 209 806 238 11.
847 209 947 238 CAP.
989 209 1020 236 1.
1059 207 1111 234 ΒΕ
1148 206 1271 235 PETRI
1308 205 1521 235 PRIMATU.

143 324 252 371 517.
292 323 601 370 perniciosum
624 321 713 368 hoc
733 338 784 368 ac
813 321 949 368 toties
979 320 1296 385 proscriptum
1325 328 1524 383 systema
1557 318 1691 366 avide
1715 319 1773 366 ab

77 399 420 465 appellantibus
453 407 691 463 arreptum
725 398 842 456 suit,
879 398 1111 462 praecipue
1132 413 1242 443 vero
1274 413 1299 442 a
1330 395 1605 454 meesnello,
1648 399 1776 458 cujus

75 476 329 543 propositio
364 476 439 522 XC
461 475 510 521 in
535 474 792 538 dogmatica
815 475 1002 521 constit.
1041 473 1323 536 Uniyenitvzs
1353 472 1574 519 damnata
1606 473 1779 519 fuithis

76 552 230 601 verbis
247 560 466 616 concepta
493 569 503 597 t
533 552 750 599 Ecclesia
768 554 1104 597 auctoritatem
1129 550 1589 595 excommum'camlz'
1609 550 1776 607 habet,

77 637 133 676 ut
152 646 256 674 eam
281 636 491 675 exerceat
509 645 600 690 per
622 631 800 690 primos
822 635 1064 689 pastores,
1093 625 1149 670 de
1172 642 1403 670 consensu
1428 662 1439 683 ,
1463 627 1629 672 saltem
1653 644 1781 689 proe-

74 713 284 767 sumpto,
314 709 460 750 totius
489 707 700 767 corporis
732 704 820 765 (1).
861 703 992 747 Hanc
1019 699 1236 746 eamdem
1263 699 1527 746 doctrinam
1547 737 1559 759 ‚
1586 711 1639 748 ut
1661 702 1780 750 vidi-

75 798 178 827 mus
197 817 209 840 ,
239 780 481 845 adoptavit
510 780 713 844 synodus
744 777 1036 824 pistoriensis
1060 775 1152 838 (2).

139 857 248 903 518.
285 859 392 904 ‚Iam
421 873 532 905 vero
556 860 661 918 jure
692 855 859 901 merito
895 851 1125 915 ejusmodi
1171 851 1435 898 doctrinam
1470 855 1780 919 proscriptam

75 949 174 981 esse
195 950 246 979 ac
269 941 379 979 nota
404 930 652 979 haereticali
683 929 888 975 inustam
906 964 918 987 Ἴ
952 929 1015 975 sic
1048 926 1256 974 breviter
1285 927 1588 976 ostendimus.
1615 931 1779 977 Petrus

74 1009 344 1056 immediate
367 1008 425 1054 ab
457 1006 653 1054 Ecclesia
671 1042 684 1065 ἦ
705 1023 785 1052 seu
809 1004 1048 1052 mediante
1071 1003 1269 1050 Ecclesia
1289 1040 1299 1061 ,
1314 1004 1652 1066 jurisdictionis
1678 1007 1779 1072 pri-

76 1094 255 1132 matum
271 1102 367 1130 non
382 1083 584 1147 accepit7
617 1082 654 1128 si
680 1082 888 1127 Christus
906 1097 990 1145 per
1014 1097 1061 1126 se
1094 1097 1144 1126 ac
1171 1080 1445 1127 immediate
1465 1081 1684 1129 eumdem
1708 1083 1779 1131 illi

74 1161 330 1226 primatum
343 1159 556 1224 promisit
575 1157 827 1205 etcontulit
847 1174 1010 1222 gporro
1031 1155 1268 1202 Christum
1287 1156 1556 1204 immediate
1567 1176 1616 1205 ac
1631 1177 1716 1224 per
1732 1177 1781 1209 se

69 1235 402 1300 jurisdictionis
422 1235 674 1300 primatum
688 1234 735 1280 in
749 1234 1017 1282 universam
1034 1231 1281 1279 Ecclesiam
1302 1234 1439 1279 Petro
1450 1235 1716 1299 promisisse
1732 1245 1781 1284 et

77 1312 346 1369 contulisse,
370 1312 615 1360 evidenter
635 1318 816 1357 constat
843 1327 900 1356 ex
920 1310 989 1370 iis,
1005 1326 1108 1373 quae
1132 1308 1181 1354 in
1204 1308 1582 1373 praecedentibus
1609 1329 1780 1377 propo-

76 1387 319 1437 sitionibus
338 1388 655 1434 disseruimus,
685 1385 987 1433 Ostendimus
1022 1384 1177 1445 enim,
1206 1385 1349 1433 verba
1385 1385 1557 1433 Christi
1591 1405 1601 1433 ε
1635 1389 1711 1436 Tu
1732 1407 1779 1437 es

69 1473 235 1529 petra,
271 1465 438 1529 quibus
473 1463 688 1529 promisit
718 1462 1007 1527 primatum,
1033 1477 1085 1507 36
1113 1459 1194 1507 illa
1217 1460 1386 1525 quibus
1419 1462 1641 1510 eumdem
1662 1481 1778 1512 con-

76 1541 208 1599 tulit,
239 1558 413 1605 nempe
452 1558 463 1586 ε
499 1541 649 1586 Pasce
687 1556 832 1603 aynos
868 1555 1016 1593 meos,
1051 1554 1193 1598 pasce
1223 1555 1326 1584 oves
1363 1555 1521 1598 meas,
1554 1540 1778 1605 peculiari

76 1618 202 1665 Petri
225 1632 433 1682 personae
457 1616 578 1662 dicta
609 1615 744 1662 fuisse
763 1651 775 1674 a
801 1631 886 1662 nec
920 1613 1008 1660 nisi
1031 1630 1115 1678 per
1156 1613 1408 1678 quamdam
1452 1619 1778 1667 extensionem

75 1710 213 1740 sensu
249 1692 405 1757 aliquo
438 1692 737 1739 accommodo
769 1708 820 1737 ac
860 1707 945 1755 per
972 1689 1379 1755 participationem
1413 1692 1644 1756 Apostolis
1675 1694 1779 1742 reli-

75 1770 203 1835 quis7
225 1768 375 1815 multo
394 1786 505 1816 vero
528 1769 683 1815 minus
710 1766 919 1814 fidelium
940 1766 1080 1813 coetui
1093 1767 1343 1814 convenire
1363 1785 1523 1832 posse3
1546 1779 1777 1834 quatenus

76 1845 247 1893 scilicet
274 1845 478 1911 Apostoli
500 1854 547 1892 et
575 1844 733 1892 fideles
756 1853 899 1910 petrae
927 1841 1268 1890 fundamentali
1291 1860 1342 1890 ac
1369 1845 1606 1908 primariae
1630 1847 1778 1896 Eccle-

77 1922 155 1970 siae
193 1921 388 1969 visibilis
411 1958 424 1983 ,
453 1924 604 1969 Petro
641 1937 843 1986 nempe,
874 1919 1107 1967 inhaerent
1139 1927 1185 1966 et
1219 1936 1325 1966 cum
1358 1938 1411 1968 eo
1452 1922 1502 1968 in
1545 1924 1776 1972 unitatem

76 1999 388 2057 conveniunt3
413 1998 539 2063 quod
560 2007 607 2045 et
624 1999 803 2054 Patres,
831 2005 885 2044 ut
913 1995 1116 2044 vidimus
1132 2031 1145 2055 7
1168 2013 1261 2043 uno
1297 1997 1453 2045 animo
1491 1999 1660 2048 docent
1683 2001 1770 2066 (3).

961 2221 1112 2254 tantum
1145 2222 1180 2253 et
1213 2223 1387 2255 executor
1419 2217 1651 2258 decretorum
1699 2219 1776 2261 Ec-

961 2280 1102 2319 clesiae.

80 2216 189 2267 Prop.
208 2229 274 2263 ιιι,
302 2231 384 2270 pag.
415 2231 488 2256 10:
518 2217 699 2256 Christus
717 2229 796 2254 lnon
815 2223 891 2254 tam

79 2283 156 2321 uni
178 2279 311 2330 Petro,
336 2285 617 2334 quantunitati
649 2282 893 2335 infallibilem

81 2347 251 2386 clavium
269 2355 488 2399 potestatem
508 2348 656 2388 detulit.
683 2349 791 2400 Prop.
827 2361 862 2386 iv
877 2375 888 2394 ‚

79 2427 167 2465 pag.
194 2425 240 2450 12
270 2425 280 2450 :
305 2412 434 2451 Status
453 2413 634 2453 Ecclesiae
659 2415 706 2453 ab
724 2413 892 2466 ejusdem

79 2479 268 2529 reqimine
308 2477 576 2530 dictinquitur.
617 2477 751 2518 Status
788 2480 892 2517 enim

80 2543 349 2583 monarchicm
369 2551 469 2584 est...
486 2546 672 2596 Reqimen
696 2558 782 2584 vero
793 2547 892 2583 aris-

80 2610 359 2649 tocraticum...
386 2610 478 2660 quia
509 2614 684 2647 omnium
707 2611 891 2662 optimam

81 2681 117 2714 et
147 2681 298 2714 naturae
329 2676 743 2715 convenientissimum.
780 2675 888 2725 Prop.

82 2754 105 2779 v
119 2768 134 2788 ,
160 2754 248 2794 pag.
284 2738 330 2778 18
356 2755 366 2779 :
393 2740 535 2778 Petrus
567 2740 688 2779 claves
718 2739 891 2794 jurisdi-

81 2807 219 2843 ationis
243 2807 424 2859 accepita
439 2805 590 2844 Christo
602 2806 788 2853 Domino,
810 2819 889 2844 non

77 2883 150 2923 pro
175 2883 235 2919 ae,
261 2871 327 2910 sed
348 2885 422 2924 pro
441 2871 645 2920 Ecclesia,
673 2879 708 2910 et
735 2872 890 2911 nomine

84 2936 199 2973 totius
218 2934 422 2987 Ecclesia»,
453 2951 532 2976 non
560 2944 602 2976 ut
619 2943 754 2990 pastor
785 2949 885 2975 ωου-

83 3001 253 3039 maninus
281 3007 315 3039 et
335 3003 515 3056 princeps
533 3032 543 3051 ‚
567 3002 632 3041 aed
653 3009 696 3041 ut
714 2994 889 3041 minister

1017 2345 1163 2396 (1)Cfr.
1186 2348 1224 2384 in
1247 2347 1344 2386 hanc
1358 2351 1645 2400 propositionem
1673 2351 1774 2391 Fon-

959 2420 1045 2450 tana
1068 2413 1107 2449 in
1122 2426 1183 2464 op.
1208 2414 1270 2451 cit.
1299 2412 1529 2453 constitutio
1556 2416 1773 2456 [immamus

956 2484 1221 2529 propuqnata,
1235 2486 1326 2517 tom.
1341 2492 1397 2528 111,
1417 2480 1490 2520 col.
1510 2479 1610 2532 1140
1622 2491 1770 2538 etseqq.

1015 2542 1067 2593 (2)
1095 2543 1228 2596 Propp.
1257 2558 1284 2584 11
1312 2553 1347 2584 et
1369 2558 1427 2585 nr.

1015 2606 1067 2659 (3)
1081 2608 1103 2647 J
1106 2612 1223 2649 averit
1235 2611 1296 2649 hio
1309 2625 1373 2663 pro
1387 2614 1661 2664 opportunitate
1673 2628 1769 2653 non-

959 2672 1060 2712 nulla
1080 2675 1240 2727 adjicere
1264 2676 1415 2715 Patrum
1440 2680 1648 2717 testimonia
1664 2708 1675 2725 ‚
1691 2694 1773 2732 quae

958 2752 1035 2776 rem
1053 2739 1203 2791 propius
1216 2743 1396 2794 attingant
1413 2773 1423 2789 ‚
1437 2751 1471 2781 et
1487 2757 1532 2782 ex
1554 2744 1691 2796 quibus
1704 2759 1771 2796 pa-

958 2809 1033 2842 teat
1058 2804 1205 2844 illorum
1226 2820 1401 2858 germana
1419 2808 1601 2847 doctrina.
1621 2809 1769 2847 Tertul-

957 2870 1101 2917 lianus,
1116 2870 1319 2924 Scorpiace
1333 2903 1343 2921 ‚
1363 2886 1447 2924 cap.
1468 2886 1512 2911 10
1529 2885 1538 2911 :
1557 2874 1766 2922 lVIemenm,

956 2936 1081 2989 inquit
1094 2966 1105 2984 ‚
1131 2936 1253 2976 claves
1272 2939 1355 2991 ejuss
1375 2938 1439 2977 hic
1467 2938 1681 2977 Dominum
1699 2940 1769 2977 Pe-

958 3009 1015 3041 tro
1029 3028 1042 3050 ,
1083 3009 1118 3041 et
1132 3017 1204 3056 per
1221 3018 1309 3043 eum
1348 3003 1388 3042 E
1389 3004 1535 3043 cclesiae
1556 3004 1766 3056 reliqui-we.
