2028 3354
218 179 274 226 16
689 204 843 235 macr.
883 205 936 234 ms
971 207 1088 237 roms
1124 210 1418 242 rnnoroeicis.

278 313 357 362 31.
400 316 548 382 Atque
580 317 628 362 id
655 316 845 364 evidens
865 319 1076 384 inprimis
1103 325 1157 370 fit
1176 335 1380 390 spectata
1408 327 1613 375 Ecclesiae
1641 330 1814 393 origine
1836 349 1886 378 ac

213 399 396 438 natura.
420 393 538 439 Nam
561 390 772 439 Christus
792 394 1009 442 Servator
1026 408 1204 458 noster,
1224 405 1321 463 ejus
1342 403 1553 451 conditor
1570 413 1617 451 et
1635 405 1889 467 institutor,

213 466 333 513 nihil
363 467 552 513 omnino
581 466 745 514 litteris
778 470 1068 534 consignavit
1099 474 1197 537 (l);
1233 477 1339 532 sed,
1360 490 1499 543 prout
1530 481 1706 528 ferebat
1743 483 1889 529 aetatis

211 540 333 588 illius
361 542 668 602 consuetudo,
708 543 969 594 doctrinam
1009 564 1139 594 suam
1170 548 1289 596 vivae
1315 554 1436 600 vocis
1466 556 1650 603 oraculo
1674 557 1883 604 tradidit.

211 616 275 663 Ut
300 625 456 664 autem
485 619 615 665 citius
644 619 779 682 longe
807 619 991 686 lateque
1016 634 1350 688 propagaretur
1369 664 1381 686 .,
1419 630 1543 677 misit
1570 633 1811 697 Apostolos
1843 643 1890 679 et

210 691 456 757 discipulos
482 696 531 739 in
549 695 575 740 J
580 694 757 742 udaeam
777 697 982 761 primum
1002 699 1071 762 (2)
1092 735 1104 757 q,
1137 699 1305 749 deinde
1331 720 1441 750 vero
1465 704 1516 750 in
1542 708 1771 755 mundum
1793 709 1892 755 uni-

210 783 395 816 versum
413 804 425 828 ,
452 778 503 816 ut
527 787 628 817 eam
648 771 748 836 pari
762 772 939 821 ratione
956 809 968 833 ,
989 773 1038 821 id
1060 784 1129 822 est
1145 811 1157 835 ,
1179 777 1283 827 viva
1303 795 1413 826 voce
1433 779 1789 830 disseminarent
1804 784 1888 847 (3)

209 901 420 938 testantium
446 901 493 939 ad
520 902 592 940 hoc
607 904 729 954 ipsum
751 904 1016 944 adstruendum

207 967 436 1005 auctoritates
458 980 649 1019 congerere
664 999 674 1017 ‚
693 971 764 1008 nisi
789 978 949 1022 ageretur
972 972 1018 1009 de

206 1043 246 1069 re
260 1058 274 1079 ‚
297 1045 377 1083 quae
397 1047 416 1070 a
439 1035 587 1072 nemine
606 1034 651 1072 in
665 1034 826 1074 dubium
846 1042 1013 1075 vocatur.

205 1094 283 1134 Cfr.
306 1096 486 1146 Celerier‚
522 1097 643 1138 Essai
677 1100 789 1139 d’une
818 1101 1016 1140 introduc-

202 1161 286 1199 tion
308 1163 490 1214 critique,
504 1173 559 1203 etc
576 1193 586 1204 .
611 1180 693 1218 pag.
720 1164 810 1205 260.

258 1227 309 1278 (l)
339 1227 378 1266 S.
421 1226 652 1281 Augustinus
677 1260 689 1276 ,
732 1230 788 1270 De
830 1245 1015 1271 consensu

202 1293 547 1346 evanqelistarum‚
584 1296 652 1335 lib.
681 1311 719 1345 1,
758 1311 842 1348 cap.
868 1311 920 1350 9,
945 1298 1014 1336 sub

203 1360 338 1399 Christi
353 1362 504 1400 nomine
524 1361 686 1414 vulgatos
706 1371 884 1401 memorat
898 1378 918 1402 a
933 1363 1014 1402 Ma—

202 1427 351 1465 nichaeis
364 1427 490 1474 libros,
512 1429 550 1465 in
567 1427 717 1480 quibus,
734 1428 938 1466 habebatur
956 1443 1013 1467 ars

203 1492 371 1544 patrandi
407 1492 570 1544 prodigia
594 1523 605 1542 ,
641 1507 753 1545 quam
786 1492 1013 1533 Salvatorem

203 1559 408 1597 exercuisse
432 1557 601 1606 homines
630 1560 866 1610 impurissimi
901 1567 1011 1598 autu-

204 1623 375 1663 mabant.
413 1623 460 1662 Hi
497 1637 608 1674 porro
640 1624 725 1662 libri
771 1627 893 1663 statim
928 1639 1011 1663 cum

204 1693 433 1728 execratione
453 1687 579 1741 rejecti
601 1698 700 1728 sunt.
725 1689 829 1728 Idem
846 1720 856 1738 ‚
875 1688 1009 1741 Epist.

203 1768 387 1802 ccxxxvn,
405 1755 492 1793 edit.
508 1755 625 1793 Maur.
640 1755 686 1794 al.
708 1763 1013 1802 ch1v‚memorat

203 1836 223 1860 a
239 1820 519 1859 Priscillianistis
534 1822 778 1871 compositum
802 1821 889 1873 hym
898 1835 1006 1868 num,

204 1901 315 1940 quem
330 1886 495 1924 Christus
515 1916 525 1933 ‚
549 1876 686 1924 Matthss
703 1899 788 1924 xxvr
807 1916 817 1933 ‚
838 1886 884 1924 ad
898 1899 1009 1924 mon-

201 1960 278 1990 tem
302 1949 490 1990 Olivetum
519 1964 672 2002 pergens
697 1952 829 1989 dixisse
868 1952 1006 1999 fertur,

201 2031 247 2057 ac
270 2019 386 2070 rejicit
408 2018 511 2056 velut
537 2015 732 2055 obscurum
757 2018 1010 2056 haereticorum

203 2084 443 2137 figmentum.
462 2081 616 2122 Gravior
638 2091 689 2122 est
708 2087 952 2122 controversia
965 2085 1012 2123 de

203 2150 342 2189 mutuis
356 2148 488 2187 Christi
506 2156 543 2190 et
563 2146 700 2200 Abgari
717 2148 888 2187 Edesseni
906 2152 1009 2201 prin-

204 2218 295 2268 cipis
308 2215 469 2267 epistolis
481 2243 494 2261 ,
514 2228 608 2267 quas
622 2244 631 2262 ‚
648 2229 690 2253 ex
705 2213 894 2253 Edessenae
911 2216 1011 2253 urbis

204 2282 373 2320 archiviis
397 2284 542 2329 erutas,
579 2294 599 2319 e
622 2278 800 2333 Syrorum
830 2279 953 2331 lingua
975 2296 1012 2319 se

204 2346 432 2385 transtulisse
458 2350 610 2384 testatur
636 2345 837 2392 Eusebius,
867 2344 939 2383 lib.
971 2360 1008 2394 1,

205 2426 285 2462 cap.
309 2425 370 2450 12.
397 2411 558 2450 Gelasius
581 2410 921 2461 inter-appocrypha
945 2410 1010 2449 has

205 2477 327 2515 retulit
349 2478 544 2527 epistola53
574 2490 616 2513 ac
638 2477 766 2513 merito
782 2505 792 2522 ‚
823 2488 906 2513 cum
938 2474 1010 2513 Ec·

205 2541 313 2580 clesia
326 2555 386 2579 eas
412 2555 487 2578 non
510 2542 708 2591 receperit,
732 2547 767 2577 et
786 2544 873 2577 ante
894 2539 1009 2578 Euse-

205 2606 311 2644 bium
325 2635 336 2656 ‚
363 2614 424 2643 aut
449 2614 489 2644 ut
508 2604 646 2644 Grabio
673 2604 792 2656 placet
811 2633 824 2651 ‚
855 2606 895 2642 in
915 2603 1011 2657 Spi-

205 2670 339 2722 cileyio
364 2670 529 2708 Patr-um
554 2684 567 2709 1
583 2669 701 2708 seculi
714 2700 724 2718 ‚
756 2678 838 2708 ante
867 2669 1009 2708 Julium

205 2735 436 2783 Africanum,
465 2737 690 2788 quiprimus·
709 2736 866 2786 reperit,
900 2734 1009 2774 Chri·

209 2802 342 2840 stianos
353 2815 480 2839 omnes
501 2801 689 2839 latuerint.
705 2800 876 2838 Attamen
895 2799 1007 2840 Tille-

208 2867 394 2912 montius,
429 2865 569 2905 Caveus
603 2873 712 2918 atque
742 2864 897 2903 Grabius
923 2880 1006 2917 pro-

207 2931 418 2983 pugnandas
436 2932 504 2969 sibi
520 2945 597 2970 esse
607 2931 805 2969 duxerunt.
819 2929 1008 2969 Potissima

207 3010 335 3037 eorum
360 3000 449 3037 ratio
475 2997 520 3037 ab
541 2997 688 3037 Eusebii
722 2997 794 3036 fide
811 3027 821 3044 ‚
853 2998 1010 3037 candore

1083 920 1124 945 ac
1148 909 1353 947 eruditione
1381 912 1508 949 oritur.
1537 911 1626 950 Haec
1650 926 1756 963 porro
1783 916 1826 954 ad
1851 916 1890 953 id

1082 972 1236 1017 valuisse
1255 974 1412 1012 dicimus
1430 1005 1439 1022 ‚
1464 985 1504 1014 ut
1522 978 1616 1014 nihil
1630 978 1810 1018 Eusebius
1823 980 1890 1018 ob·-

1081 1037 1268 1087 truderet,
1292 1037 1396 1091 quod
1422 1041 1595 1079 archiviis
1611 1043 1792 1081 edessenis
1815 1058 1891 1082 non

1082 1111 1244 1153 extaret3
1267 1119 1344 1142 non
1358 1113 1396 1142 ut
1408 1108 1611 1157 genuinum
1641 1107 1765 1156 fieret,
1792 1110 1892 1161 quod

1080 1168 1167 1207 inde
1201 1168 1436 1221 deprompsit.
1470 1171 1589 1209 Altera
1623 1174 1758 1222 petitur
1794 1176 1886 1212 ratio

1082 1246 1123 1271 ex
1141 1233 1313 1284 Ephremi
1329 1234 1409 1287 Syri
1430 1237 1489 1284 (in
1504 1238 1735 1287 testamento)
1752 1268 1761 1284 ‚
1784 1237 1885 1277 Darii

1080 1301 1224 1336 comitis
1241 1299 1292 1349 (in
1307 1301 1461 1351 epist.ad
1473 1300 1726 1354 Augustinum
1745 1305 1888 1353 ccxxx),

1080 1362 1270 1416 Procopii,
1292 1366 1472 1404 Theodori
1494 1367 1646 1406 Studitae
1663 1376 1772 1417 atque
1801 1367 1891 1408 Gre-

1079 1431 1169 1480 gorii
1191 1431 1217 1467 n'
1240 1434 1455 1470 auctoritate
1472 1461 1482 1479 ‚
1521 1435 1586 1484 qui
1615 1446 1675 1472 eas
1707 1447 1793 1471 cum
1820 1434 1889 1472 ho-

1081 1496 1178 1532 noris
1195 1496 1462 1547 significatione
1479 1507 1696 1536 memorant.
1719 1497 1787 1538 Ast
1803 1499 1889 1537 Pro-

1081 1561 1208 1610 copius
1230 1569 1413 1611 suspectas
1435 1562 1589 1609 habuit,
1613 1565 1722 1601 ceteri
1739 1563 1889 1603 Eusebii

1079 1624 1193 1662 fidem
1215 1627 1376 1669 securius
1400 1628 1513 1664 secuti
1535 1635 1634 1666 sunt.
1660 1627 1781 1666 Tertia
1798 1631 1888 1668 ratio

1078 1691 1259 1739 profertur
1285 1705 1328 1728 ex
1353 1705 1417 1737 eo,
1446 1692 1548 1743 quod
1573 1692 1668 1729 nihil
1696 1695 1888 1732 continent

1079 1754 1223 1793 Christo
1243 1756 1454 1805 indignum.
1477 1756 1588 1805 Esto;
1622 1758 1682 1795 sed
1708 1758 1794 1796 inde
1810 1772 1886 1797 non

1078 1821 1266 1871 sequitur,
1295 1833 1355 1858 eas
1378 1821 1608 1859 authenticas
1634 1836 1725 1861 esse.

1131 1885 1184 1936 (2)
1214 1885 1344 1923 Matth.
1361 1899 1384 1923 x
1401 1915 1411 1933 ,
1430 1884 1452 1924 5
1468 1915 1478 1933 ‚
1493 1886 1576 1925 Act.
1590 1901 1654 1924 xm
1672 1915 1683 1936 ,
1711 1885 1789 1937 46.
1802 1888 1886 1928 Cle-

1079 1962 1183 1987 mens
1211 1948 1323 1988 Alex.
1360 1964 1406 1988 ex
1438 1959 1603 1989 veterum
1643 1947 1839 1991 traditione
1871 1982 1883 2002 ,

1078 2015 1176 2067 apud
1189 2015 1406 2063 Eusebium,
1420 2017 1491 2055 lib.
1512 2031 1549 2064 v,
1562 2031 1641 2069 cap.
1664 2016 1711 2056 18
1726 2047 1738 2065 .·.
1764 2019 1886 2067 refert,

1077 2079 1279 2124 Dominum
1296 2083 1509 2132 praecepisse
1532 2082 1713 2134 Apostolis
1726 2112 1738 2131 ‚
1760 2097 1807 2120 ne
1827 2085 1886 2121 in-

1077 2152 1139 2183 tra
1162 2144 1363 2184 duodecim
1380 2158 1502 2184 annos
1533 2146 1810 2199 Hierosolymis
1829 2162 1886 2187 ex-

1076 2211 1264 2250 cederent.

1131 2276 1183 2327 (3)
1213 2276 1330 2327 Cujus
1373 2276 1522 2328 quidem
1564 2279 1771 2316 assertionis
1795 2307 1808 2328 ‚
1841 2278 1886 2317 de

1076 2341 1341 2379 consuetudine
1356 2355 1489 2393 nempe
1513 2349 1602 2381 tunc
1623 2345 1798 2394 temporis
1826 2356 1885 2381 re-

1076 2415 1179 2458 cepta
1206 2407 1307 2457 apud
1330 2405 1476 2445 Judaeos
1498 2407 1543 2445 de
1568 2408 1886 2446 communicandis

1076 2473 1156 2510 viva
1185 2485 1272 2509 voce
1312 2479 1349 2510 et
1387 2486 1451 2524 per
1485 2476 1641 2512 nuncios
1679 2476 1879 2521 doctrinis,

1075 2536 1203 2575 vadem
1229 2536 1360 2575 damus
1386 2538 1549 2589 judaeum
1582 2538 1786 2586 Salvador,
1817 2540 1881 2590 qui

1078 2616 1140 2654 op.
1180 2604 1243 2641 cit.
1280 2610 1368 2641 tom.
1395 2614 1434 2651 1,
1468 2618 1550 2656 pag.
1589 2604 1692 2653 160,
1727 2604 1879 2656 scribit3

1076 2665 1244 2718 L’usaqe
1279 2668 1483 2721 hebraique
1516 2670 1561 2708 de
1598 2671 1885 2722 oommuniquer

1077 2731 1129 2771 les
1140 2733 1525 2787 enseiquementspar
1535 2735 1571 2773 la
1584 2733 1768 2772 tradition
1783 2735 1884 2774 orale

1073 2799 1161 2838 bien
1169 2799 1260 2853 plus
1268 2814 1339 2852 que
1344 2814 1423 2854 par
1432 2800 1635 2847 Meritum,
1648 2807 1684 2839 et
1694 2800 1885 2855 l'eoeemple

1072 2866 1137 2904 des
1174 2867 1342 2906 docteure
1379 2869 1682 2919 contemporaim
1706 2867 1765 2907 les
1795 2868 1886 2922 plus

1073 2931 1230 2971 celebres
1255 2932 1307 2971 du
1327 2945 1430 2985 pays
1454 2962 1463 2980 ‚
1493 2933 1789 2985 emptiolwraiene
1818 2947 1885 2973 en-

1074 3009 1157 3035 core
1184 2997 1230 3036 de
1252 2998 1345 3038 tirer
1373 2997 1419 3036 olo
1440 3011 1481 3036 oe
1511 2997 1589 3049 fait
1619 3011 1749 3038 aucun
1773 3012 1888 3050 arqu-
1928 3045 1929 3048 Ἴ
