2028 3354
272 261 397 291 ram.
437 263 467 289 1.
505 261 622 290 secr.
663 260 711 289 11.
752 260 852 289 cAP.
893 260 962 289 111.
1004 260 1057 288 mi
1093 257 1196 290 NAT.
1236 259 1288 288 m·
1325 259 1425 288 sun.
1463 257 1586 288 rium.
1690 238 1785 286 425

96 359 348 439 Episcopis,
363 373 528 438 quibus
545 373 593 419 in
607 372 772 420 eodem
786 389 954 436 genere
965 390 1050 439 par
1064 372 1201 419 simul
1214 381 1331 419 esset
1343 381 1390 420 et
1401 371 1622 438 superior.
1640 369 1693 417 3⁰
1707 371 1788 417 Ac·

99 450 219 497 cedit
231 486 245 510 ,
260 450 385 515 quod
404 466 577 496 nomen
596 450 828 513 Episcopi
848 451 1136 496 um'versalis
1148 449 1243 498 sive
1266 450 1547 496 oecumenici
1561 446 1787 513 proscrip-

99 534 200 572 tum
214 525 354 573 fuerit
373 542 397 572 a
419 527 461 572 S.
479 527 698 588 Gregorio
714 527 776 573 M.
796 535 1021 590 tanquam
1040 524 1341 588 blasphemiae
1359 541 1534 572 nomen
1550 560 1563 582 a
1580 522 1788 588 illudque

100 601 223 648 idem
246 611 346 657 tum
376 618 401 647 a
426 618 472 648 se
492 610 593 648 tum
619 619 644 648 a
669 602 850 648 Joanne
867 604 1130 663 jejunatore
1153 599 1378 662 repulerit
1396 601 1484 664 (1).
1507 600 1560 646 40
1579 597 1790 664 Episcopi

95 687 321 743 praeterea
342 696 504 726 omnes
522 679 763 744 possident
780 681 835 725 iu
859 678 1061 725 solidum
1089 693 1195 723 cum
1218 676 1464 734 pontifice„
1490 675 1664 740 absque
1683 677 1789 741 pri-
1855 677 1863 683 ’

96 763 248 800 matus
269 756 338 801 sui
355 755 620 819 praejudicio
637 790 649 812 ,
676 754 894 802 eumdem
922 753 1238 817 episcopatum
1253 786 1268 808 ,
1288 751 1532 815 ipsamque
1553 752 1790 817 episcopa-

96 830 190 877 lem
210 833 534 878 auctoritatem
553 868 565 890 ‚
584 835 718 894 juxta
742 829 982 893 vulgatum
1012 829 1059 875 S.
1092 828 1309 892 Cypriani
1329 827 1522 875 effatum
1548 845 1558 873 ε
1588 829 1791 891 Episco-

90 915 238 968 patus
269 925 397 954 uuus
428 916 519 964 cst,
551 911 688 969 cujus
714 923 747 951 a
780 905 987 969 sinqulis
1013 908 1068 950 in
1097 905 1304 951 solidum
1331 921 1453 966 pars·
1494 912 1679 951 tenetur
1697 906 1787 970 (2).

99 983 152 1029 50
166 985 414 1048 Propterea
431 983 504 1031 hic
523 984 564 1030 S.
586 984 785 1046 Martyr.,
810 981 870 1028 ad
890 979 1118 1043 ejusmodi
1141 981 1322 1028 romani
1338 980 1568 1028 Pontificis
1583 982 1790 1028 auctori-

96 1069 240 1107 tatem
263 1078 400 1125 super
419 1059 662 1124 Episcopos
682 1058 884 1123 reliquos
913 1057 1253 1104 excludendam
1267 1094 1280 1117 7
1299 1057 1350 1103 in
1376 1056 1579 1104 Concilio
1597 1056 1792 1106 Cartha·

96 1137 292 1201 giniensi
320 1134 469 1197 ajebat
495 1155 507 1181 ε
545 1136 709 1198 Neque
744 1136 1005 1198 quisquam
1035 1142 1254 1180 nostrum
1282 1133 1579 1197 Episcopum
1618 1151 1663 1181 se
1700 1152 1793 1182 esse

95 1213 443 1277 Episcoporum
467 1213 743 1267 constituit,
782 1219 870 1257 aut
901 1213 1156 1274 tyrannico
1188 1218 1365 1256 terrore
1404 1211 1475 1257 ad
1508 1211 1798 1273 obsequendi

95 1291 409 1335 necessitatem
440 1289 635 1351 collegas
665 1304 774 1334 suos
805 1287 961 1351 adigit
986 1285 1072 1350 (3).
1107 1288 1158 1333 60
1184 1286 1323 1348 Cujus
1350 1286 1550 1350 vestigiis
1576 1287 1798 1336 insistens·

95 1367 138 1412 S.
153 1365 465 1430 Hieronymus
496 1363 729 1412 scribebat
753 1363 811 1411 ad
830 1363 1114 1429 Evangelum
1137 1381 1149 1408 ·.
1173 1365 1231 1410 Si
1244 1366 1509 1410 auctoritas
1530 1369 1793 1428 quoeritur,

94 1442 222 1488 orbis
243 1444 401 1503 major
423 1451 489 1488 est
507 1442 643 1489 urbe.
675 1441 972 1506 Ubicumque
985 1443 1143 1504 fuerit
1166 1441 1459 1504 Episcopus,
1487 1444 1582 1488 sive
1602 1442 1792 1498 Romoe,

93 1521 189 1565 sive
211 1519 461 1583 Euyubii,
489 1520 583 1564 sive
610 1519 1018 1581 Constantinopoli
1032 1554 1044 1577 a
1067 1526 1151 1564 etc.
1178 1518 1390 1579 ejusdem
1417 1520 1584 1565 meriti
1607 1528 1651 1565 et
1673 1523 1792 1582 ejus-

94 1595 195 1641 dem
221 1603 288 1641 est
310 1596 574 1642 Sacerdotii
601 1595 686 1656 (4)
727 1595 780 1641 70
806 1595 955 1659 Atque
975 1594 1087 1641 hinc
1115 1593 1288 1641 factum
1318 1603 1416 1654 θεῖ,
1451 1603 1503 1641 ut
1535 1595 1792 1661 antiquitus

95 1670 304 1736 Episcopi
330 1688 424 1718 non
447 1669 596 1718 solum
623 1671 776 1734 Papoe
809 1671 981 1736 passim
1013 1680 1400 1736 nuncuparentur
1416 1707 1428 1731 ‚
1453 1688 1620 1720 verum
1648 1673 1791 1720 etiam

95 1744 361 1793 dicerentur
384 1748 673 1794 Sucoessores
712 1747 851 1794 Petri
871 1747 972 1810 (5),
1000 1746 1059 1793 ad
1097 1746 1446 1810 significandam
1469 1747 1792 1796 omnimodam

92 1822 142 1868 in
173 1821 421 1888 episcopali
463 1822 688 1885 dignitate
726 1840 832 1871 cum
873 1841 992 1869 rom.
1037 1823 1254 1871 Pontifice
1289 1824 1616 1889 aequalitatem.
1647 1825 1786 1891 Ergo.

157 1897 267 1945 609.
304 1899 441 1964 Resp.
483 1898 554 1946 Ad
592 1900 679 1952 1¹1¹,
714 1900 835 1963 Neq.
864 1901 987 1947 Dum
1017 1901 1143 1947 enim
1178 1901 1452 1961 asserimus,
1487 1902 1789 1964 Pontificem,

93 1974 365 2039 Episcopum
397 1975 706 2024 universalem
728 2013 740 2036 a
778 1993 875 2024 esse
906 1994 1091 2042 quoque
1127 1977 1453 2041 particularem
1487 1979 1643 2026 Romae
1681 1980 1792 2045 Epi-

94 2067 306 2116 scopum7
330 2052 378 2098 id
393 2069 539 2099 unum
553 2053 882 2116 significamus7
905 2071 1025 2100 rom.
1043 2070 1216 2119 nempe
1228 2055 1500 2102 Pontificem
1525 2056 1576 2102 in
1593 2055 1791 2103 Ecclesia

93 2127 312 2192 peculiari
336 2146 530 2176 romana
548 2146 652 2177 eam
671 2147 884 2178 exercere
900 2130 1249 2190 auctoritatem,
1271 2147 1409 2195 quam
1432 2140 1586 2196 potest
1600 2168 1613 2191 a
1639 2140 1685 2179 et
1704 2148 1793 2197 pro

95 2204 161 2249 rei
190 2206 542 2269 opportunitate
562 2206 714 2271 reipsa
738 2216 921 2254 exercet
941 2208 992 2253 in
1018 2207 1207 2270 singulis
1230 2207 1396 2254 mundi
1432 2208 1640 2256 Ecclesiis
1656 2246 1670 2270 7
1702 2207 1791 2255 hoe

97 2287 281 2326 tantum
305 2282 546 2345 interjecto
581 2283 849 2330 discrimine
868 2320 880 2342 ,
924 2284 1053 2349 quod
1080 2301 1184 2331 cum
1208 2284 1404 2331 Ecclesia
1431 2302 1624 2331 romana
1644 2284 1789 2331 alium

96 2370 193 2400 non
232 2354 400 2406 habeat
426 2360 703 2425 Episcopum
733 2377 757 2406 a
795 2360 1018 2409 Pontifice
1047 2360 1345 2420 distinctum3
1381 2362 1467 2408 iste
1497 2362 1547 2408 in
1586 2376 1790 2408 romanae

98 2429 304 2479 Ecclesiae
326 2436 549 2497 regimine
564 2453 673 2483 eum
697 2454 795 2484 non
817 2445 968 2486 servat
985 2437 1177 2484 modum
1202 2431 1371 2502 eosque
1391 2447 1654 2502 respectus,
1673 2453 1790 2504 quos

151 2641 209 2692 (1)
236 2640 321 2679 Lib.
348 2655 395 2688 v,
424 2638 551 2693 Epist.
579 2643 753 2691 xm1‚ad
767 2643 908 2696 Euloq.
976 2643 1105 2683 haeret.
1136 2645 1282 2698 baptiz.
1303 2645 1398 2684 ibid.
1417 2659 1500 2698 pag.
1527 2646 1607 2698 329
1627 2653 1663 2685 et
1682 2659 1787 2699 seqq.

97 2703 232 2758 Epi-sc.
253 2705 466 2745 Alexandr.
485 2707 574 2746 edit.
591 2707 711 2748 Maur.
730 2717 764 2748 et
776 2708 908 2761 Epist.
1030 2710 1083 2760 (4)
1113 2710 1212 2750 Edit.
1237 2710 1390 2751 vallars.
1413 2713 1520 2762 epist.
1546 2723 1661 2750 Cvai.

98 2784 216 2817 xviii,
240 2772 292 2811 ad
306 2773 497 2812 Joannem
522 2772 661 2827 Episc.
687 2773 911 2812 Constanti·
1031 2775 1082 2826 (ὅ)
1111 2776 1165 2814 Ita
1196 2779 1290 2815 inter
1317 2785 1455 2816 ceteros
1492 2775 1534 2818 S.
1561 2775 1790 2816 Gaudentius

98 2837 374 2890 napolilamem.
977 2840 1172 2881 Brixianus
1203 2850 1308 2881 vocat
1338 2842 1378 2882 S.
1415 2842 1653 2882 Ambrosium
1681 2838 1792 2881 Petra·

154 2903 207 2954 (2)
237 2903 321 2944 Lib.
345 2904 408 2944 De
435 2906 535 2945 unic.
559 2904 706 2946 Eccles.
729 2908 794 2946 cit.
815 2907 905 2946 edit.
975 2906 1153 2959 Apostoli
1170 2921 1417 2946 successorem
1433 2937 1444 2956 ,
1470 2910 1511 2946 in
1530 2906 1714 2947 Serm.in
1727 2906 1790 2944 die

97 2982 182 3021 pag.
205 2969 274 3022 93.
975 2973 1204 3013 ordinatim}
1225 2988 1305 3014 suae
1325 3004 1336 3022 ,
1379 2975 1445 3028 qui
1472 2981 1527 3013 est
1554 2987 1661 3013 num.
1703 2969 1751 3011 16
1774 3001 1786 3020 ‚

155 3033 208 3086 (3)
237 3034 443 3077 Sententioe
467 3039 672 3091 episcopor.
696 3051 840 3079 uxxm
864 3038 911 3078 de
977 3038 1070 3079 edit.
1093 3036 1272 3080 Brixiens.
1309 3037 1436 3093 1738,
1456 3053 1539 3092 pag.
1572 3036 1663 3088 334-
