2028 3354
210 187 306 235 300

691 200 846 230 TRAGT.
884 202 938 229 DE
972 202 1090 232 LOCIS
1125 203 1428 234 THEOLOGICIS.

280 318 394 368 450.
434 318 488 365 Id
506 325 664 363 autem
684 314 760 364 vel
779 332 836 362 ex
858 316 1097 381 proposito
1119 318 1219 381 ipso
1240 318 1411 367 Christi
1432 321 1761 379 confirmatur,
1785 321 1911 385 quod

211 397 299 444 fuit
323 394 570 443 Ecclesiam
602 392 806 440 condere
838 392 900 439 ad.
928 410 1146 439 normam
1168 396 1337 442 veteris
1367 413 1633 460 synagogae,
1658 405 1822 462 utpote
1843 406 1914 461 ty·

214 474 355 538 picae,
385 470 570 517 insertis
593 479 754 516 tamen
778 468 1020 516 nonnullis
1046 469 1376 518 variationibus
1398 473 1457 519 ad
1483 490 1655 520 novam
1679 490 1810 520 suam
1837 490 1915 520 so-

215 551 433 597 cietatem
457 546 600 609 magis
623 545 820 593 idoneis.
851 547 959 592 Jam
990 562 1101 593 vero
1128 563 1355 611 synagoga
1384 557 1519 595 vetus
1545 548 1915 596 constituebatur

213 642 270 672 ex
298 641 482 670 summo
509 622 786 681 Sacerdote,
831 639 913 670 seu
954 623 1174 687 pontifice
1212 640 1465 687 supremo,
1502 624 1672 672 deinde
1711 642 1824 673 vero
1858 641 1915 671 ex

214 699 532 748 sacerdotibus
555 709 696 764 atque
716 697 870 745 levitis
887 735 899 758 ,
931 715 983 745 ac
1001 697 1194 745 demum
1221 716 1277 745 ex
1298 698 1440 746 laicis.
1466 699 1618 765 Atque
1642 701 1776 764 hujus
1805 702 1914 765 qui-

214 777 323 825 dem
338 777 405 825 rei
420 776 588 826 vadem
600 775 766 822 damus
783 775 1045 835 hominem,
1062 775 1142 840 qui
1157 775 1309 821 studio
1328 776 1534 840 partium
1554 775 1701 840 abripi
1715 795 1810 823 non
1828 795 1915 841 po-

215 864 355 914 terat,
370 854 561 918 quique,
574 854 611 899 si
626 851 909 917 quibusdam
926 852 1067 911 favet,
1084 851 1208 899 favet
1222 852 1373 916 potius
1390 852 1761 899 protestantibus
1775 871 1916 918 quam

214 930 491 989 Catholicis,
514 929 709 995 quibus,
738 930 807 975 uti
839 946 924 994 par
955 938 1053 988 est,
1084 928 1321 976 infensum
1351 928 1524 993 ubique
1558 946 1605 975 se
1631 928 1802 994 prodit.
1833 930 1918 976 Hie

212 1017 282 1056 est
302 1005 755 1072 judaeo—incredulus
786 1005 1008 1054 Salvador
1025 1041 1038 1066 ,
1062 1005 1207 1052 libere
1226 1004 1436 1066 edicens,
1459 1023 1697 1052 summum
1723 1006 1920 1070 pontifi-

213 1093 370 1132 catum
396 1100 488 1130 una
519 1100 625 1130 cum
649 1082 749 1129 aliis
780 1081 978 1129 subditis
998 1080 1376 1128 distinctionibus
1399 1082 1462 1128 ad
1487 1082 1823 1128 christianismi
1843 1098 1919 1128 es-

212 1162 410 1209 sentiam
443 1160 713 1225 pertinere3
744 1176 798 1207 ex
829 1175 922 1223 quo
951 1158 1120 1218 infert,
1152 1158 1388 1204 immerito
1420 1160 1737 1205 Protestantes
1761 1156 1917 1204 ambi-

212 1239 330 1285 tioni
344 1247 488 1302 atque
506 1236 797 1302 usurpationi
821 1252 1124 1282 romanorum
1142 1234 1397 1299 praesulum
1417 1235 1712 1300 pontificium
1734 1236 1915 1300 apicem

214 1324 261 1362 et
291 1314 642 1372 auctoritatem,
666 1330 756 1377 qua
784 1311 991 1378 pollent,
1021 1310 1252 1359 tribuisse.
1288 1313 1341 1357 In
1370 1310 1458 1358 hoc
1486 1328 1597 1360 vero
1623 1311 1746 1375 ipsos
1771 1309 1914 1375 plane

213 1556 399 1607 ποιμανεῖς
429 1554 584 1604 αῠτοδς,
607 1568 743 1608 pascee
779 1568 839 1594 eos
856 1584 868 1603 ,
907 1556 1030 1606 prouti

212 1626 351 1673 pariter
396 1630 545 1661 vertunt
582 1624 798 1674 interpretes
840 1636 943 1673 syrus
993 1628 1029 1658 et

213 1689 384 1728 arabicus
423 1688 522 1739 apud
566 1687 808 1729 Waltonum.
839 1687 899 1725 Sic
929 1687 1030 1739 quod

212 1754 345 1806 legitur
364 1754 498 1793 Matth.
522 1768 576 1800 ιι,
610 1752 667 1792 6:
696 1753 814 1804 Reyat
839 1752 1030 1804 populum

213 1834 352 1867 meum,
365 1833 479 1871 graece
496 1819 652 1858 habetur
667 1816 928 1868 εΠοιμαινεῖτ-ὲι
941 1816 1027 1857 λωίν

213 1904 301 1936 μου,
315 1891 593 1936 uempepascat
606 1884 795 1937 populum
810 1885 1030 1924 meum.Ve-

213 1967 296 1991 rum
315 1953 372 1990 his
383 1953 535 2004 aliisque
547 1949 729 2002 ejusmodi
748 1953 905 2000 omissis,
922 1951 1030 1989 lubet

169 2050 174 2053 .
213 2019 262 2057 ad
285 2018 467 2056 dictorum
487 2018 810 2056 confirmationem
836 2017 948 2056 verba
972 2017 1029 2056 af-

213 2080 309 2123 ferre
339 2083 490 2131 Jahnii,
513 2085 577 2136 qui
604 2085 643 2121 in
671 2097 736 2122 sua
761 2082 1030 2134 Archoeoloqia

214 2149 356 2188 biblica
371 2180 381 2196 ‚
409 2149 456 2187 ad
473 2149 609 2187 calcem
625 2147 647 2201 ξ
664 2147 714 2199 42
733 2179 743 2197 ‚
767 2149 893 2188 scribit
914 2149 1028 2188 :Ita-

213 2230 285 2267 que
297 2217 341 2252 in
360 2214 513 2253 biblicis
525 2228 627 2266 reyes
646 2215 833 2253 dicuntur
841 2221 1031 2266 pastores,-

215 2278 337 2335 U’y'i
371 2279 472 2347 ΠᾸῘἾ
511 2280 749 2334 nuncupatio
787 2294 1029 2332 nequaquam

213 2395 267 2426 est
276 2390 448 2440 subjecta
463 2420 473 2437 ‚
491 2390 557 2429 sed
570 2388 744 2427 sublimis
754 2394 787 2425 et
801 2385 1029 2435 honorifica,-

213 2468 331 2505 quare
354 2455 422 2493 hoo
435 2454 584 2493 ‘nomen
602 2467 773 2507 persoepe
793 2451 870 2491 Deo
890 2452 1030 2489 tribui-

214 2526 280 2557 tur
296 2550 306 2567 ,
322 2522 393 2571 qui
408 2528 489 2558 erat
509 2534 575 2558 rex
593 2519 827 2558 hebraeormn
840 2532 855 2566 ‚·
873 2519 1032 2570 proprie

214 2584 295 2624 tzoeo
327 2585 561 2637 compellatio
585 2585 680 2623 dicit
703 2590 880 2621 rectorem
905 2590 939 2620 et
963 2598 1030 2621 cu-

213 2657 376 2689 ratorem
391 2679 402 2698 ‚
424 2651 526 2702 conf.
542 2647 611 2689 Ps.
629 2663 742 2696 xxm,
773 2646 819 2699 14
835 2663 847 2699 3
865 2663 928 2687 vm
946 2679 957 2700 ,
976 2663 998 2688 2
1017 2665 1028 2697 ς

212 2718 295 2755 Jes.
329 2729 401 2763 xz,
432 2730 505 2766 103
531 2730 643 2764 Lxm,
671 2716 851 2763 113Jer.
876 2729 923 2763 x,
953 2730 1030 2764 2¹3

214 2795 293 2819 xxu
310 2809 322 2830 ‚
353 2795 428 2832 223
455 2794 576 2831 xxm,
604 2795 646 2829 13
667 2795 751 2819 xxxx
766 2811 776 2829 ‚
802 2793 816 2819 1
830 2793 843 2818 1
862 2796 872 2832 3
892 2789 1031 2830 xxxvi,

1097 1551 1173 1604 263
1204 1567 1269 1605 xx,
1311 1551 1352 1592 5.
1384 1549 1441 1589 In
1477 1551 1638 1602 antiquo
1672 1549 1826 1601 quidem
1845 1550 1918 1601 foe-

1095 1620 1182 1658 dere
1201 1619 1281 1658 hoee
1307 1619 1458 1670 tropica
1476 1623 1679 1669 pastorum
1697 1620 1802 1654 notio
1819 1630 1913 1668 per-

1088 1695 1206 1739 petuo
1217 1685 1369 1725 indicat
1378 1697 1511 1735 reqem5
1527 1690 1636 1722 oetate
1648 1696 1732 1721 vero
1750 1683 1914 1730 Christi,

1095 1753 1251 1791 nomine
1283 1757 1484 1804 pastorum
1522 1749 1710 1794 Ε’ΒᾹἾΞ)
1729 1782 1739 1801 ‚
1782 1749 1923 1788 conde·

1601 1808 1608 1815 .
1625 1808 1642 1823 τ
1663 1807 1672 1826 :
1691 1807 1704 1812 -

1094 1857 1330 1895 corabantur
1358 1860 1613 1909 praeceptores
1649 1853 1878 1895 Judoeorum
1903 1885 1914 1902 ,

1100 1923 1202 1974 quod
1213 1925 1389 1976 primum
1409 1939 1454 1962 etr:
1468 1924 1593 1963 schola
1615 1925 1821 1961 stoicorum
1835 1920 1918 1959 des-

1094 1989 1248 2038 cendit,
1276 1991 1343 2041 qui
1368 1990 1463 2028 solos
1486 1991 1676 2043 sapientes
1700 1994 1916 2027 statuerunt

1094 2069 1173 2094 esse
1193 2069 1278 2094 vere
1292 2069 1411 2106 reyes.
1440 2056 1530 2094 Hoc
1543 2056 1748 2093 modestius
1763 2052 1892 2091 saltem
1903 2083 1915 2099 ‚

1095 2135 1210 2173 quam
1232 2135 1254 2159 a
1277 2121 1565 2160 stoicis'dictmn
1581 2121 1665 2171 fuit
1681 2147 1694 2168 ,
1717 2132 1740 2156 a
1759 2108 1915 2156 Judoeis

1095 2187 1319 2240 adoptatum
1337 2193 1416 2236 est,
1438 2194 1473 2225 et
1501 2186 1682 2238 deinceps
1710 2186 1754 2222 in
1780 2183 1821 2223 E
1824 2183 1918 2222 ccle-

1095 2255 1196 2291 siam
1214 2253 1466 2292 christianam
1487 2253 1646 2291 transiit
1658 2282 1668 2298 ‚
1686 2258 1750 2295 ut,
1767 2251 1837 2302 qui
1851 2250 1918 2288 do-

1095 2321 1223 2358 ctrina
1236 2327 1406 2371 reqerent
1416 2328 1450 2358 et
1461 2316 1780 2369 ourarentfideles
1796 2347 1805 2363 ‚
1821 2330 1916 2369 pas·
1939 2351 1942 2354 .

1095 2396 1191 2426 tores
1207 2387 1436 2432 dicerentur,
1452 2385 1492 2424 E
1488 2385 1598 2439 phos.
1610 2399 1661 2433 ιν,
1680 2397 1724 2422 21
1744 2398 1756 2434 ς
1772 2383 1916 2422 Mauh.

1095 2466 1159 2502 ix,
1193 2451 1276 2502 36‚·
1300 2452 1384 2492 Joh.
1408 2468 1455 2502 x,
1486 2449 1631 2501 11-143
1653 2449 1790 2497 Hem,
1816 2460 1915 2497 xm,

1101 2531 1180 2567 10,
1228 2531 1262 2557 1.
1312 2518 1524 2560 Petr.11‚
1564 2515 1652 2565 253
1689 2529 1749 2562 v,
1788 2512 1909 2564 431

1099 2583 1189 2623 Cor.
1224 2598 1287 2632 1v,
1324 2584 1363 2623 8.
1390 2583 1576 2622 Hactenus
1619 2582 1770 2635 quidem
1800 2577 1913 2617 Jahn.

1075 2674 1081 2681 ι
1096 2650 1246 2689 Adnoto
1260 2659 1396 2698 tamen,
1413 2648 1594 2687 nonnulla
1607 2661 1653 2686 ex
1665 2649 1729 2685 cit.
1747 2644 1914 2681 testimo-

1097 2717 1168 2755 niis
1194 2730 1236 2755 ex
1265 2714 1314 2754 N.
1343 2714 1387 2754 T.
1413 2728 1490 2753 non
1521 2727 1597 2753 esse
1635 2712 1681 2750 ad
1713 2720 1818 2758 rem3
1841 2706 1913 2747 alia

1100 2796 1186 2821 vero
1201 2781 1373 2820 exhibere
1396 2789 1593 2832 pastorem,
1618 2778 1775 2829 quinon
1793 2775 1913 2814 solum

214 2846 266 2898 4ο
284 2863 296 2899 3
326 2863 344 2886 ι,
361 2878 374 2897 ,
395 2848 422 2887 6
443 2862 453 2898 ;
478 2863 511 2886 ιι
526 2880 536 2897 ,
552 2850 605 2887 23
625 2864 636 2899 ;
662 2847 789 2887 Mich.
808 2863 857 2896 v,
877 2848 899 2887 5
918 2863 930 2899 3
951 2849 1035 2899 Na·
1100 2846 1276 2886 doctrina
1294 2876 1306 2898 ,
1321 2847 1386 2886 sed
1412 2848 1522 2885 etiam
1537 2842 1761 2881 anctoritate
1783 2848 1885 2891 regat
1901 2871 1911 2887 ‚

223 2914 316 2952 Imm
336 2929 402 2962 ιιι,
440 2913 509 2965 ι8;
535 2914 682 2954 Ezech.
713 2929 734 2953 x
757 2944 767 2962 ‚
793 2911 845 2964 24
866 2928 877 2964 3
898 2928 1031 2959 xxxiv,

216 2981 339 3033 2-235
362 2994 483 3021 xxxvu
501 3012 511 3030 ‚
538 2979 613 3032 243
633 2979 806 3021 Zachar.
835 2995 855 3019 x
872 3011 882 3029 ‚
914 2980 957 3030 3,
983 2978 1031 3031 8,

1102 2913 1306 2962 utJoh.x,
1336 2909 1474 2961 12·14;
1504 2922 1518 2947 ι
1549 2908 1629 2950 Pet.
1646 2921 1697 2956 11,
1721 2905 1912 2958 25;V‚4.
