2028 3354
247 203 337 250 110

725 218 879 249 TRAGT.
917 221 970 249 DE
1005 221 1120 252 LOCIS
1155 223 1451 254 THEOLOGICIS.

241 333 432 381 unitatis
462 331 622 388 realis;
658 330 710 376 70
739 346 793 377 eo
826 330 901 379 vel
931 333 1072 395 magis
1095 334 1220 397 quod
1251 352 1479 401 apparens
1506 333 1732 396 ejusmodi
1766 336 1915 384 unitas

241 417 395 476 potest
421 422 518 453 esse
547 405 701 452 unitas
736 407 930 466 erroriS‚
962 416 1015 453 ut
1041 416 1171 471 patet
1201 426 1274 456 ex.
1312 428 1378 474 gr.
1412 411 1462 457 in
1494 410 1627 457 sectis
1655 411 1918 458 nestoriana

239 493 378 548 atque
399 480 672 544 eutychiana
689 516 703 540 ‚
722 499 824 545 quae
843 499 938 528 non
960 481 1115 528 minus
1141 483 1266 529 inter
1285 502 1334 531 se
1355 494 1635 550 apparenter
1658 488 1919 548 conjunctae

242 566 352 605 sunt
373 591 386 615 ‚
419 573 471 604 ac
491 556 584 603 sint:
613 557 822 604 Ecclesiae
846 556 1094 605 orientales
1114 575 1195 605 seu
1221 575 1370 621 graecae
1398 571 1445 607 et
1467 560 1674 609 Ecclesiae
1699 579 1913 610 romanae.

240 634 292 680 8Ο
322 634 439 680 Cum
461 650 571 681 vero
589 632 649 679 ad
673 633 1082 680 internoscendum
1098 669 1111 693 ‚
1136 642 1295 680 utrum
1314 633 1570 683 differentia
1589 646 1667 683 aut
1693 638 1845 683 unitas
1861 639 1920 683 sit

241 726 469 775 apparens
503 717 690 755 tantum
719 726 779 755 an
807 708 940 755 realis
960 743 973 766 ,
993 726 1107 771 opus
1133 710 1192 754 sit
1216 709 1352 773 longa
1375 727 1426 756 ac
1449 710 1617 758 difficili
1642 713 1920 760 discussione

235 793 282 833 et
304 784 516 833 examine
534 820 546 843 .‚
569 785 797 848 sequitur,
824 801 918 830 non
934 801 1068 848 posse
1088 784 1318 831 unitatem
1339 802 1436 832 esse
1454 795 1612 832 notam
1630 796 1708 834 aut
1734 789 1918 850 signum

235 877 355 911 verae
382 860 590 908 Ecclesiae
607 860 696 924 (1)
731 860 784 905 90
816 858 964 918 Adde,
993 860 1223 906 unitatem
1248 859 1455 907 Ecclesiae
1487 863 1712 908 moralem
1733 871 1920 910 tantum

287 1014 340 1065 (l)
370 1013 557 1051 Hactenus
581 1012 657 1051 fere
677 1007 820 1050 Palmer
844 1013 884 1050 in
901 1025 961 1063 op.
974 1014 1034 1049 cit.

233 1078 274 1118 Α
301 1079 453 1117 treatise
481 1078 534 1129 of
548 1076 608 1114 tlte
639 1076 795 1115 Church
819 1076 869 1128 of
889 1076 1041 1121 Christ,

233 1160 295 1185 seu
334 1143 374 1183 T
372 1150 543 1182 ructatus
577 1141 624 1179 de
652 1139 832 1180 Ecclesia
865 1140 1038 1188 Christi,

234 1211 324 1250 edit.
348 1208 554 1248 sec.Lond.
575 1204 688 1260 1839.
713 1215 807 1258 part.
829 1219 866 1253 1,
883 1220 965 1258 cap.
988 1205 1012 1245 5
1028 1235 1040 1254 ,

234 1283 323 1315 sect.
344 1273 368 1312 3
395 1282 429 1313 et
445 1272 471 1324 4
484 1302 495 1321 ,
512 1276 616 1325 cujus
632 1272 864 1310 difficultates
879 1273 919 1309 in
939 1285 1041 1309 com-

234 1341 413 1394 pendium
437 1338 659 1390 redegimus.
686 1335 811 1390 Atque
833 1337 896 1374 hic
907 1339 1043 1389 juverit

235 1416 312 1446 tum
343 1405 453 1457 hujus
479 1412 559 1442 tum
573 1412 775 1442 ceterorum
799 1403 1041 1440 recentiorum

238 1471 460 1511 Oxoniensis
483 1470 729 1507 universitatis
747 1468 940 1505 doctorum
961 1480 1041 1521 sys-

234 1546 336 1577 tema
354 1537 480 1588 paucis
498 1546 676 1586 exponere
693 1563 703 1581 ‚
723 1540 764 1570 ut
777 1535 926 1570 istorum
940 1546 1044 1571 mens

234 1605 274 1641 in
303 1601 421 1642 allatis
467 1608 503 1639 et
534 1598 728 1638 afferendis
761 1596 1043 1636 difficultatibus

234 1668 393 1720 penitius
427 1664 674 1716 dignoscatur.
719 1659 771 1700 Hi
809 1663 920 1713 igitur
947 1663 1043 1700 viam

234 1732 395 1771 mediam
418 1732 550 1769 ineunt
572 1729 668 1766 inter
690 1727 812 1773 illum,
836 1738 947 1778 quem
976 1727 1042 1777 ipsi

235 1804 367 1837 vocant
408 1793 875 1847 ultra-protestantismum
912 1797 947 1828 et
983 1805 1044 1828 ro-

234 1865 487 1904 manismum.
507 1860 723 1900 Admittunt
743 1858 882 1896 idcirco
911 1865 1042 1909 praeter

235 1930 441 1981 Scripturas
463 1929 576 1966 etiam
600 1924 834 1963 traditionem
850 1952 860 1970 ‚
882 1936 959 1960 non
977 1922 1041 1960 illo

235 2003 359 2033 tamen
384 2005 516 2039 sensu,
555 2005 629 2043 quo
657 2004 737 2028 eam
765 1988 1041 2040 amplectuntur

235 2059 413 2099 Catholici
433 2085 444 2105 ‚
462 2057 525 2096 sed
549 2055 669 2094 solum
691 2063 869 2107 quatenus
891 2054 1042 2090 inservit

234 2126 282 2165 ad
309 2125 504 2177 Scripturae
537 2121 779 2173 dogmaticam
821 2120 1042 2169 interpreta-

235 2194 401 2239 tionem3
437 2187 609 2241 rejiciunt
639 2192 829 2237 propterea
853 2185 1042 2234 'interpre-

234 2258 412 2296 tationem
434 2255 611 2305 privatam
633 2280 644 2298 ‚
669 2263 735 2289 seu
761 2262 870 2287 sensu
900 2250 1041 2299 privato

236 2323 392 2370 factam,
420 2333 534 2373 quam
569 2319 697 2356 acriter
734 2319 886 2353 tuentur
916 2313 1039 2351 Prote-

235 2396 403 2435 stantes;
441 2391 659 2425 venerantur
695 2383 806 2420 etiam
833 2387 1041 2418 sanctorum

234 2455 384 2493 Pau-um
393 2447 903 2491 auctoritatem.Contendunt
917 2460 1038 2498 porro,

235 2533 273 2558 se
295 2533 371 2557 esse
391 2517 598 2556 Catholicos
624 2528 688 2553 seu
707 2515 887 2564 pertinere
905 2511 951 2550 ad
969 2510 1040 2549 Ec-

234 2586 381 2625 clesiam
396 2582 611 2621 catholicam
626 2609 636 2627 ‚
659 2592 739 2631 quae
755 2580 859 2631 juxta
876 2578 1040 2628 ipsorum

235 2652 365 2703 placita
378 2648 546 2687 coalescit
558 2661 600 2685 ex
611 2646 765 2683 diversis
777 2645 882 2682 sectis
897 2651 931 2682 et
938 2657 1041 2681 com-

235 2713 491 2759 munionibus,
506 2710 712 2750 dummodo
739 2723 866 2748 serven
876 2717 890 2746 t
902 2710 1041 2748 hierar-

234 2782 356 2821 chiam
393 2787 428 2818 et
461 2778 701 2829 profiteantur
722 2776 947 2827 principium
972 2789 1040 2813 au-

235 2846 411 2887 ctoritatis
420 2846 461 2881 in
472 2842 580 2881 rebus
590 2839 1038 2880 fidei.EcclesiamRoma-

236 2925 322 2952 nam
349 2910 462 2949 veluti
483 2916 622 2960 partem
645 2914 851 2959 agnoscunt
870 2905 1040 2944 Ecclesiae

235 2977 418 3017 catholicae
429 3002 442 3024 ,
465 2973 527 3013 sed
545 2986 620 3011 non
642 2974 682 3010 in
705 2985 813 3010 sensu
828 2970 1010 3010 exclusivo
1026 2999 1037 3018 ‚

1114 1018 1224 1063 prout
1259 1011 1516 1050 Romanenses
1545 1043 1554 1060 ,
1590 1021 1632 1052 ut
1660 1015 1726 1065 ipsi
1757 1022 1919 1063 vocant,

1114 1077 1355 1128 profitentur„
1381 1078 1428 1116 Ut
1451 1087 1572 1116 autem
1605 1081 1655 1117 ita
1690 1094 1709 1117 a
1740 1093 1778 1118 se
1803 1080 1922 1118 confi-

1118 1151 1214 1180 ctam
1247 1143 1463 1180 catholicam
1478 1142 1678 1181 Ecclesiam
1702 1144 1920 1192 adstruant,

1114 1208 1313 1246 admittunt
1339 1208 1488 1260 quidem
1503 1216 1538 1247 et
1556 1210 1624 1260 ipsi
1639 1216 1796 1261 quatuor
1815 1216 1920 1247 notas

1111 1286 1206 1311 verae
1219 1273 1390 1311 Ecclesiae
1417 1273 1611 1312 nobiscum
1626 1287 1637 1323 3
1659 1281 1823 1312 attamen
1835 1288 1921 1312 ren·

1111 1345 1196 1385 tur,
1231 1352 1335 1389 posse
1372 1340 1525 1377 existere
1563 1341 1746 1378 unitatem
1793 1339 1879 1376 fidei
1903 1368 1917 1388 ‚

1113 1406 1254 1442 etiamsi
1279 1417 1356 1442 non
1381 1417 1507 1441 omnes
1534 1405 1573 1441 in
1597 1404 1726 1442 eadem
1754 1403 1922 1442 doctrina

1110 1469 1319 1519 profitenda
1337 1470 1588 1518 conveniant3
1610 1481 1653 1506 ac
1676 1470 1788 1507 etiam
1816 1482 1923 1520 posse

1111 1533 1237 1571 haberi
1250 1535 1431 1571 unitatem
1446 1535 1735 1581 communionis,
1753 1536 1924 1585 quamvis

1112 1607 1260 1636 externa
1287 1612 1361 1636 non
1378 1599 1557 1636 habeatur
1577 1601 1674 1636 inter
1700 1607 1817 1649 partes
1843 1613 1924 1637 om-

1109 1677 1176 1701 nes
1196 1665 1376 1702 societatis
1398 1663 1600 1701 christianae
1615 1665 1918 1712 communicatio,

1110 1741 1192 1780 quae
1230 1730 1270 1765 in
1311 1730 1464 1766 istorum
1512 1736 1705 1780 systemate
1745 1729 1918 1780 quando-

1111 1807 1183 1845 que
1212 1793 1307 1831 salva
1345 1795 1486 1832 unitate
1519 1796 1663 1845 penitus
1693 1795 1920 1845 interrumpi

1111 1866 1258 1909 potest,
1298 1870 1341 1896 ac
1373 1858 1482 1910 longo
1512 1860 1623 1897 etiam
1651 1860 1824 1910 temporis
1861 1859 1919 1895 in-

1114 1924 1280 1962 tervallo.
1315 1922 1524 1962 Admittunt
1549 1925 1799 1962 auctoiitatem
1821 1922 1920 1962 Con-

1110 1990 1279 2027 ciliorum
1318 1991 1634 2028 oecumenicorum
1661 2018 1672 2036 ,
1708 2002 1751 2027 ea
1792 1996 1919 2028 tamen

1111 2054 1351 2101 conditione,
1377 2062 1416 2092 ut
1441 2055 1521 2092 hoec
1556 2055 1603 2092 ab
1642 2055 1813 2092 universa
1846 2053 1917 2092 Ec-

1109 2120 1218 2158 clesia
1232 2119 1408 2158 catholica
1422 2147 1434 2168 ,
1458 2132 1500 2157 ea
1514 2121 1710 2164 nimirum,
1726 2131 1836 2170 quam
1847 2119 1916 2169 ipsi

1110 2186 1180 2223 sibi
1204 2184 1459 2236 percommode
1470 2185 1719 2233 excogitarunt
1733 2211 1745 2228 ,
1763 2183 1916 2233 probata

1109 2251 1247 2288 fuerint
1268 2279 1278 2297 ‚
1303 2264 1377 2302 quo
1398 2250 1441 2287 fit
1465 2256 1507 2287 ut
1525 2249 1626 2287 nulla
1655 2248 1725 2287 alia
1749 2248 1916 2287 concilia

1110 2328 1174 2366 pro
1210 2316 1445 2353 oecumenicis
1484 2314 1646 2352 habeant
1688 2317 1817 2365 praeter
1853 2327 1914 2352 sex

1109 2382 1241 2431 priora.
1275 2379 1359 2418 Non
1385 2387 1590 2431 agnoscunt
1614 2378 1779 2417 absolute
1802 2378 1914 2417 infal-

1108 2446 1313 2484 libilitatem
1327 2444 1519 2492 Ecclesiae,
1534 2443 1704 2497 quamvis
1712 2444 1914 2495 plurimum

1108 2509 1186 2563 ejus
1210 2512 1414 2549 auctoritati
1442 2510 1632 2558 deferant3
1664 2511 1771 2563 etita
1791 2521 1911 2559 porro.

1107 2574 1212 2627 Quod
1230 2579 1329 2614 enim
1358 2577 1486 2614 attinet
1504 2576 1549 2613 ad
1564 2583 1698 2614 ceteras
1712 2574 1822 2625 hujus
1833 2586 1911 2623 sys-

1108 2643 1251 2679 tematis
1281 2649 1426 2693 partes,
1455 2655 1513 2679 eas
1542 2640 1665 2678 oblata
1696 2639 1912 2688 opportuni-

1108 2714 1184 2744 tate'
1203 2706 1428 2745 evolvamus.
1454 2704 1524 2744 Hic
1549 2707 1634 2743 satis
1656 2704 1724 2741 erit
1744 2702 1912 2739 animad-

1107 2779 1245 2811 vertere
1264 2802 1273 2820 ‚
1289 2774 1528 2811 recentiorem
1548 2769 1646 2808 hanc
1664 2766 1911 2805 Oxoniensem
1929 2817 1934 2822 ῃ

1109 2837 1273 2876 scholam
1300 2838 1383 2876 hue*
1401 2835 1606 2888 pervenisse
1621 2862 1632 2880 ‚
1656 2839 1697 2870 ut
1722 2831 1911 2870 ecclesiam

1108 2915 1221 2954 quam
1245 2909 1377 2944 vocant
1395 2899 1626 2951 anglicanam
1651 2897 1697 2937 ab
1712 2894 1910 2936 universali

1107 2968 1392 3018 protestantium
1440 2964 1628 3016 naufragio
1686 2962 1910 3002 incolumem
