2028 3354
193 171 288 219 534
667 188 826 218 mmor.
864 189 920 217 »Β
953 189 1070 219 noeis
1104 190 1407 222 mnommms.

196 311 378 353 secutus
398 303 457 349 sit
473 299 769 348 Theodorum
785 336 798 360 ,
828 301 1065 366 Sergium,
1087 303 1344 368 Pyrrhum,
1358 312 1446 353 etc.
1470 303 1643 370 (1).2ο
1667 302 1880 352 Anathe-

193 378 431 427 matizavit
464 376 723 423 Honorium
742 412 756 436 .,
788 384 841 424 ut
873 376 1111 427 haereticos
1141 379 1603 446 reliquos,..quorum
1636 380 1829 427 nomina
1857 397 1882 426 e

193 457 332 503 sacris
356 452 554 519 diptycis
573 453 801 518 expunxit
814 490 826 514 7
848 457 1038 521 ejusque
1057 456 1271 522 epistolas
1287 473 1381 504 una
1399 474 1503 514 cum
1521 459 1606 505 scri
1612 456 1703 523 ptis
1716 456 1857 520 Sergii
1871 493 1883 515 .,

192 530 384 596 Pyrrhi,
421 539 509 577 etc.
540 529 743 578 flammis
771 531 967 579 addixit.
1000 534 1131 597 Ergo.

266 608 381 654 792.
421 608 561 674 Resp.
583 608 705 672 Ney.
731 617 831 655 ant.
858 609 929 656 Ad
951 610 1032 669 lm,
1060 609 1199 675 prob.
1226 627 1309 658 seu
1338 608 1668 675 probationum
1691 610 1886 662 seriem.
1950 621 1952 623 ’

193 685 319 734 Dist.
347 685 414 731 Ex
445 683 517 731 his
545 685 772 732 evincitur
793 686 1054 733 Honorium
1076 687 1354 734 damnatum
1381 686 1521 733 fuisse
1551 685 1610 732 ob
1636 687 1891 734 oeconomi-

194 777 299 808 cam
333 760 731 823 dispensationem
755 778 884 808 suam
904 797 915 819 ‚
948 780 1077 809 cono.
1091 782 1109 816 ;
1131 762 1190 809 ob
1219 779 1425 810 errorem
1445 762 1495 809 in
1515 760 1606 809 fide
1623 797 1637 821 ‚
1662 779 1763 826 neq.
1786 764 1892 809 Non

193 836 321 884 aliud
368 836 597 900 colligitur
648 853 707 883 ex
753 836 984 898 ejusmodi
1035 836 1335 887 damnatione
1375 875 1389 898 ‚
1440 855 1583 903 quam
1636 837 1893 884 Honorium

193 914 426 978 perversis
466 912 664 959 aliorum
705 912 905 959 consiliis
935 914 1223 973 connivisse,
1262 931 1359 961 non
1398 913 1660 964 resistendo
1700 915 1770 961 uti
1809 930 1894 978 par

195 998 324 1048 erat,
356 989 437 1035 sed
471 1005 556 1051 per
589 987 944 1051 imprudentem
972 988 1144 1035 silentii
1171 988 1427 1050 jussionem
1462 991 1642 1038 malum
1674 990 1892 1039 fovendo.

197 1066 296 1112 Hoc
324 1064 509 1111 silentio
533 1063 666 1110 abusi
689 1063 926 1122 haeretici,
957 1082 985 1111 a
1017 1064 1236 1128 dogmate
1262 1062 1487 1111 catholico
1516 1066 1574 1112 de
1600 1065 1784 1114 duabus
1812 1083 1898 1114 vo-

193 1140 460 1187 luntatibus
490 1149 537 1187 et
566 1140 916 1205 operationibus
946 1141 1147 1206 populos
1177 1140 1352 1188 sensim
1382 1140 1483 1186 sine
1507 1157 1648 1188 sensu
1673 1142 1901 1190 abducere

193 1217 532 1265 moliebantur.
560 1218 705 1280 Igitur
729 1235 827 1264 non
854 1217 1041 1266 haeresis
1065 1227 1254 1265 assertae
1281 1215 1364 1264 sed
1391 1217 1500 1264 fotae
1525 1233 1630 1264 reus
1660 1217 1772 1276 fuit3
1807 1235 1902 1265 non

193 1294 513 1342 consensionis
542 1310 650 1339 cum
678 1292 905 1340 haereticis
934 1293 1016 1340 sed
1038 1293 1313 1341 inconsultae
1343 1292 1737 1340 dissimulationis.
1762 1293 1902 1340 Cum-

194 1386 286 1435 que
308 1369 417 1416 dote
445 1367 792 1416 infallibilitatis
815 1369 865 1415 in
884 1369 974 1417 fide
992 1370 1239 1417 asserenda
1254 1406 1266 1430 ,
1293 1377 1457 1434 utpote
1478 1368 1683 1416 Ecclesiae
1703 1368 1901 1428 Primas7

193 1445 419 1511 praeditus
460 1453 611 1504 esset⁷
647 1462 746 1491 non
782 1446 1077 1495 confirmavit
1109 1446 1276 1494 fratres
1317 1464 1424 1493 suos
1453 1439 1588 1508 juxta
1620 1462 1793 1492 munus
1821 1445 1907 1491 sibi

195 1540 221 1568 a
248 1521 437 1569 Christo
472 1521 676 1568 Domino
705 1520 1064 1570 demandatum.
1097 1524 1231 1570 Hanc
1257 1522 1439 1570 stetisse
1466 1521 1670 1569 Concilio
1700 1531 1909 1569 mentem

191 1601 244 1646 in
270 1598 540 1646 damnando
562 1600 768 1647 Honorio
782 1609 979 1648 testatur
1002 1603 1093 1649 Leo
1105 1603 1147 1648 ΙΙ
1162 1637 1175 1661 ‚
1202 1602 1254 1649 in
1266 1602 1425 1666 Epist.
1448 1602 1518 1648 ad
1541 1602 1907 1649 Constantinum

197 1676 546 1739 Imperatorem
575 1711 594 1734 ,
643 1676 725 1723 ubi
769 1694 955 1724 causam
992 1677 1128 1726 affert
1150 1715 1163 1739 ,
1201 1695 1283 1726 cur
1317 1686 1363 1726 et
1405 1678 1531 1743 ipse,
1575 1677 1769 1725 Concilii
1804 1693 1910 1724 sen-

194 1753 394 1800 tentiam
439 1753 753 1814 confirmans,
807 1754 1172 1803 anathematizet
1215 1756 1529 1810 Hortarium,
1572 1757 1683 1818 qui,
1721 1754 1908 1818 inquit,

195 1830 323 1876 hano
348 1831 655 1891 apostolicam
676 1830 946 1878 Ecclesiam
969 1849 1067 1879 non
1087 1833 1352 1895 apostoliooe
1378 1832 1664 1878 traditionis
1687 1831 1910 1876 doctrina

194 1907 485 1966 illustravit,
509 1906 594 1952 sed
603 1908 826 1968 profana
843 1909 1117 1968 proditione
1136 1910 1512 1955 immacu-latam
1531 1907 1778 1952 maculari
1788 1922 1908 1968 per—

195 1983 330 2029 misit
364 1981 462 2044 (2);
505 1998 586 2028 seu
626 1982 768 2028 etiam
788 2018 801 2041 7
835 1982 905 2028 uti
930 1983 1091 2029 scribit
1126 1982 1186 2029 ad
1214 1982 1455 2048 episcopos
1491 1981 1725 2046 Hispaniae
1758 1998 1769 2027 ε
1812 1981 1911 2043 Qui

186 2059 445 2122 flammam
466 2059 680 2106 haeretici
701 2060 935 2123 day-matis
957 2077 1077 2114 non,
1100 2068 1158 2105 ut
1172 2061 1332 2106 decuit
1358 2060 1667 2123 apostolicam
1692 2060 1904 2104 auotori-

195 2144 359 2192 tatem,
393 2138 704 2198 incipientem
736 2138 960 2191 emtinoeit,
993 2136 1078 2182 sed
1100 2137 1386 2200 neqlzyentia
1424 2137 1632 2197 confovit
1666 2133 1754 2195 (3)
1781 2133 1906 2180 Prae—

196 2220 269 2260 ter
294 2213 503 2259 Leonem
550 2211 695 2258 alium
733 2220 902 2258 testem
943 2210 1171 2258 habemus
1214 2211 1634 2276 locupletissimum
1672 2210 1903 2273 Imperat.

198 2288 561 2335 Constantinum
589 2289 906 2351 Pogonatum³
939 2287 1019 2352 qui
1047 2286 1230 2335 assidue
1261 2287 1436 2351 Synodi
1464 2278 1724 2333 actionibus
1760 2286 1904 2331 inter·

197 2364 314 2424 fuit,
344 2381 432 2411 nec
458 2381 628 2430 parum
645 2380 829 2410 causam
857 2362 1132 2410 catholicam
1153 2365 1293 2426 juvit.
1322 2364 1408 2410 Hic
1438 2379 1600 2427 porro,
1631 2362 1703 2408 cui
1728 2361 1903 2426 optime

198 2449 440 2507 perspecta
469 2449 568 2489 erat
591 2441 764 2505 Synodi
793 2458 946 2502 mens,
976 2440 1170 2507 loquens
1191 2439 1249 2487 de
1270 2439 1531 2506 Episcopis‚
1567 2439 1648 2505 qui
1680 2438 1900 2486 Ecclesias

194 2593 500 2646 praedicaverint
514 2600 549 2631 et
568 2593 807 2645 praedi‘cant,
821 2601 895 2632 etc.
916 2606 1015 2632 ana·
1083 2594 1157 2633 col.
1189 2591 1305 2647 1247.
1319 2592 1425 2632 Licet
1440 2593 1518 2632 haec
1532 2592 1612 2645 ipsa
1629 2595 1707 2646 jam
1729 2592 1895 2631 dederim

199 2658 353 2708 thema;
375 2660 431 2696 uti
454 2660 571 2710 reipsa
586 2659 718 2709 legitur
741 2672 828 2697 cum
851 2659 921 2697 hae
939 2660 1017 2710 ipsa
1083 2660 1124 2696 in
1145 2662 1256 2697 tract.
1284 2659 1346 2695 cit.
1371 2655 1430 2696 De
1453 2660 1621 2697 Incarn.
1648 2658 1720 2696 loc.
1745 2659 1808 2695 cit.
1828 2654 1895 2693 At-

200 2725 499 2775 interpunctione
527 2723 627 2774 apud
653 2721 916 2771 Harduhmm,
939 2723 1014 2763 loc.
1083 2731 1207 2762 tamen
1234 2731 1277 2761 ut
1303 2722 1412 2775 plena
1438 2723 1500 2762 hic
1526 2723 1724 2763 haberetur
1745 2721 1792 2761 de
1818 2720 1895 2759 Ho-

202 2791 266 2829 cit.
1081 2789 1178 2827 norii
1210 2801 1319 2827 causa
1351 2789 1591 2840 disceptatio,
1622 2801 1692 2827 nec
1725 2799 1891 2839 cogerem

256 2856 309 2907 (1)
341 2855 439 2894 Ibid.
472 2854 588 2906 1422.
1079 2853 1254 2893 lectorem
1276 2854 1322 2892 ad
1344 2868 1386 2894 ea
1406 2853 1477 2893 sibi
1496 2852 1741 2906 comparanda
1761 2866 1804 2891 ex
1826 2851 1889 2891 illo

255 2921 310 2971 (2)
336 2920 436 2960 Ibid.
461 2920 535 2960 col.
570 2918 686 2974 1475.
1080 2927 1241 2959 tractatu
1257 2949 1269 2968 ‚
1298 2921 1433 2959 iterum
1456 2920 1519 2960 illa
1541 2920 1602 2958 hic
1627 2919 1668 2958 in
1690 2921 1768 2972 ejus
1787 2930 1888 2957 com·

254 2985 311 3037 (3)
341 2987 448 3039 Apud
489 2986 610 3027 Labb.
654 2986 774 3027 Cone.
816 2995 909 3026 tom.
948 2988 1011 3036 vi,
1080 2986 1236 3025 modum
1260 2985 1416 3038 subjeci.
