2028 3354
282 202 409 234 mar.
449 202 481 231 1.
520 200 616 231 cu.
651 202 685 229 1.
724 199 778 228 mi
812 198 987 229 cums'rl
1021 197 1140 227 ECCL.
1179 196 1390 227 ms‘nrur.
1429 197 1482 226 m·
1517 196 1639 226 ome..
1742 179 1798 226 17

119 319 188 365 Ne
214 325 375 364 tamen
404 312 541 361 alieni
567 312 616 359 in
650 310 737 358 hoc
762 309 1075 358 ministerium
1105 325 1154 355 se
1189 307 1496 357 obtruderent
1513 344 1526 368 ‚
1552 324 1604 356 ac
1651 324 1797 373 prava

120 394 335 457 dogmata
370 390 632 453 ingererent
646 423 661 447 „¹
693 404 891 452 quaeque
925 403 951 433 a
987 385 1197 448 magistri
1230 393 1389 432 mente
1426 386 1587 449 quavis
1621 384 1803 432 ratione

119 468 420 518 deflecterent
435 501 449 525 7
469 464 677 511 Christus
701 463 955 529 peculiares
983 461 1044 507 ad
1069 461 1118 508 id
1143 462 1350 508 muneris
1373 460 1587 508 homines
1608 460 1803 526 delegit,

120 547 168 592 in
196 560 344 591 unum
370 541 514 589 veluti
543 557 710 605 corpus
741 537 1040 600 congregavit
1057 571 1069 595 7
1098 536 1371 583 auctoritate
1403 536 1629 583 instruxit
1646 573 1658 597 ‚
1687 537 1804 600 legi-

120 621 207 668 bus
233 617 574 677 communivit⁷
611 615 670 662 de
699 613 896 679 perenni
920 611 1093 658 auxilio
1125 627 1217 680 suo·
1236 612 1451 658 certiores
1478 612 1633 659 effecit
1660 630 1808 677 usque

123 695 184 743 ad
204 695 654 742 consummationem
674 689 814 737 seculi
840 689 940 750 (1);
964 687 1074 751 ipsis
1094 695 1314 751 praeterea
1334 688 1558 752 Spiritum
1583 689 1808 747 veritatis..

126 771 403 836 quibuscum
432 775 645 814 maneret
671 766 721 811 in
749 765 1007 821 aeternum}‚
1046 761 1280 827 pollicitus
1315 772 1386 810 est
1421 763 1529 827 (2);
1569 773 1709 829 atque
1744 765 1810 812 ita

123 846 314 894 demum
361 844 600 892 efformata
635 849 683 886 et
736 837 953 885 instituta
999 838 1215 886 societate
1247 856 1328 886 sua
1378 857 1457 887 seu
1497 839 1695 889 Ecclesia
1712 877 1725 900 ,
1770 842 1812 889 ei

126 924 366 989 praecepit,
389 929 443 967 ut
467 921 649 965 doceret
666 933 829 964 omnes
849 925 1009 979 gentes
1031 920 1214 975 omnia,
1243 934 1552 981 quercumque
1572 918 1660 982 ipsi
1680 934 1818 964 man-

125 1000 318 1047 daverat
332 997 417 1061 (3).
437 992 642 1058 Apostoli
654 992 837 1040 Christo
856 992 1063 1040 obsecuti
1083 1001 1212 1052 sunt,
1234 1003 1281 1040 et
1298 993 1405 1043 viva
1425 1011 1538 1042 voce
1551 994 1814 1041 doctrinam

126 1074 295 1123 Christi
316 1074 344 1118 J
348 1070 490 1118 udaeis
503 1070 733 1134 primum,
759 1077 922 1134 postea
939 1068 1136 1117 ethnicis
1158 1069 1478 1130 tradiderunt3
1505 1086 1560 1117 ex
1582 1070 1816 1118 conversis

125 1151 183 1198 ad
211 1149 379 1197 Christi
401 1147 543 1194 fidem
567 1147 794 1213 quosdam
817 1145 1115 1210 delegerunt,
1141 1145 1310 1211 quibus
1341 1146 1468 1195 idem
1498 1147 1815 1195 ministerium

123 1225 499 1284 committerent,
533 1239 706 1288 nempe
725 1222 972 1288 Episcopos
994 1257 1007 1282 ,
1034 1222 1114 1288 qui
1137 1231 1313 1271 ceteros
1346 1223 1511 1272 eadem
1535 1223 1716 1273 ratione
1742 1223 1812 1271 in?-

121 1302 390 1349 formarent.

190 1377 269 1425 32.
308 1366 460 1434 Quare
482 1375 677 1423 Ecclesia
699 1375 763 1422 ita
778 1375 993 1421 instituta
1018 1384 1066 1422 et
1083 1375 1332 1423 informata
1352 1374 1529 1442 absque
1549 1378 1813 1443 Scriptura-

125 1470 231 1501 rum
257 1451 487 1511 subsidio,
520 1468 623 1515 quae
650 1450 865 1498 nondum
895 1449 1029 1498 editae
1061 1459 1221 1510 erant,
1256 1451 1387 1499 stetit
1410 1469 1463 1498 ac
1491 1455 1811 1518 perseveravit

127 1529 187 1577 ad
207 1528 364 1593 plures
389 1545 551 1574 annos.
576 1525 935 1574 Instruebantur
965 1526 1124 1574 fideles
1140 1563 1153 1586 ‚
1187 1527 1442 1575 credebant
1461 1564 1474 1587 .,
1503 1528 1785 1592 regebantur
1800 1565 1813 1590 ‚

128 1603 355 1662 orabant⁷
392 1603 701 1650 Sacramentis
729 1601 1065 1649 muniebantur
1097 1619 1149 1649 ac
1182 1602 1524 1662 firmabantur,
1561 1614 1815 1670 antequam

126 1680 295 1728 horum
316 1678 555 1743 quidpiam
574 1678 713 1724 fuerit
734 1677 915 1742 scriptis
942 1676 1235 1724 mandatum.

191 1755 272 1802 33.
310 1754 442 1812 Quod
473 1755 510 1800 si
535 1753 760 1819 temporis
786 1770 1032 1819 progressu
1057 1754 1263 1819 Apostoli
1288 1763 1369 1800 aut
1399 1754 1613 1819 discipuli
1645 1756 1815 1806 Christi

127 1840 252 1894 gesta
274 1839 322 1878 et
347 1830 606 1877 doctrinam
626 1829 792 1877 litteris
811 1829 1141 1893 consignarunt
1159 1866 1171 1889 a
1194 1847 1290 1877 non
1320 1829 1424 1877 ideo
1455 1831 1504 1877 id
1527 1832 1780 1881 effecerunt
1801 1870 1814 1892 ‚

127 1905 203 1954 vel
230 1916 284 1953 ut
309 1906 481 1953 Christi
509 1905 699 1952 monitis
726 1904 1095 1970 obsequerentur
1111 1942 1123 1965 7
1155 1905 1230 1954 vel
1250 1915 1302 1952 ut
1322 1907 1439 1953 facta
1463 1908 1619 1955 omnia
1645 1909 1817 1958 Christi

128 1982 314 2029 Domini
337 1990 385 2030 et
406 1982 673 2031 universam
702 1985 798 2044 ejus
828 1981 1089 2028 doctrinam
1110 1982 1164 2028 -in
1188 1981 1323 2029 editis
1350 2000 1377 2029 a
1399 1999 1448 2029 se
1470 1987 1816 2033 commentariis

132 2058 566 2123 complecterentur.
607 2058 904 2105 Contrarium
938 2058 1091 2122 potius
1132 2058 1325 2124 professi
1358 2069 1468 2106 sunt
1502 2059 1588 2124 (4).
1621 2062 1817 2127 Sumpta

131 2134 288 2199 itaque
311 2135 571 2192 occasione,
595 2132 721 2198 quod
747 2151 843 2180 non
864 2134 973 2180 satis
1001 2134 1185 2182 veritati
1214 2145 1523 2184 consentanea
1544 2137 1818 2185 circumfer-

132 2220 297 2257 rentur
318 2210 376 2258 de
393 2209 562 2257 Christi
581 2209 716 2257 dictis
739 2218 786 2257 et
803 2210 932 2256 factis
950 2227 973 2256 a
989 2209 1182 2274 privatis
1198 2210 1468 2258 hominibus
1487 2248 1500 2272 a
1522 2220 1616 2259 tres
1638 2214 1816 2279 priores

135 2286 441 2351 Evangelistae
471 2303 552 2334 sua
581 2286 914 2334 commentaria
945 2285 1195 2334 ediderunt
1219 2288 1317 2353 (5),
1348 2297 1429 2335 aut
1460 2287 1624 2337 saltem
1655 2298 1819 2353 rogatu

138 2465 241 2497 ment
259 2459 403 2512 decisis
422 2467 548 2499 contre
570 2473 640 2499 son
672 2463 886 2509 existence5
906 2470 942 2499 et
1057 2461 1116 2512 (ἢ)
1145 2459 1256 2500 Joan.
1285 2473 1374 2510 xiv,
1402 2459 1464 2499 16.

138 2523 236 2564 ibid.
262 2538 347 2576 pag.
375 2525 451 2563 322
472 2540 484 2564 ς
507 2525 548 2566 Α
575 2539 652 2565 une
675 2529 813 2578 bpoqne
836 2524 885 2565 οἰι
906 2525 943 2564 Ia
1062 2525 1117 2578 (Β)
1146 2525 1280 2567 Mauh.
1308 2527 1379 2566 loc.
1405 2528 1469 2566 cit.

142 2590 466 2629 communication
510 2591 548 2629 la
586 2590 676 2643 plus
709 2592 843 2645 rapide
880 2591 945 2629 des
1064 2591 1117 2644 (4)
1147 2591 1256 2631 Joan.
1284 2607 1331 2631 xx
1353 2622 1364 2641 ‚
1400 2593 1480 2643 303
1505 2605 1596 2643 xx1,
1630 2591 1697 2632 25.
1727 2592 1819 2633 Item

139 2655 241 2694 {dees
263 2667 312 2694 ne
335 2653 515 2706 a’operait
528 2656 616 2705 qu'iz
630 2654 747 2694 l'aide
767 2657 813 2695 de
829 2655 947 2708 Iapa-
1013 2658 1119 2706 epist.
1139 2670 1166 2695 n
1180 2685 1192 2705 ,
1226 2670 1273 2696 12
1288 2687 1299 2707 ‚
1333 2665 1369 2698 et
1388 2659 1491 2710 epist.
1516 2671 1584 2709 111,
1626 2658 1671 2697 13
1690 2671 1701 2707 3
1726 2672 1753 2697 n
1772 2658 1820 2697 ad

140 2720 216 2759 τοῖο
230 2750 242 2769 ,
277 2722 389 2759 Ιὲεαε
410 2723 526 2759 sentit
552 2719 693 2758 hient&
715 2720 753 2760 la
771 2721 949 2760 necessit&
1014 2721 1180 2762 Thessal.
1205 2734 1231 2760 ιι
1246 2752 1257 2769 ‚
1291 2721 1355 2773 14.
1386 2722 1525 2762 Verum
1549 2723 1595 2762 de
1616 2723 1688 2761 hoc
1709 2737 1819 2775 argu-

141 2785 187 2824 de
211 2785 353 2824 choisir
383 2784 503 2824 douze
524 2785 728 2838 suppleam
755 2785 902 2839 appel&
923 2787 949 2825 ὰ
1014 2795 1139 2826 memo
1168 2796 1304 2839 postea.

143 2863 335 2889 annoncer
344 2864 390 2889 ea
416 2852 579 2891 mission
594 2858 631 2890 et
643 2852 667 2891 ἀ
678 2850 710 2890 le
724 2855 952 2904 representet·
1069 2851 1120 2901 (5)
1141 2852 1231 2892 Luc.
1256 2867 1271 2892 1
1287 2883 1299 2902 ‚
1316 2867 1343 2892 1.
1362 2852 1505 2895 Exinde
1527 2855 1630 2894 enim
1640 2858 1720 2893 orla
1734 2861 1820 2891 sunt

147 2922 317 2968 partove.
1015 2913 1274 2960 commentaria
1291 2948 1302 2968 ‚
1334 2933 1415 2973 quae
1451 2919 1569 2960 Lucas
1599 2918 1665 2959 hie
1694 2918 1821 2958 leviter

200 2980 254 3032 (1)
283 2980 417 3021 Matth.
448 2982 513 3021 ult.
1016 2981 1149 3033 culpat,

210 3045 261 3091 T.
296 3045 415 3092 vlu.
1607 3052 1639 3095 2
