2028 3354
1684 198 1779 246 431

280 223 408 252 PAR'r.
449 223 482 250 1·
521 221 641 251 SECT.
678 219 726 249 n.
766 219 863 249 GAP.
902 220 968 249 111.
1011 219 1064 247 ΒΕ
1100 217 1201 249 ΝΔΤ.
1243 219 1293 247 ΕΤ
1329 217 1426 248 JUR.
1466 217 1587 247 Pam.

81 335 217 383 ‘tificis
242 333 610 400 praeeminentia.
644 334 765 380 Nam
799 331 1197 398 quemadmodum
1216 331 1264 377 in
1288 348 1381 377 una
1412 329 1596 378 dioecesi
1619 328 1783 376 multae

83 412 298 477 paroeciae
341 420 480 469 sunt,
519 426 619 474 quae
653 411 896 475 proprium
934 417 1168 473 pastorem
1210 405 1417 466 habent,
1453 410 1590 454 nemo
1624 415 1786 453 tamen

82 487 402 535 immediatam
438 502 489 532 ac
535 485 820 533 ordinariam
862 486 913 531 in
961 484 1165 548 singulos
1208 501 1301 531 suae
1343 483 1591 531 dioeceseos
1623 481 1786 530 fideles

75 563 449 628 jurisdictionem
478 563 702 628 Episcopo
735 562 994 619 inficiatur,
1027 569 1073 607 et
1102 559 1244 605 nullae
1275 558 1647 624 perturbationes
1675 567 1803 625 per··'

83 640 392 688 timeseuntur
408 676 419 698 7
442 640 504 686 sic
528 638 667 686 nullae
690 636 1073 704 pertimescendae
1094 644 1205 681 sunt
1228 635 1275 680 in
1300 652 1405 681 casu
1431 644 1605 682 nostro.

150 717 261 763 619.
302 715 372 762 Ad
410 714 501 775 3¹1²,
547 715 667 778 Ney.
724 717 812 761 Res
856 713 982 759 enim
1015 710 1149 758 aliter
1177 727 1226 757 se
1266 709 1407 756 habet
1444 710 1493 756 in
1528 711 1692 758 ordine
1729 710 1792 759 ad

82 792 441 840 ecclesiasticum
474 792 682 855 regimen
705 827 717 848 7
764 791 813 835 in
846 806 939 852 quo
970 787 1184 852 quamvis
1218 804 1339 833 unus
1367 786 1454 843 sit,
1498 787 1577 851 qui
1613 788 1792 852 prima-

81 878 184 916 tum
213 876 424 926 exercet,
462 866 767 914 nihilominus
792 863 984 928 singulae
1017 862 1237 910 dioeceses
1273 880 1380 909 suos
1414 861 1593 909 habent
1615 865 1793 910 Praesu-

78 945 174 1005 les7
215 945 295 1010 qui
336 961 432 991 non
459 943 663 1009 precaria
703 942 1003 1000 auctoritate,
1046 940 1127 987 sed
1151 939 1339 1004 propria
1371 948 1418 987 et
1448 938 1681 988 ordinaria
1717 957 1793 986 eas

80 1030 275 1085 regunt3
308 1038 392 1068 neo
415 1020 565 1076 enim,
590 1019 659 1065 uti
692 1017 895 1064 diximus
914 1053 925 1075 a
953 1016 1165 1081 Episcopi
1190 1016 1305 1062 meri
1327 1025 1439 1062 sunt
1462 1017 1595 1081 Papae
1621 1016 1792 1063 minis-

82 1099 142 1144 tri
159 1134 172 1157 a
192 1097 274 1145 sed
294 1096 390 1144 veri
411 1095 657 1159 principes.
683 1095 771 1140 Tot
788 1092 1049 1141 seculorum
1074 1093 1362 1158 experientia
1384 1102 1542 1157 aperte
1559 1093 1792 1153 ostendit,

81 1172 345 1236 hujusmodi
371 1172 609 1236 regiminis
644 1170 850 1218 modum'
877 1174 1083 1217 maxime
1121 1178 1440 1235 opportunum
1477 1187 1592 1218 esse.
1630 1171 1793 1235 Neque

82 1268 196 1315 opus
221 1256 290 1295 est
314 1265 477 1295 omnes
499 1247 666 1294 mundi
699 1246 964 1313 provincias
984 1247 1148 1294 iisdem
1173 1245 1384 1293 civilibus
1415 1245 1593 1309 legibus
1621 1246 1795 1311 guber-

80 1326 204 1383 nari3
245 1324 453 1388 postulat
481 1332 640 1371 autem
666 1324 875 1371 Ecclesiae
907 1324 1118 1387 regimen
1142 1339 1460 1388 quoscumque
1485 1321 1643 1371 fideles
1663 1326 1794 1371 ea'm—

80 1401 189 1448 dem
219 1400 428 1467 profiteri
451 1399 621 1457 fidem,
657 1399 821 1447 eadem
847 1398 1022 1447 habere
1053 1401 1378 1457 Sacramenta3
1416 1398 1543 1463 quod
1573 1399 1673 1447 fieri
1697 1416 1797 1448 non

80 1487 263 1543 posset,
288 1477 378 1523 nisi
397 1494 519 1523 unus
554 1475 698 1524 veluti
719 1476 919 1542 populus
950 1486 1068 1525 esset
1094 1475 1152 1522 ab
1175 1476 1311 1523 unico
1339 1473 1481 1524 veluti
1513 1475 1724 1542 principe
1746 1477 1796 1523 in

81 1555 260 1601 unitate
288 1563 470 1600 coactus
495 1554 582 1615 (1).

723 1685 1049 1728 PROPOSITIO
1084 1686 1133 1726 II.

80 1811 332 1857 Romanus
353 1810 576 1872 Pontifex
583 1813 670 1871 ,pi
684 1815 766 1857 sui
770 1814 1046 1874 primatus,
1064 1828 1293 1874 suprema
1313 1815 1600 1858 auctoritate
1619 1814 1801 1876 qaudet

147 1889 202 1932 in
252 1903 410 1933 omnes
450 1889 733 1951 Epz'scopos‚
781 1889 928 1935 etiam
979 1891 1036 1934 in
1086 1890 1305 1951 yenerali
1349 1888 1538 1952 Synodo
1578 1890 1796 1937 collectos.

147 2034 266 2082 620.
306 2037 426 2083 Tum
451 2037 547 2084 haec
576 2047 680 2085 tum
716 2038 1052 2104 subsequentes
1077 2039 1420 2104 propositiones
1452 2048 1619 2105 sponte
1651 2041 1796 2089 veluti

90 2129 170 2159 sua
197 2111 441 2177 profluunt
479 2130 535 2161 ex
573 2114 784 2163 doctrina
815 2116 1040 2164 haetenus
1065 2116 1314 2163 vindicata.
1342 2117 1616 2182 Priusquam
1637 2125 1800 2167 tamen

91 2204 283 2234 manum
315 2189 650 2238 admoveamus
694 2191 754 2238 ad
791 2192 1116 2249 efficiendum„
1156 2193 1282 2258 quod
1319 2193 1396 2242 hic
1435 2195 1795 2259 proposuimus,

93 2264 319 2311 nonnulla
352 2266 411 2313 ad
444 2266 705 2331 legitimum
745 2269 1012 2333 quaestionis
1040 2278 1214 2316 statum
1248 2269 1553 2334 aperiendum
1577 2271 1799 2335 praemit—

95 2346 195 2385 tere
219 2356 402 2390 necesse
431 2352 517 2391 est.

160 2492 213 2543 (1)
245 2492 323 2531 cfr.
346 2492 517 2535 Bellarm.
536 2495 608 2534 loe.
627 2498 691 2535 cit.
708 2510 750 2535 n.
766 2495 835 2537 58.
853 2496 921 2535 Hie

105 2567 225 2597 essent
267 2560 505 2610 expendenda
522 2590 532 2607 .‚
578 2574 661 2613 quae
698 2561 920 2601 Guillelmus

106 2624 249 2664 Palmer
263 2655 274 2673 ‚
302 2640 362 2677 op.
403 2627 467 2664 cit.
505 2634 599 2677 part.
636 2639 685 2664 vu
699 2656 710 2675 ,
747 2641 831 2679 cap.
864 2627 891 2678 4
907 2657 917 2675 ,

106 2703 188 2743 pag.
219 2689 298 2730 506
329 2699 493 2744 etseqq.
528 2691 660 2739 affert,
684 2700 727 2731 ut
745 2694 916 2741 evineat,

106 2770 202 2796 rom.
216 2756 437 2796 Pontificem
455 2771 532 2795 non
545 2756 772 2809 haberejtare
785 2757 920 2796 divino

108 2825 331 2869 ordinariam
358 2825 648 2877 jurisdictionem
669 2838 776 2877 super
794 2824 921 2864 Eccle-

109 2890 202 2928 siam
218 2892 427 2929 universam
440 2896 459 2935 ‚'
474 2899 510 2929 et
529 2898 699 2943 praeterea
716 2891 843 2930 eadem
862 2904 920 2929 or-

111 2953 256 2993 dinaria
287 2957 540 3008 jurisdictione
574 2969 668 2994 rom.
698 2955 920 2995 Pontificem

97 3019 193 3072 jure
214 3018 347 3059 divino
370 3023 522 3061 minime
543 3021 679 3073 pollere
702 3035 811 3075 super
831 3021 919 3074 Epi-

985 2498 1302 2551 scoposreliquos3
1315 2513 1402 2538 eum
1415 2507 1540 2540 tamen
1552 2514 1609 2548 ea,
1623 2515 1704 2554 quoe
1715 2515 1798 2553 pro-

988 2563 1072 2610 fert,
1095 2565 1153 2602 vel
1170 2565 1321 2617 disjecta
1334 2560 1370 2603 et
1383 2574 1635 2618 praeoeeupata
1663 2581 1797 2619 magna

985 2644 1028 2669 ex
1053 2639 1153 2682 parte
1178 2631 1239 2669 hic
1266 2645 1288 2670 a
1309 2633 1419 2670 nobis
1441 2635 1517 2685 jam
1536 2635 1607 2671 sint
1625 2663 1635 2680 ‚
1661 2635 1797 2685 partim

984 2709 1067 2733 vero
1092 2709 1160 2747 pro
1185 2699 1457 2748 opportunitate
1474 2700 1728 2748 excutiemus;
1750 2712 1799 2738 ne

988 2761 1199 2812 prolixiores
1212 2764 1326 2801 simus
1336 2791 1347 2809 ‚
1364 2777 1405 2801 ea
1417 2763 1478 2801 hie
1493 2765 1602 2802 missa
1617 2764 1771 2803 Facimus
1785 2792 1796 2810 ,

986 2828 1185 2877 praesertim
1197 2840 1282 2866 cum
1295 2827 1389 2865 nihil
1400 2829 1486 2866 novi
1501 2828 1680 2880 proferat,
1697 2829 1798 2881 quod

987 2891 1035 2929 ab
1057 2893 1267 2932 auctoribus
1285 2892 1474 2932 catholicis
1492 2895 1532 2931 in
1547 2894 1798 2933 confutatione

987 2955 1144 3010 Launoji
1167 2966 1203 2997 et
1230 2957 1384 3009 Dupinii
1415 2959 1558 3010 jamdiu
1582 2973 1657 2998 non
1687 2958 1797 2997 fuerit

987 3024 1150 3074 apprime
1171 3021 1381 3074 disjectum.
