2028 3354
555 209 679 240 PART.
718 211 750 238 1.
789 209 888 239 en.
929 209 999 238 ιιι.
1036 210 1089 238 nss
1125 210 1339 240 Eccmsiffi
1374 211 1518 241 mons.
1793 193 1882 239 151

197 328 460 386 t2⁰anyressz'
480 332 594 387 sunt
615 325 731 386 loyes
743 357 761 380 ,
789 332 1097 369 mutaverunt
1103 328 1194 386 jus
1205 359 1223 380 ,
1257 324 1562 386 dissiparunt
1582 323 1742 385 foedus
1769 339 1885 370 sem·

187 402 496 461 piternum...
536 400 832 461 Loquimur,
883 400 996 446 Ven-
1034 399 1254 454 Fratres,
1284 417 1386 462 quae
1417 401 1583 446 vestris
1613 401 1713 462 ipsi
1737 399 1885 445 oculis

195 478 491 537 conspicitis,
523 493 630 538 quae
665 477 1001 522 communibus
1031 476 1211 522 idcirco
1240 477 1471 538 lacrymis
1506 478 1881 539 ingemiscimus.

193 552 384 598 Alacris
395 552 576 597 exultat
590 553 890 614 improbitas,
907 554 1107 599 scientia
1123 552 1404 614 impudens,
1427 552 1656 598 dissoluta
1676 553 1884 599 licentia.

194 628 473 688 Despicitur
497 630 727 673 sanctitas
750 643 1025 679 sacrorum,
1058 634 1102 671 et
1127 643 1233 688 quoe
1253 643 1482 689 maqnam
1506 630 1605 673 vim
1641 644 1888 691 maynam·

193 719 280 764 que
305 707 625 750 necessitatem
648 703 885 765 possidet,
904 702 1068 746 divini
1093 702 1251 747 cultus
1278 705 1502 763 majestas
1520 703 1586 748 ab
1607 703 1887 751 bominibus

192 794 398 840 nequam
433 780 772 841 improbatur,
805 777 1083 839 polluitur,
1124 778 1331 823 liabetur
1370 779 1640 826 ludibrio...
1687 789 1890 828 vexatur

191 858 423 900 acerrime
449 871 652 900 romana
675 853 773 899 liaec
803 860 967 899 nostra
999 853 1057 899 B.
1082 852 1224 899 Petri
1249 854 1448 901 Sedes.·..
1480 862 1522 900 et
1552 857 1748 902 vincula
1769 861 1889 903 uni·—

192 932 302 975 tatis
329 934 383 976 in
411 932 510 976 dies
536 932 691 992 magis
715 929 1078 991 labefactantur
1094 966 1106 983 ,
1138 930 1549 995 abrumpuntur;
1583 931 1755 979 divina
1787 932 1891 979 Ec-

191 1006 341 1051 clesioe
363 1007 622 1052 auctoritas
648 1013 985 1068 oppuqnatur,
1020 1006 1268 1068 ipsiusque
1282 1007 1492 1068 juribus
1521 1009 1755 1067 convulsis
1773 1011 1889 1056 sub-

191 1085 428 1129 sternitur
451 1086 560 1144 ipsa
588 1084 794 1128 terrenis
824 1083 1101 1128 rationibus
1121 1116 1137 1136 ,
1163 1100 1222 1129 ac
1246 1100 1341 1146 per
1371 1100 1617 1131 summam
1644 1088 1888 1147 injuriam

192 1159 295 1203 odio
324 1159 619 1221 populorum
654 1159 948 1219 subjicitur,
994 1161 1046 1204 in
1086 1165 1275 1221 turpem
1320 1160 1514 1206 redacta
1558 1164 1884 1209 servitutem...

192 1233 468 1280 Per-sonant
492 1234 785 1280 horrendum
806 1238 861 1281 in
889 1235 1082 1280 modum
1115 1236 1376 1281 academice
1401 1243 1444 1281 et
1465 1239 1725 1299 yymnasia
1757 1243 1890 1285 novis

192 1311 475 1372 opinionum
506 1313 763 1367 monstris,
795 1318 877 1357 etc.
907 1310 1126 1357 Alteram
1158 1327 1292 1357 nunc
1312 1315 1662 1374 persequimur
1688 1330 1889 1361 causam

190 1386 428 1431 malorum
458 1387 787 1441 uberrimam,
818 1387 997 1448 quibus
1025 1386 1254 1448 afflictari
1282 1390 1338 1433 in
1363 1404 1578 1450 proesens
1605 1391 1890 1453 comproba-

187 1478 295 1507 mus
319 1463 616 1518 Ecclesiam,
649 1461 1108 1523 indifferentismum
1145 1463 1350 1520 scilicet,
1389 1480 1470 1509 seu
1503 1482 1713 1527 pravam
1752 1467 1889 1515 illam

191 1540 492 1599 opinionem,
534 1554 642 1599 quoe
676 1538 1013 1600 improborum
1044 1538 1224 1599 fraude
1260 1555 1317 1584 ea·
1355 1542 1491 1585 omni
1521 1548 1666 1602 parte
1692 1557 1889 1603 percre-

195 1613 328 1668 buit,
366 1622 452 1659 etc.
487 1612 798 1660 Vividioribus
828 1629 939 1659 sane
968 1611 1196 1660 coloribus
1229 1614 1357 1678 pingi
1384 1613 1581 1661 Ecclesia
1600 1618 1889 1664 romanensis

194 1705 288 1734 non
319 1697 503 1752 poterat
528 1688 621 1752 (l).
655 1688 708 1734 6ο
731 1687 871 1749 Quod
893 1688 929 1734 si
956 1696 1062 1752 post
1086 1687 1185 1735 haec
1204 1688 1357 1754 aliqua
1385 1690 1577 1737 unitatis
1605 1691 1773 1738 umbra
1804 1691 1888 1740 de-

191 1763 502 1828 prehenditur
538 1765 588 1810 in
622 1781 675 1812 ea
710 1763 941 1823 Ecclesia,
982 1765 1185 1814 coactiva
1223 1765 1379 1829 potius
1414 1765 1611 1813 dicenda
1648 1777 1718 1814 est
1747 1785 1890 1832 quam

189 1840 451 1887 voluntaria
492 1849 572 1887 aut
608 1857 663 1888 ex
701 1844 797 1902 ejus
839 1849 1005 1887 natura
1044 1842 1314 1905 progenita3
1349 1843 1524 1889 etenim
1558 1844 1757 1891 historia
1788 1846 1891 1893 luce

191 1918 375 1963 clarius
392 1919 544 1972 docet,
565 1918 833 1964 Ecclesiam
860 1917 1142 1964 catholicam
1157 1935 1250 1981 per
1271 1927 1335 1971 tot
1355 1927 1584 1982 tantaque
1605 1922 1890 1982 facinorum

189 2002 405 2041 monstra
427 1995 641 2057 nefanda
657 2031 669 2049 ,
697 1994 876 2056 quibus
895 1995 1223 2041 crudelissime
1245 2012 1336 2042 usa
1368 2004 1437 2042 est
1462 1996 1532 2042 ad
1554 1996 1798 2044 lzoereticos
1817 2014 1891 2045 ea*-
1935 2031 1937 2033 »

190 2071 466 2132 tir-pandos,
497 2071 734 2133 impedire
752 2086 847 2116 non
866 2072 1101 2133 potuisse,
1128 2088 1220 2133 quo
1237 2073 1405 2117 minus
1420 2060 1484 2117 >in
1507 2075 1609 2134 ipso
1637 2076 1741 2135 ejus
1762 2083 1885 2121 coetu

183 2149 411 2210 partium
441 2148 618 2194 studiis
648 2148 909 2193 dilacerato
931 2149 1188 2194 innumeri
1206 2151 1310 2210 fere
1331 2157 1477 2195 essent
1495 2149 1778 2210 christiani,
1805 2155 1896 2213 qui

186 2226 389 2283 puriore
419 2224 603 2270 imbuti
623 2225 888 2286 coynitione
911 2240 943 2268 a
967 2223 1262 2270 decretorum
1291 2232 1335 2270 et
1355 2226 1516 2271 cultus
1549 2224 1773 2272 Ecclesioe
1802 2243 1893 2274 ca-

196 2298 377 2345 tholicoe
397 2302 674 2346 commentis
690 2300 962 2362 lonyi'ssime
981 2298 1294 2346 abborrerent
1305 2335 1323 2358 ,
1348 2317 1430 2346 nec
1440 2335 1459 2357 ,
1490 2303 1592 2346 nisi
1607 2302 1892 2349 clericorum

196 2380 355 2419 astuta
384 2376 662 2438 crudelique
697 2375 1022 2421 dominatione
1053 2379 1283 2432 revincti,
1311 2384 1401 2422 aut
1431 2377 1666 2424 commodi
1686 2381 1768 2423 sui
1774 2395 1891 2441 per-

197 2464 325 2494 verso
338 2452 491 2497 studio
505 2452 672 2508 ducti,
697 2454 750 2496 in
771 2453 885 2497 sinu
903 2452 1127 2499 Ecclesiae
1150 2470 1247 2499 suae
1265 2455 1627 2500 continerentur
1638 2453 1727 2518 (2).
1754 2455 1885 2518 Ergo.
1924 2452 1928 2466 '

267 2524 380 2572 249.
420 2529 557 2591 Resp.
581 2528 701 2590 Ney.
717 2536 818 2574 ant.
852 2527 922 2574 Ad
945 2529 1005 2573 1¹1¹
1027 2528 1161 2592 prob.
1184 2530 1304 2593 Ney.
1331 2530 1505 2578 Omnes
1525 2531 1652 2578 enim
1671 2531 1893 2580 Catholici

262 2721 313 2771 (1)
330 2720 396 2760 ‘lta
422 2721 566 2760 Palmer
581 2751 591 2769 ‚
625 2724 729 2775 cujus
760 2723 1011 2771 difficultates,
1073 2722 1225 2775 logicam
1266 2725 1479 2763 methodum
1522 2729 1757 2779 exigerentur
1775 2758 1785 2776 ‚
1832 2734 1890 2769 vix

207 2800 298 2838 quas
324 2788 402 2838 ipse
430 2789 469 2826 in
499 2795 657 2840 quatuor
688 2788 839 2839 prolixis
875 2801 1011 2840 appen-
1075 2788 1197 2828 locum
1217 2790 1371 2838 darent,
1392 2793 1446 2828 uti
1463 2791 1601 2830 dicitur
1617 2823 1628 2840 ,
1654 2795 1890 2847 subsumptoe

206 2850 352 2891 dicihus
362 2879 375 2900 ,
391 2861 479 2891 tom.
493 2865 507 2890 1
523 2882 533 2901 ‚
554 2867 573 2891 a
585 2851 807 2905 pagsslssxad
821 2868 903 2905 pag.
919 2851 1012 2902 360,
1080 2854 1118 2891 in
1137 2855 1359 2894 scholasticis
1377 2859 1721 2898 concertationibus.

206 2917 287 2955 fuse
328 2920 581 2971 persequitur,
628 2920 893 2958 contraximus.
928 2919 1014 2971 Qua:
1136 2919 1189 2971 (2)
1213 2920 1555 2973 SieWegseheidei-‚
1574 2922 1596 2976 g
1613 2924 1675 2962 30.

206 2985 313 3032 pori'o
337 2985 413 3034 ipse
433 2992 534 3023 tanto
549 2993 724 3037 apparatu
739 2987 903 3036 exponit,
920 2988 949 3023 si
969 2985 1015 3024 ad
