2028 3354
436 204 565 233 ram.
608 202 638 231 1.
674 202 771 232 cu.
811 201 877 231 1v.
918 201 972 231 nu
1008 200 1226 232 EGCLESIAE
1260 199 1460 230 nonnus.
1701 183 1794 233 237

100 316 211 364 dum
232 316 563 381 assumpsimus
580 350 592 373 7
623 313 872 363 Ecclesiam
901 313 1074 361 scilicet
1099 311 1394 360 infallibilem
1413 329 1601 379 prorsus
1625 330 1722 362 esse
1740 315 1790 363 in

99 394 153 441 iis
169 430 182 454 ,
211 411 313 460 qua:
335 393 393 441 ad
412 393 554 441 fidem
574 408 819 456 moresque
840 391 1081 456 pertinent
1098 427 1111 450 7
1145 391 1242 438 sive
1268 397 1321 436 ut
1348 389 1479 437 testis
1509 399 1610 450 est,
1627 391 1723 440 sive
1739 400 1792 438 ut

91 470 262 532 judex,
296 471 394 520 sive
425 478 479 516 ut
514 469 731 531 magistra
750 504 763 527 ·›
794 475 935 533 prout
968 475 1150 514 constat
1186 475 1290 513 tum
1320 482 1379 513 ex
1400 465 1576 533 Christi·
1596 468 1788 515 institu-

100 547 250 607 tione7
277 555 377 593 tum
407 563 464 593 ex
486 545 695 611 repetitis
717 542 1002 591 solemnibus
1030 545 1127 604 ejus
1152 540 1570 605 promissionibus,
1587 543 1793 592 luculen-

99 624 248 688 tisque
267 622 537 671 divinorum
553 621 842 685 eloquiorum
866 616 1059 665 oraculis
1074 652 1086 674 7
1112 625 1214 662 tum
1238 633 1293 662 ex
1308 633 1447 663 sensu
1464 619 1757 683 antiquitatis
1775 656 1789 680 7

98 709 200 745 tum
230 698 433 763 denique
468 715 523 745 ex
547 707 770 762 perpetua
800 694 942 759 ipsius
976 690 1184 738 Ecclesiae
1209 691 1512 755 possessione.
1548 694 1634 751 Qui
1654 712 1792 762 prop.

96 784 222 822 terea
240 775 449 837 neglecto
469 775 696 820 immenso
720 771 806 816 hoc
832 767 1001 817 divinae
1028 766 1250 813 bonitatis
1278 766 1503 814 beneficio
1524 767 1790 819 homi-nibus

96 850 263 898 collato
279 885 292 910 7
312 859 364 897 ut
385 857 485 896 tuto
505 846 748 914 pervenire
775 843 961 894 valeant
981 843 1042 890 ad
1068 842 1306 891 coelestem
1326 842 1674 893 beatitudinem
1691 881 1706 906 7
1735 864 1793 895 ex

95 943 144 973 se
169 926 255 973 sibi
281 926 541 991 prospicere
558 939 692 989 posse
711 928 1001 987 praesumunt
1017 956 1029 979 7
1057 920 1316 983 comparari
1336 936 1443 967 cum
1463 920 1554 967 illis
1576 932 1757 987 queunt
1774 961 1787 986 7

97 1002 265 1068 quibus
292 1003 341 1048 in
371 1002 554 1049 deserto
577 998 791 1046 columna
825 998 957 1060 ignea
991 996 1087 1044 dux
1116 995 1225 1043 data
1251 1004 1320 1043 est
1347 995 1407 1043 ad
1435 996 1525 1044 iter
1548 1014 1792 1046 common-

96 1078 341 1126 strandum
364 1078 412 1123 in
429 1085 601 1123 terram
619 1073 957 1141 promissionis.
978 1073 1022 1120 Si
1041 1073 1168 1121 enim
1188 1073 1314 1121 inter
1329 1072 1625 1123 densissimas
1644 1076 1794 1123 noctis>

98 1153 312 1201 tenebras
335 1152 485 1199 audax
507 1153 737 1217 quispiam
755 1150 971 1198 beneficae
995 1150 1063 1196 illi
1092 1150 1217 1198 viam
1240 1149 1530 1198 collustranti
1553 1152 1700 1215 igneae
1722 1171 1792 1202 co—

95 1230 265 1276 lumnae
283 1246 334 1276 ac
350 1228 579 1294 populum
594 1228 809 1291 dirigenti
829 1235 956 1290 terga
976 1226 1186 1275 vertisset
1198 1262 1212 1287 7
1237 1235 1463 1291 reputans
1484 1244 1533 1275 se
1547 1228 1637 1275 sibi
1653 1247 1790 1295 posse

96 1305 330 1365 sufficere,
362 1322 449 1352 nec
480 1304 560 1351 illo
584 1303 856 1367 adjumento
882 1303 1117 1366 indigere,
1147 1311 1273 1350 certo
1293 1320 1341 1350 se
1363 1304 1504 1351 exitio
1532 1307 1791 1354 commisis-

94 1390 164 1427 set
184 1399 269 1446 per
288 1380 632 1428 obscurissimos
650 1379 821 1427 deserti
846 1380 1079 1426 anfractus
1094 1416 1107 1438 7
1132 1379 1428 1445 ferarumque
1450 1379 1540 1428 huc
1559 1382 1668 1430 illuc
1691 1382 1789 1431 dis-

95 1458 382 1504 currentium
402 1458 665 1515 iucursum,
686 1472 771 1503 nec
786 1472 996 1520 unquam
1015 1455 1272 1502 terminum
1289 1456 1520 1521 attingere
1540 1459 1789 1522 potuisset.

97 1535 164 1580 lta
191 1533 328 1595 plane
359 1535 439 1598 qui
467 1534 516 1579 in
538 1532 625 1579 hac
649 1533 743 1579 vita
770 1532 1122 1596 peregrinantes
1139 1565 1151 1589 7
1185 1529 1416 1578 destinata
1445 1531 1621 1580 malitia
1651 1534 1792 1582 infal-

96 1607 274 1655 libilem
291 1608 503 1656 Ecclesiae
522 1607 844 1655 auctoritatem
861 1605 1147 1671 posthabent
1164 1641 1176 1665 7
1198 1614 1252 1652 ut
1267 1607 1453 1671 privato
1471 1609 1626 1655 sensui
1638 1609 1791 1657 indul-

99 1693 236 1748 geant
248 1720 261 1739 7
277 1693 402 1731 certo
419 1701 467 1731 se
479 1684 779 1731 committunt
790 1691 974 1730 aeternae
986 1682 1148 1728 mortis
1161 1681 1301 1729 exitio
1318 1718 1330 1741 7
1347 1699 1434 1730 nec
1452 1700 1661 1748 unquam
1678 1703 1788 1751 per—

99 1760 288 1811 venirent
305 1760 363 1807 ad
383 1760 660 1825 promissam
680 1758 935 1806 humilibus
957 1757 1231 1805 beatitatem
1244 1793 1256 1816 ‚
1280 1774 1381 1823 quae
1400 1759 1451 1806 in
1470 1760 1597 1808 coelis
1619 1770 1689 1809 est
1702 1762 1792 1827 (1)»

754 1900 1146 1935 DIFFICULTATES.

166 2001 276 2050 360.
315 2000 420 2065 Obj.
441 2003 608 2067 prima.
643 2002 974 2050 Commentum
1000 2000 1344 2050 infallibilitatis
1381 2003 1592 2053 Ecclesiae
1627 2005 1798 2056 adver-

100 2087 227 2125 satur
260 2078 375 2127 ideoe
404 2079 636 2143 religionis
666 2079 958 2138 christianae,
999 2079 1311 2143 perniciosum
1337 2088 1434 2139 est,
1474 2084 1797 2131 auctoritatem

104 2153 303 2220 denique
336 2156 595 2203 humanam
633 2155 874 2203 substituit
912 2155 1172 2202 auctoritati
1207 2154 1394 2204 divinae.
1427 2156 1547 2205 Sane
1569 2159 1619 2205 1ο
1643 2175 1796 2225 neque

106 2228 312 2278 Christus
357 2246 511 2297 neque
555 2231 763 2297 Apostoli
801 2249 1010 2297 unquam
1052 2231 1288 2296 discipulis
1327 2241 1502 2281 certam
1544 2234 1797 2299 quamdam

106 2306 488 2371 praescripserunt
511 2308 621 2355 fidei
650 2308 921 2373 profitendae
953 2307 1200 2355 formulam
1233 2308 1366 2356 unice
1391 2309 1672 2370 tenendam3
1715 2311 1797 2359 sed

106 2379 260 2445 potius
280 2380 480 2431 liberum
504 2385 589 2432 Dei
610 2383 788 2431 cultum
811 2383 1032 2431 moralem
1058 2393 1403 2449 praeceperunt7
1433 2386 1568 2433 Joan.
1598 2388 1683 2447 1V,
1702 2389 1765 2435 23
1780 2424 1794 2448 7

104 2455 191 2515 243
229 2457 363 2517 vlu,
399 2458 490 2519 323
528 2462 568 2508 ΙΙ
607 2462 709 2508 Cor.
743 2462 830 2519 111,
867 2461 957 2519 173
991 2459 1092 2507 Gal.
1131 2461 1199 2521 V7
1240 2462 1289 2519 17
1319 2471 1365 2508 et
1402 2461 1660 2510 doctrinam
1687 2482 1797 2530 pro-

110 2541 370 2598 posuerunt
407 2535 471 2581 ita
509 2545 855 2600 comparatam7
898 2545 951 2582 ut
981 2536 1138 2600 perfici
1169 2546 1217 2584 et
1237 2537 1393 2602 'possit
1423 2546 1470 2585 et
1512 2537 1679 2587 debeat
1708 2541 1793 2604 (2).

166 2666 221 2718 (l)
249 2666 345 2706 Alias
386 2667 574 2719 diximus,
602 2669 701 2721 quod
727 2683 920 2723 nunquam
989 2669 1305 2722 temiuquirunt,
1333 2670 1406 2709 illis
1417 2684 1454 2710 se
1465 2675 1743 2723 communiant,
1761 2682 1797 2713 et

112 2734 196 2771 satis
214 2734 440 2786 ingeminare
462 2733 634 2786 juvabit,
661 2737 861 2774 orationem
885 2741 921 2773 et
986 2735 1183 2774 certissime
1210 2736 1256 2774 ad
1282 2749 1366 2774 eam
1384 2739 1629 2788 pervenient3
1650 2741 1715 2792 qui
1735 2754 1794 2778 eas

113 2795 362 2837 humilitatem
374 2798 464 2836 duas
476 2798 558 2836 illas
578 2798 807 2838 conditiones
819 2811 913 2843 esse,
985 2798 1176 2852 negligunt
1199 2809 1264 2840 aut
1287 2803 1586 2853 parvipendunt,
1612 2812 1694 2842 utut
1715 2819 1795 2842 ma-

114 2862 193 2900 sine
204 2862 338 2914 quibus
358 2864 404 2903 ad
416 2877 540 2903 veram
560 2863 760 2903 Ecclesiam
778 2895 789 2912 7
809 2865 918 2905 adeo·
983 2879 1074 2916 guas
1103 2867 1359 2919 inquisitiones
1392 2868 1529 2907 faciant
1546 2898 1557 2917 ‚
1601 2882 1795 2921 uunquam

57 2969 61 2973 ⁸
115 2938 188 2977 que
210 2939 334 2967 veram
359 2929 472 2969 fidem
494 2959 507 2981 ,
534 2931 717 2982 perveniri
750 2945 827 2970 uon
854 2944 922 2983 po-
990 2933 1093 2972 illam
1115 2941 1371 2988 assequentur.

115 2999 197 3032 test.
217 2992 289 3046 Qui
313 2997 465 3048 proinde
488 2998 631 3039 sincero
657 2998 767 3040 corde
789 2999 922 3039 verita·
1045 2996 1103 3049 (2)
1133 2996 1187 3038 lta
1213 2997 1476 3051 Wegscheider
1490 3027 1503 3051 ‚
1525 2996 1546 3051 S
1568 2999 1632 3038 30.
