2028 3354
257 160 352 206 402

730 176 890 206 TRACT.
930 178 987 206 DE
1024 178 1143 207 Locis
1177 180 1482 211 THEOLOGICIS.

258 307 412 346 secus„
456 299 507 334 ut
527 288 681 352 plures
705 288 999 335 contendunt
1031 288 1116 351 (l).
1152 290 1451 355 Exploratum
1483 310 1613 358 aeque
1642 304 1709 341 est
1733 331 1745 354 ,
1780 294 1948 344 divisos

256 383 351 413 esse
388 365 509 410 inter
551 379 600 409 se
620 362 825 409 eruditos
863 363 982 411 circa
1021 364 1374 427 intelligentiam
1402 369 1734 417 Ecclesz'arzem
1771 372 1948 419 subur-

258 445 564 488 bz'carz'arum
575 475 592 496 ,
635 441 692 488 de
722 440 889 506 quibus
917 443 967 488 in
1000 441 1340 508 compendiaria
1368 446 1537 493 Ruffini
1569 447 1837 512 paraphrasi
1861 449 1948 497 ad-

257 517 384 564 ducti
411 517 600 564 canonis
630 517 680 563 fit
701 517 878 564 mentio
903 517 1000 582 (2);
1025 535 1142 565 num
1167 517 1336 566 scilicet
1358 522 1544 569 veniant
1560 523 1766 572 Ecclesiae
1787 541 1948 573 omnes

252 592 591 657 patriarchatus
621 594 830 651 romani„
856 611 915 639 an
956 594 1204 659 provinciae
1229 603 1414 641 tantum
1440 600 1661 661 proefecto
1697 600 1820 647 Urbi
1832 602 1965 647 sub-⁴

238 672 410 730 jectae,
454 669 652 714 uticum
689 671 787 716 Jac.
829 669 1117 717 Gothofredo
1155 673 1467 735 propugnavit
1512 675 1789 734 Salmasius,
1834 694 1948 741 quos

248 754 406 791 tamen
428 744 594 791 aeriter
613 745 871 792 confutavit
887 745 1161 792 Sirmondus
1183 746 1271 810 (3).
1294 748 1596 812 Compertutn
1614 760 1833 814 praeterea
1854 761 1949 809 est,

251 836 351 865 can.
386 820 592 866 XXVIII.
636 820 808 883 Synodi
866 820 1284 881 Chalcedonensis,
1330 823 1491 886 legatis
1532 827 1733 872 romanis
1777 826 1947 875 absen-

248 895 372 942 tibus
413 904 654 942 exaratum
674 932 685 954 7
721 899 943 957 rejectum
978 883 1113 943 fuisse
1140 915 1165 943 a
1196 891 1425 945 &Leone
1449 901 1512 946 Μ.
1553 910 1692 966 atque
1733 901 1790 948 ab
1822 903 1945 951 inse-

247 970 499 1035 quentibus
541 987 659 1018 rom.
708 971 1037 1029 Pontificibus,
1080 972 1194 1019 adeo
1234 982 1284 1019 ut
1328 991 1424 1020 non
1465 975 1616 1023 solum
1662 978 1756 1025 vim
1802 977 1943 1026 ullam

250 1063 492 1110 nunquam
525 1046 770 1104 habuerit,
802 1047 883 1093 sed
912 1047 1105 1111 insuper
1128 1049 1271 1094 Graeci
1296 1049 1381 1112 ipsi
1413 1051 1462 1097 in
1486 1053 1578 1098 suis
1603 1070 1833 1101 canonum
1850 1055 1944 1102 col-

301 1200 354 1247 (1)
382 1198 534 1237 Certum
557 1208 634 1244 est,
675 1201 714 1236 in
738 1200 928 1238 nonnullis
967 1199 1056 1239 Mss.

246 1278 429 1302 canonem
450 1265 551 1302 huuc
586 1264 698 1303 fuisse
726 1267 943 1316 inscriptum
963 1279 973 1302 ε
995 1265 1059 1304 De

239 1331 415 1381 primam
452 1328 634 1368 Ecclesioe
666 1343 858 1377 romanco,
890 1333 940 1369 uti
958 1331 1057 1382 apud

247 1394 493 1446 Dionysium,
527 1397 564 1432 in
591 1395 680 1433 Mss.
712 1395 943 1434 bibliothecae
970 1395 1054 1434 Col-

245 1459 463 1497 bertinianae
483 1491 492 1505 ,
522 1462 558 1498 in
589 1461 668 1498 cod.
693 1460 839 1499 Claudii
862 1461 987 1513 Hardy
1002 1475 1058 1500 se·

245 1526 385 1563 natoris
401 1528 606 1577 parisiensis
617 1556 627 1573 ‚
643 1534 679 1565 et.
690 1529 729 1564 in
745 1527 826 1566 cod.
841 1527 1054 1574 Fossatensi,

244 1593 283 1628 in
321 1591 406 1629 cod.
434 1592 576 1643 collegii
606 1591 831 1630 Jesuitarum
862 1592 994 1639 Paris„
1017 1595 1056 1630 in

244 1657 329 1695 cod.
348 1656 538 1695 Pithoeano
558 1658 727 1710 aliisque.
753 1657 896 1697 Exinde
918 1659 1056 1696 factum

249 1735 329 1760 esse
355 1723 525 1760 nonnulli
559 1730 710 1772 rentur,
750 1730 791 1760 ut
815 1723 1056 1762 paschasinus

245 1802 428 1826 canonem
449 1803 524 1826 una
539 1803 622 1827 cum
644 1790 749 1828 titulo
766 1780 967 1828 recitaverit
983 1790 1055 1829 illis

243 1853 363 1891 verbis
376 1866 388 1891 ε
400 1852 578 1891 Ecclesia
591 1867 753 1892 romana
764 1866 911 1906 semper
921 1855 1058 1892 habuit

239 1919 468 1969 primatum.
483 1918 720 1957 Cabassutius
732 1922 771 1958 in
785 1919 936 1958 Notitia
953 1919 1055 1958 Con-

246 1983 311 2022 cil.
329 1984 497 2036 pluribus
513 1986 728 2037 persuadere
740 1988 870 2024 nititur
883 2017 893 2034 ‚
907 1989 1055 2025 initium

246 2049 319 2088 boe
346 2050 393 2088 de
418 2052 581 2101 primatu
602 2050 772 2090 Ecclesiae
784 2066 945 2091 romanae
965 2066 1052 2104 sup-

243 2115 525 2167 plendumesse.
555 2115 774 2168 Quesnellus
794 2147 803 2164 ‚
844 2120 1059 2158 auctoritate

243 2181 361 2221 fretus
381 2183 463 2221 cod.
477 2182 713 2229 oxoniensis,
729 2185 919 2237 contendit
932 2186 1058 2235 legen-

246 2247 338 2285 dum
350 2262 428 2286 esse
442 2261 453 2288 ι
470 2246 646 2288 Ecclesia
660 2263 824 2288 romana
835 2263 979 2302 semper
990 2250 1060 2288 Ιια-

243 2311 567 2364 heatprimatum.
584 2313 630 2352 At
650 2314 839 2353 Ballerinii
852 2343 861 2361 ‚
876 2325 966 2355 tom.
990 2328 1058 2361 111,

246 2391 334 2428 opp.
371 2377 408 2415 S.
438 2378 595 2426 Leonis,
622 2381 663 2418 in
683 2377 778 2419 Cod.
806 2393 930 2418 canon
945 2380 1059 2420 eccle-

242 2443 487 2481 siasticorum
500 2473 511 2492 ,
529 2447 584 2482 tit.
600 2459 622 2482 x
641 2475 652 2492 ,
665 2459 752 2497 pag.
767 2441 833 2493 52,
853 2454 931 2485 not.
958 2445 1057 2496 (32),

242 2505 426 2560 ejusmodi
458 2510 654 2549 lectionem
682 2512 845 2549 criticam
866 2511 967 2550 haud
984 2524 1059 2550 esse

240 2575 374 2612 invicte
394 2575 608 2614 ostendunt.

304 2638 354 2688 (2)
384 2637 439 2677 De
467 2653 541 2691 qua
576 2639 719 2678 Rufinii
749 2641 955 2693 paraphrasi
989 2642 1059 2680 cfr.

243 2703 374 2743 Baron.
402 2703 449 2742 ad
478 2717 590 2743 anno·
622 2704 724 2751 325,
763 2720 802 2744 n.
834 2705 932 2756 1353
962 2706 1067 2746 Vale-

241 2770 330 2807 sius.
342 2768 485 2808 dissert.
504 2769 564 2807 De
573 2777 674 2808 sexto
685 2783 844 2810 canone.
861 2771 978 2811 Cone.
990 2772 1067 2811 Ni-

241 2835 365 2881 coeni,
390 2847 473 2886 cap.
502 2848 524 2888 7
547 2848 557 2884 3
587 2834 753 2883 Bianchi,
781 2834 896 2874 Della
920 2838 1065 2889 potest&

238 2910 259 2934 e
284 2899 379 2940 della
408 2900 555 2952 politia
584 2900 680 2938 della
704 2900 842 2940 chiesa
860 2931 870 2950 ,
895 2911 985 2942 tom.
1014 2917 1065 2952 iv,

237 2962 293 3004 ib.
322 2980 375 3014 u,
409 2979 489 3018 cap.
517 2980 562 3015 1,
590 2965 610 3018 §
644 2965 717 3018 16,
749 2981 788 3006 n.
810 2980 861 3020 9;
891 2983 961 3009 nec
991 2982 1067 3008 non

1129 1199 1213 1238 Nat.
1241 1199 1346 1239 Alex.
1368 1201 1455 1241 diss.
1479 1218 1537 1251 xx,
1551 1207 1589 1242 in
1602 1219 1675 1243 sec.
1692 1219 1727 1243 ιν
1746 1237 1756 1254 ,
1769 1221 1853 1245 cum
1869 1209 1934 1247 ad-

1128 1272 1246 1304 notat.
1264 1265 1380 1305 Mansi
1398 1267 1570 1306 adversus
1597 1267 1833 1323 Basnagium.

1185 1332 1235 1383 (3)
1266 1332 1385 1371 Tanto
1407 1335 1622 1374 eruditionis
1655 1347 1828 1389 apparatu
1860 1348 1934 1379 tam

1131 1396 1382 1437 Gothofredus
1420 1414 1531 1451 quam
1557 1401 1756 1441 Salmasius
1790 1418 1935 1443 causam

1127 1478 1232 1501 suam
1245 1474 1520 1516 propugnarant
1533 1497 1542 1515 ,
1562 1475 1602 1505 ut
1626 1482 1681 1506 res
1704 1469 1868 1509 confecta
1884 1473 1940 1509 vi-

1127 1530 1275 1568 deretur
1292 1560 1301 1575 ,
1329 1538 1365 1569 et
1385 1530 1495 1571 Card.
1517 1533 1568 1571 du
1595 1532 1729 1572 Perron
1761 1537 1840 1586 ipse
1861 1550 1938 1575 non

1127 1594 1291 1633 crederet
1306 1626 1316 1643 ,
1331 1599 1543 1649 quempiam
1567 1602 1713 1650 reperiri
1735 1615 1837 1652 posse
1850 1631 1859 1645 ,
1875 1605 1939 1654 qui

1128 1667 1235 1698 tantae
1246 1670 1546 1713 argumentorum
1565 1665 1938 1717 machinaeimpetum

1127 1727 1356 1767 retunderet.
1376 1727 1439 1766 Ast
1451 1731 1606 1768 surrexit
1625 1731 1754 1769 doctus
1769 1730 1937 1770 Sirmon-

1127 1791 1196 1828 dus
1216 1821 1225 1837 ‚
1257 1795 1321 1844 qui
1350 1807 1413 1845 pro
1447 1793 1551 1833 Sedis
1577 1797 1783 1846 apostolicae
1808 1810 1938 1848 praero-

1127 1856 1245 1905 gativa
1289 1857 1443 1895 feliciter
1495 1859 1585 1896 adeo
1632 1859 1820 1898 dimicavit
1849 1891 1859 1906 ‚
1898 1869 1939 1898 ut

1127 1920 1245 1958 tribus
1260 1921 1392 1960 libellis
1406 1951 1417 1970 ,
1432 1937 1522 1975 quos
1533 1926 1719 1975 inscripsit
1729 1926 1939 1978 Propemp-

1125 1986 1246 2023 ticum
1263 1985 1309 2026 cl.
1331 1986 1518 2026 salmasio
1539 1989 1584 2026 de
1609 1990 1827 2040 reqiom'buc
1851 1989 1936 2027 suh-

1131 2050 1343 2090 urbicariis
1357 2082 1367 2101 ‚
1409 2051 1632 2092 adversarios
1672 2069 1755 2093 suos
1790 2055 1936 2106 penitus

1127 2117 1387 2169 profligaverit.
1403 2118 1567 2170 Dupiniu
1581 2128 1684 2165 teste,
1697 2118 1830 2157 eruditi
1844 2134 1937 2170 pene

1124 2196 1274 2227 omnes,
1296 2185 1392 2223 inter
1413 2199 1505 2236 quos
1528 2185 1583 2223 vel
1600 2187 1676 2236 ipse
1696 2185 1909 2224 Blondellus
1922 2217 1932 2235 ,

1128 2247 1330 2287 sirmondo
1343 2251 1501 2287 victoriae
1522 2249 1687 2301 palmam
1706 2250 1933 2292 tribuerunt.

1131 2312 1409 2352 Demonstravit
1435 2317 1544 2365 igitur
1571 2313 1792 2354 sirmondus
1825 2318 1952 2355 vicari-

1128 2392 1191 2416 um
1208 2378 1308 2417 urbis
1337 2393 1412 2418 esse
1431 2380 1737 2431 'distinguendum
1769 2396 1789 2419 a
1824 2382 1950 2433 praefe-

1127 2451 1185 2482 eto
1201 2444 1301 2482 urbis
1315 2457 1328 2493 ;
1342 2444 1614 2484 suburbicarias
1634 2449 1801 2499 regiones
1819 2459 1880 2484 eas
1890 2447 1946 2484 di-

1129 2512 1160 2548 ci
1177 2539 1186 2555 ‚
1211 2523 1293 2561 quae
1318 2512 1452 2549 vicario
1469 2513 1670 2563 parebant3
1692 2513 1946 2551 ecclesiasticas

1128 2576 1322 2626 dignitates
1335 2590 1410 2615 non
1423 2578 1469 2615 ad
1481 2579 1646 2617 civilium
1660 2591 1824 2617 normam
1836 2576 1944 2614 dum-

1134 2649 1230 2679 taxat
1266 2644 1450 2681 institutas
1492 2644 1625 2691 fuisse,
1664 2658 1731 2682 nec
1756 2650 1942 2694 propterea

1136 2721 1228 2746 rom.
1260 2707 1444 2747 pontificis
1457 2717 1676 2760 potestatem
1698 2708 1743 2746 ad
1765 2707 1942 2745 suburbi-

1133 2775 1247 2812 carias
1272 2773 1451 2812 Ecclesiae
1473 2774 1728 2813 coarctandam
1748 2786 1838 2811 esse.
1855 2772 1941 2832 cfr..

1132 2839 1347 2893 Roskovany
1362 2870 1373 2888 ‚
1398 2855 1457 2893 op.
1475 2843 1538 2879 cit.
1565 2838 1586 2893 §
1611 2837 1662 2877 36
1677 2868 1686 2885 ‚
1713 2847 1791 2878 not.
1811 2839 1940 2891 (113).

1134 2904 1304 2943 Prostant
1340 2918 1445 2957 porro
1481 2912 1557 2942 ·tres
1601 2903 1685 2941 libri
1713 2902 1898 2943 Sirmondi
1922 2934 1934 2951 ‚

1132 2977 1223 3009 tom.
1238 2983 1290 3021 iv,
1311 2983 1397 3023 opp.
1419 2967 1511 3009 edit.
1537 2968 1647 3009 Paris.
1666 2967 1780 3023 1696.
