2028 3354
223 199 318 248 438
357 230 373 249 .
706 217 858 246 macr.
899 219 952 247 mi
987 219 1106 249 iocis
1142 207 1432 253 muotoelcls.

226 331 380 378 cilium
410 328 746 378 oecumenicum
758 330 866 377 VIII
880 332 1163 378 contrarium
1190 349 1400 398 expresse
1425 335 1663 393 statuerit3
1688 334 1748 381 sic
1767 336 1896 382 enim

222 416 308 453 art.
356 407 431 462 X,
473 421 572 451 can.
611 404 685 464 137
725 422 773 452 se
812 406 953 454 habet
987 425 997 454 :
1033 408 1090 454 Si
1119 426 1214 470 qua
1254 416 1678 468 verooecumem'ca
1715 413 1899 475 Synodo

221 483 400 528 collecta
429 481 483 526 de
507 497 712 526 romana
734 485 879 528 etiam
909 483 1124 531 Ecclesia
1150 492 1464 535 controversia
1484 491 1717 545 eoetiterit7
1742 489 1901 535 licebit

220 573 331 602 cum
358 557 540 602 decenti
561 548 825 604 reverentia
855 559 910 603 de
931 562 1178 622 proposita
1215 565 1468 622 quaestione
1497 572 1765 610 venerantes
1778 581 1900 626 per-

219 635 410 678 contari
428 650 794 695 responsu-mque
816 635 1084 691 admittere,
1104 645 1149 682 et
1169 638 1262 682 sive
1275 641 1454 698 juvari
1471 643 1752 701 sivejuvare
1771 675 1783 697 7
1804 656 1901 686 non

219 717 379 755 tamen
398 709 702 770 impudenter
737 718 903 755 contra
929 716 1127 758 senioris
1155 713 1319 759 Romoe
1349 715 1591 775 Pontifices
1621 718 1901 761 sententiam

220 785 373 830 dicere
395 783 486 845 (l).
517 782 664 830 Multo
691 784 830 848 igitur
853 786 1006 831 minus
1047 787 1218 850 poterit
1254 789 1524 835 universalis
1554 789 1761 853 Synodus
1782 808 1899 837 rom.

221 859 490 905 Pontificem
515 859 765 923 deponere.
796 861 1036 917 Quomodo
1058 862 1184 908 enim
1215 865 1386 927 poterit
1415 866 1510 912 sive
1542 866 1749 930 Synodus
1780 883 1899 915 oecu—

221 935 400 981 menica
442 937 538 981 sive
560 935 730 997 quaevis
754 935 839 981 alia
866 945 1068 999 potestas
1092 938 1141 983 in
1164 946 1286 984 terra
1316 941 1493 988 auferre
1523 960 1545 988 a
1576 942 1796 989 Pontifice
1814 943 1904 1005 pri-

221 1021 401 1056 matum
430 1009 585 1064 illum,
611 1004 750 1072 quem
780 1009 908 1056 nulla
951 1013 991 1057 ei
1031 1011 1236 1058 humana
1270 1025 1473 1077 potestas
1507 1017 1635 1065 dedit
1688 1027 1766 1064 aut
1793 1035 1905 1064 con-

228 1086 348 1132 ferre
372 1085 524 1150 potuit
542 1121 553 1143 7
583 1085 662 1131 sed
682 1102 820 1149 quem
848 1087 945 1150 ipse
976 1086 1244 1134 immediate
1270 1105 1294 1133 a
1321 1090 1416 1135 Deo
1443 1091 1585 1138 habet
1607 1093 1631 1139 ‘2

289 1162 401 1208 631.
443 1162 543 1208 Huc
567 1161 757 1207 demum
796 1162 968 1209 accedit
998 1180 1118 1210 nova
1150 1163 1373 1211 doctrinae
1408 1176 1574 1215 nostrae
1615 1172 1906 1218 confirmatio

224 1255 280 1284 ex
316 1237 455 1283 nimis
489 1238 661 1284 recenti
692 1237 1063 1286 adversariorum
1082 1240 1327 1287 sententiae
1342 1241 1531 1304 origine.
1551 1244 1759 1291 Primum
1782 1247 1908 1293 enim

221 1313 451 1377 gallicanae
474 1313 717 1359 sententiae
745 1315 985 1377 vestigium
1005 1316 1207 1362 occurrit
1230 1315 1278 1361 in
1292 1317 1430 1363 Cone.
1452 1319 1615 1366 Pisano
1635 1319 1693 1366 ad
1711 1320 1907 1368 schisma

223 1388 504 1436 occidentale
529 1388 788 1435 tollendum
816 1398 972 1437 coacto
991 1427 1002 1449 7
1023 1408 1108 1438 nec
1130 1391 1230 1437 sine
1262 1391 1452 1440 horrore
1477 1395 1728 1459 propositio
1750 1396 1808 1443 de
1830 1414 1909 1443 su—

223 1465 488 1530 perioritate
509 1464 700 1511 Concilii
734 1482 872 1530 supra
908 1467 1175 1514 Pontificem
1215 1477 1405 1532 excepta
1434 1479 1503 1516 est
1537 1470 1625 1534 (2).
1654 1471 1767 1519 Cum
1799 1489 1909 1519 vero

223 1541 406 1587 nullum
431 1541 693 1588 remedium
712 1541 920 1588 attulerit
948 1544 1107 1590 Pisana
1131 1544 1333 1606 synodus
1351 1581 1363 1599 7
1390 1545 1484 1591 imo
1510 1546 1681 1592 malum
1711 1564 1806 1593 non
1823 1566 1907 1613 pa-

223 1634 329 1663 rum
353 1618 531 1664 auxerit
554 1654 565 1676 7
595 1634 621 1663 a
645 1619 780 1664 Joan.
809 1619 1031 1665 Gersonio
1056 1619 1326 1666 cancellario
1356 1621 1599 1668 parisiensi
1626 1623 1674 1668 in
1703 1622 1910 1671 medium

223 1694 391 1740 iterum
427 1693 605 1758 prolata
638 1702 710 1740 est
740 1710 859 1740 nova
889 1694 986 1741 haec
1021 1696 1252 1742 sententia
1279 1697 1327 1742 in
1350 1697 1490 1743 Cone.
1536 1699 1879 1746 Constantiensi
1897 1735 1910 1759 7

223 1768 301 1814 ubi
322 1769 464 1833 coepit
489 1777 707 1833 patronos
743 1768 916 1816 habere
942 1806 954 1828 7
990 1770 1136 1818 donec
1168 1771 1219 1817 in
1254 1772 1458 1836 ejusdem
1485 1771 1678 1821 ‘Concilii
1705 1792 1814 1821 sess.
1849 1776 1912 1822 IV

222 1853 269 1891 et
303 1845 356 1903 V7
379 1862 473 1891 non
498 1845 652 1909 paucis
681 1844 1019 1908 refragantibus
1044 1848 1184 1894 etiam
1214 1864 1269 1894 ex
1293 1844 1558 1895 obedientia
1581 1885 1593 1907 7
1618 1858 1669 1896 ut
1703 1859 1873 1897 vocant
1893 1886 1906 1911 ‚

221 1920 415 1966 Joannis
441 1921 588 1966 XXIII
607 1955 619 1978 7
647 1937 736 1984 qua
758 1920 852 1966 sola
876 1930 988 1969 tuno
1008 1922 1375 1969 constituebatur
1396 1924 1654 1973 ,Concilium
1681 1960 1694 1984 7
1719 1924 1911 1974 absente

222 2004 268 2042 et
292 2004 580 2060 repugnante
603 1996 765 2043 eodem
786 1998 968 2045 Joanne
993 2000 1168 2056 XXIII,
1186 2016 1279 2061 per
1303 2000 1499 2046 modum
1519 2004 1912 2049 constitutionum

221 2073 526 2134 synodalium
560 2071 620 2119 ad
648 2072 842 2119 schisma
867 2074 1130 2121 tollendum
1158 2084 1328 2121 asserta
1353 2075 1439 2120 fuit
1464 2075 1534 2139 (3)
1555 2097 1568 2134 ς
1592 2093 1775 2124 rursum
1802 2093 1912 2123 vero

224 2164 246 2193 a
272 2148 410 2194 Conc.
447 2148 690 2195 Basileensi
727 2166 836 2195 sess,
877 2151 915 2195 11
955 2149 1188 2197 adstructa
1220 2151 1308 2213 (4).
1343 2152 1484 2197 Porro
1508 2169 1564 2198 ex
1595 2152 1674 2198 illo
1701 2159 1913 2216 tempore

223 2221 398 2270 factiosi
430 2225 630 2288 quique,
668 2225 947 2273 Jansenistae
969 2263 981 2284 7
1011 2225 1172 2283 aulici7
1206 2226 1487 2285 Febronius7
1517 2226 1684 2291 Eybel‚
1724 2229 1913 2276 Emsen-

223 2297 341 2344 sium
366 2309 623 2347 conventus
646 2336 658 2358 7
696 2299 864 2365 aliique
898 2301 1105 2362 ejusdem
1135 2302 1321 2348 Furfuris
1354 2302 1569 2350 homines
1590 2339 1602 2362 7
1635 2320 1731 2349 non
1762 2303 1913 2351 solum

224 2373 482 2423 doctrinam
503 2376 625 2426 hanc
655 2393 826 2424 novam
862 2395 913 2424 ac
953 2380 1040 2425 toti
1070 2379 1335 2442 antiquitati
1365 2379 1694 2427 adversantem
1724 2397 1912 2445 pugna-

222 2450 335 2496 citer
364 2459 685 2509 asseruerunt7
721 2469 883 2500 verum
908 2456 1050 2502 etiam
1073 2454 1264 2501 summis
1298 2454 1568 2502 extulerunt
1594 2456 1812 2504 laudibus
1833 2456 1912 2504 de·

283 2602 335 2652 (1)
364 2601 408 2639 In
432 2601 580 2641 Collect.
604 2602 721 2642 Cone.
741 2613 867 2643 veneta
891 2605 1035 2655 coleti,
1103 2605 1164 2645 del
1199 2605 1372 2645 Concilio
1404 2607 1448 2645 di
1482 2607 1695 2657 costuma,
1732 2622 1788 2647 ex.
1815 2608 1910 2647 trad.

224 2674 315 2704 tom.
340 2682 361 2705 x
378 2696 388 2714 ‚
418 2667 489 2706 col.
512 2666 610 2721 879.
1103 2669 1164 2710 dal
1193 2671 1309 2711 francz·
1338 2672 1454 2711 Roma
1482 2674 1575 2724 ¹73¹
1594 2704 1603 2721 7
1623 2671 1745 2723 in·4⁰,
1766 2686 1843 2724 cap.
1863 2671 1910 2723 4,

283 2731 332 2781 (2)
361 2731 439 2770 cfr.
459 2732 630 2770 Ballerin.
649 2730 706 2771 De
725 2740 904 2785 potestate
927 2735 1037 2774 eccle·
1101 2750 1184 2788 pag.
1200 2733 1278 2775 338
1290 2746 1324 2774 et
1339 2751 1443 2790 seqq.
1463 2738 1568 2776 Hanc
1584 2739 1787 2777 editionem
1804 2737 1911 2790 selegi

223 2797 410 2852 sindica-7
435 2811 517 2848 cap.
546 2796 569 2835 5
585 2828 594 2845 7
615 2796 636 2849 §
660 2798 699 2835 3.
1102 2809 1227 2854 utpote
1249 2805 1379 2841 ceteris
1406 2803 1614 2842 uberiorem
1632 2832 1641 2849 7
1673 2816 1826 2855 quaeque
1848 2818 1910 2843 ex-

278 2860 329 2911 (3)
355 2860 433 2900 Csr.
461 2861 595 2900 Matth.
618 2861 853 2909 Petitdidier7
892 2865 930 2902 in
965 2879 1027 2917 op.
1097 2867 1202 2906 hibet
1224 2869 1444 2908 documenta
1472 2872 1547 2919 ipsa
1573 2868 1773 2920 originalia.

224 2924 506 2965 Dissertazioue
520 2929 659 2966 storica
674 2942 694 2966 e
709 2928 887 2980 teoloqiea
906 2932 950 2968 in
967 2933 1034 2970 cui
1154 2932 1205 2982 (k)
1237 2932 1344 2972 Decr.
1369 2948 1421 2980 ιιι,
1436 2941 1470 2972 et
1499 2946 1534 2970 1v
1550 2961 1562 2981 ,
1597 2933 1693 2985 apud
1723 2933 1902 2974 Harduin.

220 2991 255 3027 si
267 2993 568 3053 esamina73ual
581 2994 642 3031 sia
657 3001 752 3032 stato
766 2993 797 3032 il
810 2995 1033 3036 aemimonto
1098 2996 1220 3045 Acta,
1246 3004 1319 3037 etc.
1351 3007 1436 3037 tom.
1462 3011 1548 3046 vin,
1581 2998 1654 3037 col.
1685 3010 1797 3040 1121.
