2028 3354
195 226 287 273 164

663 239 820 270 TRACT.
861 239 914 269 DE
950 241 1067 272 LOCIS
1101 243 1403 274 THEOLOGICIS·

259 359 370 405 264.
408 356 478 403 Ad
501 356 592 413 4¹¹¹,
619 356 747 401 Dist.
779 355 844 401 Ex
867 355 940 412 iis.,
964 373 1163 419 quorum
1183 358 1332 406 cultus
1352 360 1400 405 in
1419 357 1666 409 universali
1685 359 1878 407 Ecclesia

194 443 406 503 receptus
433 448 528 477 non
555 439 651 489 est,
682 439 856 485 trans.,·
881 447 938 477 ex
961 431 1013 477 iis
1031 467 1043 489 ·›
1067 448 1267 496 quorum
1294 435 1444 482 cultus
1481 443 1694 500 receptus
1722 444 1793 482 est
1829 436 1878 481 in

195 510 404 558 universa
431 505 649 565 Ecclesia,
673 524 773 570 7269-
799 507 925 565 Esto‚
944 507 1222 573 quandoque
1242 509 1378 556 nimis
1389 528 1437 558 se
1455 511 1608 559 faciles
1628 510 1878 576 praebuisse

194 594 371 635 veteres
410 582 664 631 nonnullos
704 584 752 629 in
791 582 1094 630 decernendis
1131 584 1268 631 sacris
1308 584 1558 642 honoribus
1598 587 1758 645 alicui,
1800 587 1880 652 qui

189 659 447 708 sanctitatis
476 660 597 706 fama
622 658 964 725 percrebuerit3
990 668 1043 706 ut
1059 660 1318 725 plurimum
1337 669 1492 709 tamen
1511 665 1706 711 istorum
1730 662 1880 710 cultus

194 737 318 783 intra
349 734 640 800 particularis
672 735 919 782 dioeceseos
964 744 1044 781 aut
1079 736 1328 800 provinciae
1360 736 1528 785 limites
1557 755 1604 786 se
1631 739 1875 787 continuit.

195 811 580 876 Martyrologium
598 827 849 858 romanum
866 828 962 857 non
991 810 1134 858 semel
1160 812 1220 858 ad
1242 814 1466 859 trutinam
1493 823 1760 863 revocatum
1783 823 1877 871 est,

193 897 242 936 et
272 905 370 935 non
397 904 543 951 pauca
564 886 732 933 exinde
761 888 952 934 nomina
981 896 1230 952 expuncta.
1268 888 1486 936 Ceterum
1513 907 1755 955 nunquam
1782 907 1880 937 non

195 964 459 1027 invigilavit
493 962 713 1021 Ecclesia,
748 979 808 1010 ne
837 963 985 1010 cultus
1023 963 1223 1026 indignis
1258 964 1582 1013 decerneretur
1611 966 1706 1030 (1).Ι
1736 964 1880 1013 donec

192 1040 391 1086 Romani
419 1039 666 1086 Pontifices
685 1074 698 1096 ‚
735 1046 787 1084 ut
808 1039 1080 1104 cuicumque
1116 1038 1279 1086 abusui
1307 1039 1486 1087 aditum
1513 1041 1877 1105 praecluderent,

192 1115 251 1162 ad
279 1132 328 1162 se
352 1113 586 1163 exclusive
611 1113 693 1161 has
713 1130 871 1161 causas
891 1124 1171 1162 revocarunt
1185 1151 1197 1173 7
1225 1124 1272 1162 et
1299 1115 1432 1180 plura
1451 1116 1675 1180 sapientia
1695 1134 1748 1164 ac
1765 1134 1880 1181 pru-

193 1192 350 1239 dentia
382 1191 551 1239 referta
577 1190 760 1238 decreta
786 1191 835 1236 in
858 1207 967 1237 eum
991 1191 1134 1237 finem
1160 1190 1434 1251 ediderunt,
1461 1192 1774 1239 severissimas
1803 1209 1880 1238 re-

189 1267 318 1331 gulas
345 1276 629 1324 sanxeruntg
653 1267 1056 1330 congregationem
1080 1283 1315 1315 sacrorum
1339 1268 1515 1314 rituum
1542 1268 1844 1315 instituerunt
1864 1304 1876 1321 ,

190 1359 295 1408 quae
319 1343 464 1390 doctis
486 1342 707 1405 theologis
725 1379 737 1399 ,
768 1343 846 1406 qui
865 1342 1184 1389 consultorum
1201 1360 1394 1391 munere
1416 1344 1672 1407 funguntur
1690 1380 1702 1402 .,
1732 1344 1879 1391 utitur

192 1418 252 1466 ad
302 1436 373 1466 res
413 1417 616 1482 singulas
653 1427 760 1482 apte
794 1418 1153 1482 expendendas3
1186 1436 1212 1465 a
1242 1418 1349 1466 fidei
1378 1427 1644 1483 promotore
1686 1418 1878 1485 aliisque

188 1494 371 1541 idoneis
402 1494 513 1541 viris
536 1493 723 1555 juridici
758 1509 997 1557 processus
1028 1502 1392 1552 construuntur,
1425 1510 1510 1541 nec
1528 1530 1541 1553 ‚
1562 1494 1652 1540 nisi
1688 1493 1878 1541 demum

190 1568 540 1617 difficultatibus
567 1568 784 1615 omnibus
813 1570 977 1634 saepius
1009 1569 1220 1616 discussis
1248 1577 1387 1633 atque
1420 1569 1678 1634 explanatis
1695 1605 1708 1629 ‚
1743 1569 1876 1634 quid·

190 1662 332 1710 quam
351 1645 563 1692 Pontifex
585 1645 794 1692 decernit
812 1662 951 1710 super
971 1644 1222 1693 virtutibus
1244 1645 1293 1691 in
1315 1644 1459 1707 gradu
1487 1645 1739 1703 eminenti,
1773 1646 1877 1710 qui-

188 1721 274 1768 bus
298 1721 506 1781 fulsisse,
534 1720 612 1769 ille
622 1720 686 1768 de
707 1738 799 1785 quo
816 1721 993 1784 agitur,
1023 1720 1297 1785 perhibetur
1318 1719 1407 1784 (2).
1434 1720 1552 1769 Cum
1571 1738 1684 1770 vero
1713 1721 1774 1770 ad
1793 1721 1876 1769 hos

243 1919 296 1968 (1)
324 1917 405 1957 cfr.
443 1915 582 1955 Bened.
611 1930 697 1964 xiv,
722 1915 777 1955 De
809 1916 940 1966 beatis.
967 1921 1004 1953 et
1069 1923 1303 1954 conversatus
1332 1924 1369 1955 et
1404 1921 1570 1955 mortuus
1603 1926 1683 1967 est3
1717 1927 1751 1957 et
1780 1919 1870 1958 alter

189 1984 367 2029 canonis.
392 1982 619 2021 Sanctorum
635 2012 645 2029 ‚
682 1981 752 2019 lib.
776 1994 811 2029 ι,
844 1994 923 2032 cap.
948 1993 970 2018 2
987 2011 997 2028 ‚

186 2065 292 2103 seqq.
319 2050 521 2101 praesertim
548 2061 632 2100 cap.
657 2046 684 2086 6
704 2055 741 2086 et
760 2060 799 2100 7.

242 2115 298 2167 (2)
329 2114 512 2168 Equidem
546 2121 656 2152 ¹tanta
685 2114 877 2151 securitate
895 2142 904 2158 ‚
946 2120 1000 2150 tot

183 2180 421 2220 adminiculis
446 2208 458 2229 ‚
495 2186 597 2218 tanto
631 2180 786 2217 testium
817 2185 997 2228 apparatu

182 2246 388 2299 juridicum
426 2244 524 2283 istud
549 2244 595 2283 de
620 2242 817 2282 virtutibus
844 2256 996 2281 examen

183 2310 231 2348 ab
245 2310 454 2361 Apostolica
484 2307 578 2347 Sede
612 2308 838 2354 instituitur,
874 2315 915 2344 ut
949 2310 996 2346 sit

184 2376 336 2413 omnino
370 2374 634 2420 asserendum,
664 2372 811 2411 nullum
846 2373 994 2411 existere

183 2441 223 2477 in.
248 2441 416 2477 universa
448 2439 595 2490 Europa
627 2437 820 2485 tribunal,
850 2435 890 2474 in
919 2452 992 2490 quo

183 2517 226 2543 eo
245 2504 361 2555 rigore
372 2516 491 2542 causae
510 2503 756 2541 discutiantur
773 2530 784 2549 ‚
801 2503 877 2540 imo
891 2504 991 2554 quod

181 2582 268 2607 cum
303 2582 345 2606 eo
378 2569 434 2606 vel
464 2568 623 2607 conferri
651 2568 774 2618 possit.
797 2566 846 2604 Ut
867 2575 989 2607 autem

181 2632 333 2686 aliquod
349 2636 429 2685 ejus
450 2632 639 2683 specimen
653 2631 833 2683 praebeam
852 2662 862 2679 ‚
878 2641 988 2684 prout

182 2698 318 2749 prebui
347 2697 392 2735 de
415 2696 600 2735 miraculis
615 2726 626 2743 ‚
650 2696 712 2734 hic
737 2703 791 2734 est
810 2698 849 2734 iu
867 2700 985 2736 causis

180 2761 400 2802 Sanctorum
414 2761 663 2814 dijudicandis
685 2769 804 2800 tenor.
836 2768 873 2799 1⁰
893 2762 988 2800 Prae-

179 2828 307 2868 cedere
333 2827 442 2866 debet
461 2840 649 2879 processus
669 2826 776 2864 famae
789 2829 991 2867 sanctitatis

179 2901 214 2932 et
241 2892 504 2932 miraculorum
535 2894 575 2930 in
598 2905 750 2943 genere,
784 2891 849 2944 qui
870 2894 987 2932 confi·

178 2960 272 2997 citur
292 2957 338 2997 ab
353 2956 550 2996 Ordinatio
566 2956 681 3006 illius,
704 2957 749 2995 de
764 2971 839 3010 quo
852 2960 987 3010 agitur,

177 3023 277 3077 apud
288 3026 475 3065 civitatem
493 3030 558 3063 aut
587 3025 836 3076 provinciam,
857 3025 896 3063 in
915 3038 991 3077 qua

1068 1994 1255 2031 processus
1279 1981 1324 2019 de
1360 1996 1435 2020 non
1466 1984 1568 2021 cultu
1601 1981 1704 2036 juxta
1730 1984 1875 2024 decreta

1066 2044 1206 2083 Urbani
1240 2059 1314 2084 vm.
1357 2054 1400 2084 2⁰
1434 2046 1551 2085 Debet
1579 2056 1745 2088 constare
1776 2052 1872 2102 juri-

1065 2110 1146 2149 dice
1160 2138 1173 2158 ,
1200 2118 1324 2148 utrum
1344 2110 1406 2149 ille
1430 2124 1618 2163 processus
1634 2115 1737 2165 juxta
1765 2127 1872 2165 regu-

1064 2176 1116 2215 las
1127 2179 1349 2229 praescriptas
1361 2176 1549 2215 confectus
1561 2177 1683 2216 fuerit.
1705 2180 1747 2216 3⁰
1760 2178 1870 2218 Misso

1063 2249 1219 2293 utroque
1239 2255 1408 2293 processu
1435 2242 1481 2280 ad
1506 2241 1548 2280 S.
1584 2241 1718 2282 Sedem
1743 2245 1868 2296 sigillis

1060 2309 1206 2345 munito
1229 2315 1264 2346 et
1283 2308 1471 2359 obsignato
1486 2337 1496 2355 ‚
1522 2315 1631 2361 atque
1648 2309 1780 2348 debitis
1794 2340 1804 2358 ‚
1829 2320 1868 2350 ut

1060 2380 1216 2417 vocant,
1254 2372 1537 2411 formalitatibus
1571 2381 1695 2426 aperto
1723 2383 1760 2414 et
1783 2390 1867 2427 pro-

1059 2437 1171 2486 bato,·
1194 2435 1236 2487 4⁰
1258 2438 1495 2491 postulatores
1515 2452 1631 2477 causae
1657 2442 1791 2480 instare
1803 2442 1863 2480 de·

1057 2503 1145 2542 bent
1177 2518 1241 2555 pro
1274 2503 1412 2541 litteris
1446 2503 1794 2552 remissorialihus,
1823 2514 1863 2543 ut

1057 2569 1275 2607 conficiatur
1297 2581 1486 2621 processus
1511 2566 1730 2621 apostolicus
1751 2582 1861 2621 super

1055 2634 1154 2673 fama
1182 2637 1382 2674 sanctitatis
1405 2644 1441 2674 et
1465 2636 1728 2675 miraculorum
1746 2637 1786 2673 in
1799 2649 1860 2687 ge-

1054 2713 1156 2739 nere.
1189 2699 1254 2738 Hae
1283 2708 1406 2739 autem
1433 2700 1567 2738 litteroe
1591 2700 1859 2739 remissor-iales

1045 2779 1076 2803 va
1089 2779 1166 2804 sac.
1181 2761 1466 2821 congregatione
1479 2767 1622 2803 rituum
1644 2764 1760 2803 tribus
1773 2765 1861 2818 Epi-

1058 2832 1175 2881 scopis
1202 2831 1453 2869 inscribuntur
1480 2822 1579 2868 cum‘
1597 2828 1788 2877 clausula,
1818 2838 1861 2869 ut

1054 2894 1128 2933 duo
1160 2896 1205 2933 ad
1241 2895 1443 2933 minimum
1470 2893 1671 2946 procedant
1701 2895 1748 2933 ad
1775 2910 1859 2947 pro-

1055 2972 1197 2998 cessum
1212 2958 1404 3011 apostolica
1413 2959 1627 3009 auctoritate
1651 2968 1860 3000 construen-

1057 3024 1162 3064 dum.
1174 3024 1255 3076 Quo
1269 3025 1438 3065 confecto
1456 3032 1493 3063 et
1512 3023 1720 3077 approbato
1734 3053 1747 3074 ‚
1764 3024 1805 3065 5⁰
1817 3024 1859 3063 fit
