2028 3354
222 191 315 239 138

706 207 859 237 TRAGT.
897 209 951 239 DE
986 211 1106 242 mols
1141 212 1438 246 THEoLomcls.

220 324 272 371 in
289 323 502 387 gentibus
514 316 841 369 convertendis
859 323 1102 387 praeditam
1118 327 1330 376 eamdem
1350 329 1595 377 Ecclesiam
1612 346 1710 378 esse
1723 366 1735 389 7
1761 329 1900 378 fidem

220 399 395 447 faciunt
425 396 583 462 populi
614 413 775 445 omnes
791 433 804 455 7
829 399 910 463 qui
939 397 997 444 ab
1020 408 1153 447 aetate
1176 404 1421 467 apostolica
1436 406 1485 451 in
1509 405 1744 453 Christum
1764 406 1904 454 credi-

221 474 392 522 derunt
407 472 494 536 (l).
515 473 629 520 Cum
653 473 860 537 igiturex
886 473 1109 522 fructibus
1126 488 1422 539 cognoscatur
1442 480 1579 528 arbor
1596 519 1608 540 7
1637 491 1686 529 et
1711 498 1767 528 ex
1790 482 1906 528 acti-

221 548 494 596 onibus'vita
511 586 523 608 7
559 559 715 614 patet.¹
738 551 996 598 Romanam
1025 551 1272 599 Ecclesiam
1299 556 1740 621 esseplantationem
1757 557 1903 616 illam7

221 643 362 691 quam
379 626 611 691 plantavit
631 629 765 674 Pater
788 626 1013 686 coelestis3
1035 645 1134 676 esse
1153 646 1318 695 corpus
1340 631 1499 679 vivum
1512 670 1525 693 7
1552 650 1715 698 corpus
1735 633 1906 681 Christi

220 703 467 766 mysticum
483 738 495 761 7
523 703 617 751 vita
639 719 692 750 ac
715 704 871 767 vigore
895 702 1103 769 pollens,
1133 705 1288 752 anima
1317 723 1397 753 seu
1423 709 1566 770 gratia
1590 710 1906 756 sanctificante

196 778 523 826 informatum
546 815 558 838 7
591 796 695 826 cum
721 780 971 827 virtutibus
1005 779 1224 845 reliquis7
1256 799 1360 846 quae
1383 799 1438 830 ex
1470 783 1568 849 ipsa
1602 794 1650 832 et
1677 802 1782 833 cum
1807 785 1907 848 ipsa

220 854 498 901 subsistunt.
632 911 634 913 k
1014 849 1021 856 ²

284 931 397 979 237.
437 931 723 979 Catholicam
741 934 916 998 pariter
939 949 1035 981 esse
1051 934 1310 980 Romanam
1328 934 1573 983 Ecclesiam
1591 972 1603 994 7
1631 952 1711 983 seu
1731 936 1790 983 ad
1807 953 1909 983 eam

224 1017 434 1073 spectare
458 1008 780 1056 catholicitatis
802 1017 962 1055 notam
980 1045 992 1068 7
1023 1009 1115 1056 duo
1143 1009 1223 1056 illa
1245 1009 1428 1057 criteria
1445 1046 1457 1067 7
1489 1010 1654 1074 quibus
1672 1011 1774 1058 haec
1801 1019 1912 1058 nota

214 1087 350 1146 juxta
377 1084 498 1132 dicta
526 1084 855 1149 distinguitur-7
886 1085 1174 1150 apertissime
1201 1085 1465 1133 conficiunt.
1500 1087 1684 1133 Etenim
1714 1086 1913 1134 Ecclesia

224 1161 431 1208 Romana
454 1161 670 1226 inprimis
693 1160 867 1226 ubique
897 1178 1082 1227 semper
1108 1161 1276 1208 diffusa
1305 1170 1400 1222 est,
1430 1178 1480 1209 ac
1502 1161 1672 1227 ubique
1693 1162 1913 1209 diffundi-

223 1244 325 1297 tur,
350 1246 398 1284 et
418 1238 485 1285 ita
505 1236 803 1297 diffunditur7
828 1246 881 1284 ut
896 1237 1061 1285 eadem
1086 1237 1223 1302 plane
1243 1238 1302 1285 sit
1317 1239 1414 1286 sive
1440 1239 1619 1285 unitate
1646 1238 1753 1286 fidei
1772 1275 1784 1297 7
1816 1239 1913 1287 sive

223 1312 402 1360 unitate
435 1314 802 1372 communionis7
842 1321 944 1359 tum
978 1314 1157 1361 ratione
1186 1315 1437 1379 temporis7
1470 1324 1572 1361 tum
1601 1315 1780 1362 ratione
1805 1314 1909 1362 loci.

225 1388 344 1436 Sane
387 1388 448 1437 ad
487 1389 786 1436 diffusionem
827 1389 955 1453 quod
994 1390 1189 1451 attinet,
1226 1390 1467 1438 universas
1508 1390 1769 1456 provincias
1815 1391 1911 1437 sive

227 1464 478 1511 orientales
494 1465 593 1513 sive
605 1464 912 1512 occidentales
927 1465 1175 1512 Ecclesiam
1189 1467 1448 1512 Romanam
1461 1482 1722 1530 occupasse7
1735 1474 1917 1512 constat

225 1556 283 1587 ex
293 1538 685 1605 disputationibus
696 1541 887 1587 Patrum
899 1540 1118 1589 adversus
1130 1540 1389 1599 haereticos7
1405 1541 1699 1605 potissimum
1713 1557 1822 1587 vero
1839 1539 1918 1586 ad·

227 1632 386 1663 versus
406 1615 718 1664 schismaticos
739 1617 1035 1675 Novatianos7
1056 1616 1339 1677 Donatistas7
1360 1616 1692 1675 Luciferianos,
1706 1624 1792 1663 etc.
1818 1616 1914 1679 (2);

229 1772 380 1808 ciuntur
413 1769 461 1808 ab
496 1769 628 1807 iisdem
656 1768 946 1820 postulatoribus
975 1769 1035 1807 alii

228 1837 276 1876 ad
296 1837 420 1874 minus
455 1834 530 1873 duo
567 1834 700 1873 medici
738 1834 906 1873 doctrina
944 1847 1035 1886 prae-

230 1904 368 1939 stantes
384 1928 397 1950 ‚
426 1908 466 1939 ut
487 1902 583 1939 circa
601 1900 723 1938 morbi
744 1908 913 1938 naturam
930 1907 964 1938 et
987 1914 1039 1938 sa-

229 1969 382 2005 nitatem
397 1965 611 2018 suffragium
640 1965 781 2015 ferant3
803 1973 929 2017 praeter
947 1979 1039 2017 quos

231 2035 306 2073 duo
329 2034 392 2073 alii
414 2048 435 2073 a
460 2047 561 2072 sacra
591 2032 881 2086 Congregatione
916 2033 1040 2083 depu-

232 2108 380 2146 tantur,
410 2108 452 2138 ut
473 2113 539 2151 pro
562 2101 613 2137 rei
636 2100 786 2137 veritate
806 2099 939 2137 iterum
965 2112 1041 2136 rem

233 2165 447 2217 expendant
474 2173 509 2203 et
547 2163 770 2215 suffragium
819 2165 856 2201 in
899 2165 1043 2214 scriptis

233 2233 425 2279 emittant,
451 2232 517 2284 qui
544 2244 672 2268 omnes
707 2236 743 2267 et
770 2228 905 2281 singuli
948 2243 1044 2267 non-

233 2298 304 2335 nisi
323 2297 535 2348 interposito
551 2293 793 2347 jurisjurandi
818 2301 1045 2331 sacramento

235 2376 337 2400 suam
356 2370 510 2414 possunt
530 2364 668 2414 aperire
689 2361 923 2398 sententiam.
938 2356 979 2408 4⁰
997 2358 1046 2397 Ut

236 2435 382 2466 constet
397 2428 443 2467 de
457 2429 688 2467 invocatione
707 2428 782 2465 sive
793 2439 959 2477 expressa
972 2427 1047 2463 sive

236 2494 346 2530 tacita
376 2507 440 2543 per
471 2492 756 2545 applicationem
790 2492 959 2541 imaginis
988 2499 1048 2529 aut

237 2558 476 2610 reliquiarum
501 2559 594 2597 servi
615 2556 706 2604 Dei,
731 2556 789 2595 vel
808 2556 854 2593 ab
881 2556 1048 2602 infirmo,

237 2622 296 2661 vel
316 2621 362 2660 ab
393 2623 465 2660 alio
489 2623 627 2674 aliquo.
659 2618 703 2659 5⁰
739 2620 828 2658 Haec
854 2622 979 2658 omnia
1003 2620 1050 2659 ad

239 2690 417 2727 trutinam
438 2697 490 2726 ter
508 2696 723 2726 revocantur
739 2716 749 2735 ,
767 2688 938 2738 appositis
958 2701 1051 2725 sem-

239 2766 304 2806 per
336 2756 442 2792 novis
467 2752 689 2792 Promotoris
730 2752 816 2791 fidei
840 2766 904 2791 seu
932 2767 1050 2805 oppu-

241 2821 386 2871 gnantis
419 2816 828 2868 animadversionibus3
856 2826 892 2856 et
924 2818 1043 2857 donec

243 2882 403 2938 cujusvis
415 2884 661 2923 dubitationis
680 2883 738 2922 vel
752 2883 933 2921 levissima
949 2879 1050 2921 haud

243 2951 355 2990 fuerit
374 2949 529 3002 depulsa
556 2949 738 2988 nubecula
752 2978 763 2996 ‚
791 2962 868 2986 non
887 2960 1053 2999 pronun-

244 3019 317 3055 ciat
339 3015 378 3057 S.
401 3016 510 3055 Sedes
535 3018 721 3054 veritatem
755 3015 919 3053 miraculi
941 3045 949 3064 7
988 3015 1056 3053 sci-

1103 1768 1189 1806 licet
1210 1767 1255 1806 de
1274 1767 1340 1805 illo
1364 1774 1547 1806 constare.
1572 1766 1612 1805 Si
1633 1780 1721 1805 vero
1748 1767 1918 1805 velvunus

1104 1834 1259 1884 supersit
1279 1834 1319 1870 in
1338 1834 1525 1871 recensitis
1538 1832 1701 1871 defectus
1716 1861 1726 1879 ‚
1749 1833 1813 1884 qui
1834 1832 1915 1870 tolli

1104 1913 1181 1937 non
1207 1901 1342 1950 possit,
1365 1899 1590 1937 miraculum
1606 1898 1713 1950 plane
1734 1897 1917 1950 rejicitur.

1105 1963 1183 2002 cfr.
1208 1964 1402 2003 Benedict.
1431 1978 1517 2012 xiv,
1548 1962 1612 2001 De
1646 1962 1852 2014 beatificat.
1886 1969 1921 2000 et

1105 2030 1329 2067 canonizat.
1348 2027 1585 2067 Sanctorum
1602 2058 1611 2075 7
1629 2028 1699 2068 lib.
1725 2041 1762 2066 xv
1777 2057 1788 2076 ,
1816 2042 1855 2077 p.
1878 2040 1913 2074 ι,

1108 2107 1190 2146 cap.
1210 2092 1260 2140 8,
1289 2108 1330 2133 n.
1355 2106 1377 2131 2
1403 2102 1438 2131 et
1468 2106 1572 2145 seqq.
1609 2092 1718 2130 Nunc
1744 2102 1919 2143 provoca-

1111 2174 1193 2198 mus
1217 2159 1435 2198 acatholicos
1467 2170 1596 2196 omnes
1617 2185 1630 2206 ,
1659 2165 1700 2195 ut
1729 2158 1921 2195 inveniant

1110 2226 1247 2265 alicubi
1284 2225 1473 2274 tribunal,
1502 2226 1543 2262 in
1565 2237 1639 2276 quo
1668 2236 1792 2261 severo
1828 2222 1921 2261 adeo

1112 2293 1271 2329 examini
1296 2289 1538 2342 subjiciantur
1566 2300 1811 2341 quaecumque
1829 2300 1919 2325 cau-

1113 2370 1171 2395 sae.
1197 2355 1366 2394 Attamen
1386 2357 1454 2407 ipsi
1487 2364 1573 2393 sunt
1601 2356 1666 2407 qui
1705 2354 1829 2392 rident
1852 2353 1920 2390 mi-

1113 2420 1237 2460 racula
1258 2421 1426 2459 Ecclesiae
1452 2433 1613 2459 romanae
1635 2421 1644 2457 !

1168 2487 1223 2538 (l)
1250 2485 1361 2524 Nulla
1383 2499 1530 2537 prorsus
1555 2499 1643 2536 gens
1671 2493 1751 2533 est,
1775 2497 1854 2536 quae
1874 2483 1918 2520 ad

1114 2551 1302 2591 Christum
1332 2566 1504 2591 conversa
1540 2553 1611 2600 sit,
1646 2551 1717 2588 nisi
1753 2547 1920 2586 Ecclesiae

1115 2632 1277 2658 romanae
1300 2633 1367 2658 seu
1399 2619 1585 2658 catholicae
1603 2617 1817 2656 ministerio.
1844 2613 1920 2651 Cfr.

1118 2698 1199 2738 quae
1214 2686 1427 2736 scripsimus
1445 2687 1486 2722 in
1510 2692 1615 2722 tract.
1638 2680 1702 2719 De
1723 2692 1810 2718 vera
1827 2678 1920 2718 reli-

1113 2752 1227 2803 qione
1242 2781 1252 2799 ‚
1272 2766 1310 2803 p.
1330 2764 1356 2789 n
1373 2781 1383 2798 7
1411 2763 1516 2803 prop.
1535 2763 1574 2787 x.

1169 2818 1221 2869 (2)
1238 2817 1317 2856 Cfr.
1343 2817 1440 2869 apud
1463 2814 1769 2860 'thomassinum
1797 2825 1857 2863 op.
1893 2820 1930 2849 et
1998 2855 2005 2864 Ι

1116 2883 1191 2923 loc.
1206 2885 1267 2921 cit.
1283 2891 1318 2922 et
1330 2882 1426 2935 apud
1443 2880 1584 2919 Fratres
1596 2878 1641 2917 de
1649 2877 1928 2924 Walembumh,
1985 2924 1990 2929 ι
2010 2935 2011 2938 ¹

1120 2957 1284 2987 controv.
1314 2959 1358 2986 ln
1374 2976 1383 2993 ,
1410 2954 1502 2997 part.
1528 2958 1553 2983 n
1571 2974 1580 2991 7
1609 2942 1635 2994 4
1665 2943 1771 2996 prob.
1797 2934 1929 2981 ex'Pa·

1123 3014 1253 3051 tribus.

2014 1011 2018 1015 ”
2014 988 2018 995 ’
2016 897 2028 968 adua-.-
2018 848 2025 874 -⁴'
2020 801 2028 813 .’
2021 739 2028 746 ν,
2022 695 2028 722 ...w
2022 634 2028 644 u
