2028 3354
288 204 380 251 446

794 224 949 254 TRAGT.
990 226 1042 254 DE
1079 226 1192 257 LOCIS
1226 231 1518 262 THEOLOGICIS.

287 337 556 400 ratificare,
574 343 616 381 et
638 351 731 382 non
756 336 921 395 aliter,
956 353 1039 383 nec
1063 339 1156 385 alio
1190 343 1321 388 modo
1348 343 1436 407 (l).
1481 346 1630 403 Quam
1667 332 1863 410 quidem
1888 348 1969 395 de-

292 411 588 459 clarationem
643 411 762 458 facto
810 413 909 476 ipso
950 413 1244 462 confirmavit
1274 418 1511 479 Pontifex,
1548 421 1660 468 dum
1697 421 1817 469 edita
1847 422 1971 470 bulla

292 485 551 534 oratoribus
581 487 765 534 Polonis
793 487 878 534 sub
901 504 1042 553 poena
1064 493 1548 542 excommunicationis
1577 497 1834 562 prohibuit,
1864 516 1925 546 ne
1948 517 1971 545 a

293 562 515 610 Pontifice
538 561 596 609 ad
626 564 840 627 generale
868 564 1124 612 Concilium
1143 580 1449 631 provocarent
1468 571 1552 636 (2).
1586 575 1715 620 Hanc
1736 591 1844 621 vero
1867 574 1974 621 bul-

292 638 386 686 lam
419 639 615 686 istorum
641 640 933 688 decretorum
957 641 1380 691 Constantiensium
1399 648 1762 708 fundamentale
1777 655 1975 713 penitus

293 716 444 762 robur
470 716 756 763 destruoeisse
773 752 790 774 ,
824 719 960 764 Joan.
984 718 1082 782 ipse
1100 721 1378 779 Gersonius,
1406 723 1659 788 praecipuus
1688 726 1893 789 ipsorum
1910 744 1977 773 as-

295 801 442 839 sertor
482 801 529 839 et
565 793 767 854 vindex,
796 803 1076 858 conquestus
1114 805 1183 842 est
1214 796 1302 860 (3).
1334 798 1424 845 Sed
1465 816 1614 865 neque
1655 803 1882 865 Eugenius
1919 804 1977 849 IV

296 867 515 933 probavit
545 868 726 918 decreta
765 869 946 916 concilii
980 871 1275 932 Basileensis,
1310 874 1423 920 dum
1456 875 1622 924 litteris
1655 878 1771 925 datis
1804 879 1878 926 die
1919 878 1977 925 18

292 945 399 990 Jan.
431 961 506 991 an.
539 945 663 992 1433
690 981 702 1005 ,
728 945 990 1009 ,legitimam
1012 947 1202 1014 concilio
1234 949 1632 1000 continuationem
1670 953 1862 1000 indulsit
1883 990 1895 1014 ,
1928 963 1980 1000 ut

294 1020 490 1084 ipsemet
520 1021 731 1069 Pontifex
758 1021 1011 1069 declaravit
1043 1022 1091 1068 in
1125 1022 1321 1070 solemni
1346 1043 1587 1090 congressu
1620 1030 1859 1078 Florentiae
1889 1030 1981 1078 ha-

293 1095 412 1154 bito,
439 1096 594 1143 dicens
625 1116 635 1144 :
659 1098 759 1146 Nos
788 1099 982 1161 quidem
1006 1098 1117 1144 hene
1135 1116 1442 1162 proqressum
1467 1108 1663 1151 concilii
1689 1108 1982 1169 approbavi-

294 1188 429 1226 mus,
465 1174 659 1221 volentes
697 1183 750 1220 ut
767 1175 1066 1239 procederet,
1090 1182 1145 1220 ut
1175 1179 1442 1237 inceperat;
1463 1195 1550 1225 ivon
1579 1200 1729 1227 TAMEN
1759 1200 1981 1229 Ammona-

295 1265 436 1297 Vnuns
464 1267 568 1297 Esus
599 1269 798 1299 nizonem
826 1251 912 1314 (4).
938 1250 1085 1297 Multo
1107 1267 1218 1298 vero
1250 1252 1402 1299 minus
1434 1253 1647 1317 probavit
1673 1258 1773 1303 Pius
1813 1260 1853 1305 II
1877 1295 1888 1318 ,
1926 1258 1983 1306 de

298 1353 388 1401 quo
411 1330 586 1378 Natalis
616 1329 743 1377 Alex.
779 1327 1099 1392 conqueritur,
1128 1328 1281 1392 ipsum
1302 1364 1315 1388 ‚
1346 1338 1524 1376 mutata
1556 1332 1845 1393 conditione,
1877 1352 1981 1381 mu-

300 1422 421 1460 tasse
454 1408 734 1457 sententiam
764 1442 776 1464 ,
802 1422 942 1470 quam
965 1405 1011 1450 in
1042 1404 1301 1451 minoribus
1325 1408 1602 1454 constitutus
1622 1411 1783 1456 AEneas
1805 1410 1984 1474 Sylvius

301 1496 502 1536 sectatus
528 1485 703 1541 fuerat,
738 1481 795 1528 de
826 1479 1017 1527 Concilii
1038 1497 1178 1545 supra
1219 1483 1488 1530 Pontificem
1520 1486 1863 1548 praeeminentia
1896 1486 1984 1550 (5).

365 1563 478 1610 648.
519 1561 587 1609 Ad
623 1559 709 1617 31¹¹,
742 1560 865 1606 Dist.
898 1558 1007 1615 Quae
1052 1565 1210 1603 tamen
1249 1559 1413 1623 saepius
1446 1560 1687 1625 reprobata
1718 1570 1786 1608 est
1810 1579 1835 1608 a
1867 1579 1981 1608 rom.

300 1637 629 1694 Pontificibus,
662 1644 800 1701 atque
835 1633 893 1680 ab
929 1634 1039 1699 ipsis
1079 1633 1202 1680 illius
1232 1635 1494 1682 auctoribus
1529 1647 1804 1697 retractata,
1840 1654 1986 1691 comm

355 1773 407 1826 (1)
439 1773 482 1810 ln
505 1770 656 1809 Collect.
690 1768 809 1807 Cone.
840 1773 966 1805 veneta
995 1765 1113 1803 Coleti
1179 1772 1323 1805 summi
1346 1766 1583 1821 Pontificis,
1603 1778 1638 1807 et
1652 1770 1885 1807 incrusurum
1913 1771 1988 1821 eje·-

298 1848 392 1880 tom.
419 1852 480 1877 ενι
497 1867 507 1884 ,
532 1836 604 1875 col.
634 1834 726 1893 746.

355 1904 408 1955 (2)
440 1902 541 1941 Ibid.
569 1901 640 1940 col.
663 1898 738 1954 747
762 1907 798 1938 et
819 1912 921 1949 seqq.

352 1969 407 2021 (3)
439 1970 492 2006 In
512 1965 665 2017 dialoyo
689 1963 914 2017 apologetico
929 1973 1000 2013 pro
1020 1972 1110 1998 con-

1178 1834 1317 1879 ctione,
1354 1840 1535 1872 attentata
1550 1836 1698 1886 factave
1721 1840 1824 1872 sunt.
1856 1834 1990 1873 Conti-

1178 1897 1291 1935 nebat
1312 1900 1453 1946 itaque,
1476 1900 1519 1936 in
1546 1899 1649 1937 nullo
1679 1912 1772 1937 casu
1793 1897 1903 1937 licere
1923 1912 1990 1951 ap-

1172 1963 1418 2015 pellationem
1445 1978 1468 2002 a
1496 1963 1607 2017 Papa
1632 1965 1759 2016 facere
1775 1994 1786 2013 ‚
1813 1977 1881 2002 nec
1906 1965 1988 2016 ejus

300 2036 425 2073 demn.
444 2032 630 2086 proponit.
661 2029 700 2069 J.
727 2028 872 2075 Parvi,
910 2040 993 2078 opp.
1022 2024 1110 2064 edit.
1165 2029 1368 2081 judicium
1383 2031 1425 2067 in
1437 2043 1529 2068 casu
1540 2029 1985 2081 fideideclinare...con-

299 2098 595 2150 ElliesDupinii,
613 2096 798 2146 Antwerp.
818 2090 933 2144 1706,
954 2099 1047 2129 tom.
1068 2101 1110 2137 11,

300 2167 374 2206 col.
404 2164 482 2218 390
500 2194 510 2211 ,
540 2163 605 2201 ubi
628 2164 678 2200 sic
696 2161 844 2199 scribit:
864 2160 914 2196 In
929 2157 1114 2195 deteriora

299 2233 479 2272 continue
501 2228 648 2281 relapsa
664 2234 738 2273 est,
758 2239 875 2277 usque
898 2224 988 2261 adeo
1016 2223 1116 2274 quod

295 2310 368 2351 pro
382 2304 495 2350 parte
523 2295 763 2332 dominorum
797 2290 1025 2329 Polonorum
1052 2290 1114 2327 in-

300 2364 454 2416 terjecta
477 2367 531 2399 est
555 2360 708 2397 tandem
731 2355 930 2409 appellatio
947 2355 997 2392 ad
1007 2353 1115 2405 futu-

302 2441 390 2465 rum
410 2425 650 2473 Concilium5
670 2424 735 2460 cui
756 2420 1002 2474 appellationi
1027 2432 1114 2456 cum

303 2490 607 2544 respondendum
625 2494 719 2526 esset
733 2517 744 2534 ,
768 2486 863 2524 lecta
889 2492 942 2523 est
958 2515 967 2531 ,
994 2490 1038 2522 ut
1054 2483 1114 2521 di-

300 2559 425 2603 citur,
459 2557 502 2593 in
544 2553 766 2592 consistorio
792 2549 962 2602 qenerali
986 2555 1021 2586 et
1037 2561 1113 2600 pu-

303 2622 401 2661 blico
420 2653 429 2668 ,
471 2620 570 2672 quod
594 2620 725 2657 ultimo
748 2618 986 2656 Constantia*
1011 2614 1113 2653 cele-

303 2689 453 2726 bratum
467 2691 522 2723 est
534 2716 542 2732 ‚
559 2685 710 2722 minuta
722 2683 898 2735 quaedam
911 2681 979 2719 sub
989 2680 1115 2732 forma

303 2752 431 2792 Bullae
449 2781 460 2799 ‚
487 2750 679 2789 destruens
693 2747 715 2802 (
723 2757 767 2786 at
783 2753 958 2785 asserunt
979 2747 1046 2798 qui
1060 2745 1114 2785 le—

302 2824 440 2870 qerunt
459 2830 540 2855 eam
552 2814 572 2868 )
583 2812 872 2866 fundamentale
882 2814 1040 2865 penitus
1054 2826 1115 2852 ro-

303 2885 377 2922 bur
391 2912 402 2930 ,
434 2883 575 2920 nedum
615 2880 756 2919 Pisani
770 2908 782 2928 ‚
823 2878 891 2916 sed
926 2878 1115 2917 Constan-

303 2948 437 2987 tiemis
475 2945 662 2993 Concilii,
689 2950 728 2982 et
751 2957 879 2982 eorum
912 2945 1084 2981 omnium
1101 2972 1112 2991 ‚

304 3027 388 3066 quw
404 3014 447 3050 in
465 3013 542 3058 eis,
567 3011 779 3063 proesertim
802 3022 916 3061 super
936 3008 1113 3048 electione

1178 2100 1238 2132 tra
1263 2094 1410 2133 decreta
1440 2094 1621 2137 Consilii.

1234 2160 1286 2212 (4)
1319 2160 1372 2199 lta
1393 2168 1544 2199 testatur
1568 2160 1677 2199 Card.
1699 2159 1760 2198 Jo.
1779 2159 1833 2198 De
1853 2158 1987 2197 Turre·
2025 2167 2028 2168 ’

1179 2234 1362 2273 cremata,
1391 2228 1454 2279 qui
1487 2227 1651 2264 interfuit
1678 2227 1746 2276 ipsi
1779 2226 1986 2277 congressui

1179 2292 1389 2330 Florentino
1405 2321 1414 2337 ,
1440 2291 1552 2343 idque
1576 2305 1620 2330 ex
1651 2305 1713 2329 ore
1736 2293 1876 2342 accepit
1908 2290 1983 2328 Eu·

1179 2359 1275 2409 genii
1299 2369 1336 2395 1v
1353 2387 1363 2404 ,
1390 2366 1426 2395 et
1454 2356 1561 2394 refert
1579 2356 1628 2393 in
1656 2370 1720 2407 op.
1749 2353 1806 2393 De
1839 2366 1988 2393 summa
2020 2392 2025 2393 ⁷

1178 2420 1385 2467 Eccleeioe,
1411 2421 1478 2459 lib.
1496 2434 1545 2468 n,
1573 2435 1656 2473 cap.
1689 2433 1788 2466 100,
1815 2420 1988 2472 quodque

1178 2488 1316 2540 profert
1362 2487 1585 2526 Rocabertus
1610 2518 1620 2535 ‚
1670 2490 1709 2525 in
1754 2485 1987 2538 Bibliotheca

1178 2554 1350 2591 maxima
1357 2550 1584 2604 pontificia,
1597 2562 1686 2592 tom.
1698 2566 1781 2599 xm,
1797 2563 1877 2603 pag.
1888 2547 1983 2599 430,

1179 2618 1249 2657 col.
1281 2632 1317 2660 2.
1347 2617 1425 2657 Cfr.
1454 2619 1615 2670 ejusdem
1651 2617 1759 2656 Card.
1792 2613 1984 2667 Apoloqia

1178 2681 1352 2734 Euqenii
1366 2697 1403 2721 iv
1419 2714 1428 2730 ‚
1452 2684 1502 2721 ad
1526 2683 1782 2722 Basileensem
1801 2685 1986 2720 oratorem
2015 2683 2017 2685 ’

1179 2750 1222 2785 in
1236 2747 1460 2787 Florentino
1475 2747 1646 2786 Concilio
1659 2777 1669 2794 ,
1684 2744 1780 2798 apud
1793 2743 1985 2783 Labbeum

1180 2822 1270 2853 tom.
1295 2827 1383 2861 ¹111,
1406 2814 1475 2852 col.
1497 2810 1591 2851 1661
1620 2820 1654 2850 et
1674 2824 1779 2863 seqq.

1236 2878 1289 2929 (ὅ)
1319 2877 1398 2917 Cfr.
1436 2877 1658 2929 Roncaglia‚
1696 2873 1909 2912 Animadv.
1946 2874 1986 2912 in

1180 2944 1266 2983 diss.
1282 2958 1368 2993 vm,
1381 2956 1452 2983 sec.
1467 2955 1515 2981 xv
1530 2949 1565 2980 et
1577 2955 1634 2980 xvi
1646 2971 1656 2988 ‚
1682 2940 1723 2980 P.
1737 2939 1874 2979 Natalis
1885 2969 1895 2987 ‚
1912 2935 1984 2991 §5-
