2028 3354
402 220 528 251 PAn'r.
567 221 598 250 1.
635 220 754 249 SEC'I'-
795 219 844 248 11.
884 218 985 248 CAP.
1024 217 1089 248 lv.
1128 218 1182 246 ΒΕ
1218 215 1361 247 ΒΟΤΙΒ.
1400 213 1522 244 Pium.

1665 266 1668 270 Ι
1726 195 1821 243 507

130 353 228 383 non
256 343 411 382 autem
445 334 646 400 corporis
674 334 843 391 totius3
882 348 1153 398 supremum
1179 331 1292 378 item
1327 337 1562 395 pastorem
1596 343 1694 374 esse
1722 326 1825 372 sin·

130 411 343 475 gularum
362 411 518 457 ovium
531 446 544 468 ,
561 410 755 457 minime
771 426 882 457 vero
902 408 1109 470 universi
1126 407 1271 471 gregis
1285 442 1297 465 ,
1319 423 1425 452 cum
1443 413 1604 451 tamen
1613 402 1823 449 Christus

130 488 300 535 dixerit
334 487 587 533 universim
630 505 639 532 ε
690 488 846 549 Super
889 490 1013 532 hanc
1043 492 1236 548 petram
1277 482 1526 544 oedificabo
1556 480 1833 542 Ecclesiam,

131 581 286 611 meam
301 579 317 617 ,·
341 572 390 610 et
415 580 424 608 ε
457 564 606 609 Pasce
627 580 726 608 oves
754 580 896 608 meas.
926 562 1109 608 Novum
1140 558 1278 623 plane
1309 566 1379 605 est
1396 594 1408 615 ,
1434 574 1600 622 corpus
1629 572 1828 621 praeesse

130 640 292 705 capiti,
315 657 498 702 gregem
520 639 687 686 ducere
712 647 971 703 pastorem,
998 635 1240 684 aedificium
1262 650 1420 696 regere
1439 633 1821 680 fundamentum.

199 716 312 763 745.
354 714 424 762 Ad
453 715 536 774 3¹¹¹,
568 720 689 761 Dz'st.
725 714 770 761 Si
803 714 960 761 ovium
991 720 1109 759 esset
1134 709 1343 773 judicare
1371 718 1635 773 pastorem,
1669 726 1827 760 conc.,·

131 784 289 849 secus,
321 809 423 855 neq.
466 791 631 856 Ecquis
662 791 787 837 enim
818 788 961 851 judex
995 787 1107 845 erit,
1149 787 1196 831 in
1239 783 1378 831 rebus
1416 784 1676 849 praesertim
1718 800 1828 832 vere

132 868 282 915 dubiis
298 905 309 927 ,
331 877 385 914 ut
404 866 612 933 loquitur
631 863 1040 925 Bellarminus(1),
1060 870 1221 908 utrum
1238 859 1452 908 Pontifex
1477 876 1589 906 sana
1613 869 1829 925 rectaque

133 944 322 991 suadeat
346 981 357 1003 ,
406 961 465 990 an
503 960 644 1008 prava
691 939 938 1004 suggerat?
974 938 1235 985 Praesertim
1275 954 1381 983 cum
1422 935 1716 1001 exploratum
1746 936 1832 991 sit,

130 1022 310 1085 integra
345 1019 543 1068 Concilia
567 1054 579 1076 ,
622 1033 768 1082 eaque
803 1015 1186 1063 numerosissima
1223 1015 1325 1061 sine
1370 1014 1596 1060 Pontifice
1630 1012 1833 1077 turpiter

132 1096 343 1144 errasse?
379 1095 598 1153 Accedit,
642 1110 893 1159 perperam
935 1092 1225 1139 adversarios
1268 1090 1535 1137 existimare
1573 1088 1701 1135 haud
1733 1104 1838 1135 esse¹

131 1171 403 1220 rationabile
430 1170 703 1235 obsequium
721 1206 732 1228 ,
765 1168 891 1234 quod
920 1186 945 1215 a
972 1167 1163 1231 singulis
1194 1166 1401 1214 Ecclesiis
1434 1164 1682 1212 exhibetur
1705 1166 1832 1211 Pon-

135 1250 243 1296 tifici
274 1266 329 1295 ex
365 1246 585 1293 cathedra
626 1246 884 1311 dogmatice
926 1244 1198 1303 definienti,
1231 1243 1319 1290 nisi
1360 1243 1488 1307 prius
1521 1240 1834 1306 expenderint

132 1325 379 1372 intrinseca
415 1322 721 1369 fundamenta
737 1357 750 1383 ,
772 1320 940 1386 quibus
958 1321 1145 1368 innixus
1167 1320 1376 1367 Pontifex
1402 1317 1520 1364 illud
1544 1317 1650 1364 fidei
1671 1317 1834 1364 decre—

134 1412 234 1447 tum
265 1399 484 1447 emiserit.
512 1402 679 1446 Nonne
699 1406 1013 1463 protestantes
1043 1416 1094 1444 ac
1126 1397 1306 1444 sectarii
1333 1412 1495 1442 omnes
1529 1394 1653 1442 idem
1677 1395 1832 1459 ipsum

135 1485 325 1543 possent
349 1476 569 1523 adversus
593 1475 798 1523 Ecclesiae
823 1475 1116 1523 definitiones
1136 1475 1347 1539 excipere
1366 1471 1462 1537 (2ss
1486 1475 1686 1519 Demum
1711 1489 1835 1519 assu-

136 1562 272 1600 munt
311 1553 566 1600 adversarii
605 1554 654 1598 in
694 1552 778 1599 hac
819 1553 960 1598 etiam
1002 1551 1301 1609 difficultate,
1337 1552 1466 1597 utin
1506 1549 1670 1597 ceteris
1706 1547 1832 1608 aliis,

135 1628 383 1677 Ecclesiam
424 1647 504 1676 seu
545 1630 699 1695 potius
742 1630 987 1694 Episcopos
1030 1629 1286 1675 inerrantia
1323 1626 1543 1693 praeditos
1584 1645 1609 1674 a
1650 1625 1835 1672 Christo

135 1723 233 1752 esse
259 1707 508 1772 separatim
540 1724 562 1751 a
596 1705 773 1771 capite,
807 1704 932 1771 quod
962 1714 1120 1752 tamen
1146 1705 1361 1752 evincere
1391 1711 1651 1769 nequeunt.
1674 1702 1837 1767 Neque

135 1781 252 1828 illud
282 1781 465 1829 silentio
496 1781 906 1847 praetereundum,
951 1782 1000 1828 in
1027 1783 1159 1846 praxi
1191 1780 1313 1828 hanc
1345 1780 1604 1827 doctrinam
1627 1793 1838 1825 summo-

136 1875 249 1923 pere
290 1858 479 1905 noxiam
519 1875 644 1917 esse,
689 1875 793 1905 cum
838 1858 1019 1906 sectarii
1061 1874 1223 1904 omnes
1261 1856 1451 1904 eludere
1487 1864 1679 1922 possent
1713 1870 1834 1901 rom.

138 1934 417 1981 Pontificum
448 1936 631 1983 decreta
648 1971 660 1994 ‚
688 1935 855 2000 quibus
883 1953 1045 1983 eorum
1070 1935 1427 2002 proscribuntur
1448 1933 1707 1992 novitates,
1733 1946 1837 1997 quae

140 2011 358 2074 praesenti
400 2012 605 2069 remedio
638 2012 855 2076 indigent
878 2049 890 2072 ,
935 2013 1084 2060 donec
1122 2012 1380 2059 constiterit
1416 2011 1474 2058 de
1512 2025 1730 2075 expresso
1763 2005 1842 2057 vel

140 2086 281 2133 tacito
300 2086 509 2134 Ecclesiae
532 2105 720 2134 assensu
735 2125 747 2148 ,
770 2098 816 2135 et
842 2089 1030 2136 interim
1062 2089 1197 2153 longe
1222 2089 1407 2154 lateque
1435 2088 1628 2153 impune
1651 2090 1841 2151 possent

140 2180 318 2210 errores
351 2181 456 2209 suos
487 2163 791 2211 disseminare
819 2164 908 2228 (3).

212 2238 324 2285 746.
366 2240 432 2286 Ad
459 2241 542 2301 4¹¹1,
574 2243 686 2305 Ney.
720 2250 772 2286 ut
799 2250 932 2306 patet
960 2259 1016 2289 ex
1046 2259 1166 2307 resp.
1199 2243 1257 2289 ad
1281 2243 1328 2290 2.

201 2360 252 2411 (1)
285 2359 340 2400 De
361 2375 457 2403 rom.
489 2363 610 2402 Pom.
633 2363 703 2402 lib.
729 2378 785 2411 iv,
808 2378 889 2415 cap.
911 2363 959 2413 3,

143 2441 183 2465 n.
211 2426 276 2465 33.

1029 2367 1100 2411 sit,
1130 2360 1174 2404 eit
1203 2368 1367 2418 ipsorum
1394 2368 1583 2420 principiis
1608 2369 1642 2405 vi
1663 2366 1843 2406 examinis

1029 2432 1112 2470 elici
1137 2432 1258 2471 debet.
1287 2432 1382 2471 Satis
1410 2435 1510 2472 enim
1534 2436 1573 2472 in
1596 2434 1655 2472 his
1674 2443 1726 2474 est
1741 2435 1843 2487 prin-

199 2492 250 2544 ('‘2)
280 2492 368 2531 Haec
383 2508 470 2533 sane
491 2504 543 2533 est
567 2505 741 2547 perpetua
756 2505 963 2547 protestan-

145 2560 238 2596 tium
268 2560 464 2610 exceptio,
488 2560 589 2611 quod
616 2560 778 2598 Ecclesia
804 2562 962 2613 postulet

145 2637 287 2662 caecam
323 2626 397 2662 suis
433 2624 646 2675 dogmaticis
682 2625 961 2665 definitionibus

144 2690 408 2728 adhaesionem.
452 2690 665 2729 Janseniani
703 2706 789 2730 vero
827 2692 962 2731 exinde

145 2764 400 2795 commentum
422 2771 530 2795 suum
550 2759 805 2809 excogitarunt
828 2758 874 2797 de
897 2773 962 2797 ne.-

144 2823 307 2861 cessitate
334 2835 536 2861 consensus
561 2821 731 2861 Ecclesiae
765 2826 960 2872 universae,

147 2895 187 2925 ut
212 2889 471 2928 irretractabile
489 2892 629 2928 censeri
654 2890 785 2928 debeat
808 2890 965 2930 Concilii

147 2957 361 2994 oecumenici
383 2956 570 2995 decretum
590 2985 600 3002 ‚
648 2958 712 3009 qui
736 2970 961 3007 consensus,

147 3026 349 3074 antequam
384 3023 588 3074 praebeatur
601 3053 612 3072 ,
653 3031 694 3061 ut
734 3024 961 3064 rationabilis

1028 2499 1167 2549 cipium
1192 2500 1313 2550 jacere
1330 2530 1341 2548 ,
1367 2505 1406 2536 ut
1432 2499 1568 2539 deinde
1601 2501 1789 2539 evolvatur
1809 2507 1845 2539 et

1029 2563 1243 2615 applicetur.

1083 2628 1135 2680 (3)
1150 2628 1188 2668 Si
1205 2633 1287 2683 quis
1300 2639 1435 2671 attente
1452 2633 1673 2684 perpendat,
1689 2633 1844 2684 quinam

1029 2693 1178 2733 demum
1201 2699 1299 2740 sint,
1341 2699 1404 2749 qui
1431 2711 1552 2737 moras
1581 2705 1737 2736 nectunt
1754 2728 1765 2745 ,
1798 2712 1846 2736 ne

1029 2759 1217 2800 Pontificis
1247 2763 1462 2814 dogmaticis
1497 2763 1778 2802 definitionibus
1808 2778 1847 2803 se

1030 2825 1254 2877 subjiciant,
1288 2827 1514 2880 comperiet,
1538 2843 1615 2867 non
1640 2829 1843 2868 Ecclesiam

1031 2891 1247 2942 gallicanam
1260 2921 1274 2942 7
1298 2908 1374 2933 non
1391 2893 1616 2946 gallicanum
1634 2895 1777 2934 clerum
1796 2895 1847 2933 ita

1031 2971 1068 2995 se
1090 2970 1213 3008 gerere
1235 2989 1245 3007 ,
1270 2959 1333 2997 sed
1354 2959 1559 2998 nebulones
1585 2967 1695 3012 atque
1715 2959 1845 2999 factio-

1030 3035 1101 3061 sos.
1128 3022 1199 3076 Qui
1215 3024 1368 3077 quidem
1392 3038 1478 3063 cum
1506 3024 1653 3064 videant
1675 3054 1687 3074 ,
1723 3032 1847 3064 actum
