2028 3354
195 218 255 266 40

664 236 820 268 TnAc'r.
861 237 914 265 DE
949 238 1068 268 LOCIS
1104 240 1404 271 THEOLOGICIS.

196 350 256 398 ad
273 350 609 415 contegendam
629 348 868 413 propriam
892 348 1200 399 deFectionem
1215 352 1274 399 ab
1291 353 1369 400 illa
1389 353 1583 401 Ecclesia
1601 390 1612 412 ,
1635 371 1777 418 quam
1797 354 1880 401 de-

195 436 437 474 seruerant
455 424 546 488 (1).

261 501 339 547 67.
366 503 471 546 Jam
492 516 602 548 vero
617 500 854 547 Christum
865 501 928 547 ita
941 500 1197 548 instituisse
1209 503 1453 552 Ecclesiam
1465 524 1594 553 suam
1614 542 1627 567 ,
1648 524 1737 571 qua
1751 514 1884 570 parte

194 575 385 625 visibilis
408 584 478 623 est
495 612 507 635 a
534 585 587 622 ut
613 576 673 623 ad
704 593 807 623 eam
834 594 930 623 non
960 578 1115 622 minus
1134 578 1250 638 justi
1281 595 1420 642 quam
1445 590 1706 645 peccatores
1735 581 1883 645 perti-

193 660 367 711 neant,
410 662 540 718 patet
574 662 675 699 tum
705 670 763 700 ex
791 654 964 718 apertis
999 654 1344 718 Scripturarutn
1374 659 1613 706 sententiis
1631 695 1644 716 ,
1690 667 1804 704 tum
1826 674 1884 704 ex

197 727 367 775 Christi
397 730 539 795 ipsius
563 746 701 794 scopo
721 766 733 789 .,
758 746 809 776 ac
841 729 1033 798 demum
1059 746 1115 776 ex
1142 747 1279 777 sensu
1305 730 1602 789 traditionali.

193 922 298 962 illam
321 936 397 962 esse
428 924 476 962 ad
503 929 645 975 partem
667 923 837 971 Donati,
872 932 908 962 et
937 921 1007 962 Ec-

197 987 346 1028 clesiam
371 990 588 1028 catholicam
620 989 822 1040 arguebant
843 991 1010 1041 praevari-

194 1056 348 1093 cationis
367 1084 376 1102 ‚
397 1069 440 1094 eo
470 1055 569 1107 quod
595 1054 817 1093 traditorum
842 1057 1010 1106 contagio

194 1121 453 1173 malorumque
491 1123 755 1165 communione
782 1123 1013 1159 contamina-

198 1195 276 1224 tam
301 1193 562 1235 autumarent,
576 1185 665 1238 quia
680 1186 897 1224 Caecilianus
908 1189 1012 1238 juxta

196 1251 294 1302 ipsos
329 1253 644 1289 consecrationem
674 1251 916 1302 episcopalem
953 1265 1014 1289 ac-

197 1323 343 1366 ceperat
367 1330 388 1354 a
412 1315 531 1354 Felice
550 1315 801 1367 Aptungitano
826 1328 1014 1353 sacrorum

196 1380 378 1419 librorum
415 1381 612 1428 traditore,
646 1388 682 1419 et
706 1394 792 1419 cum
821 1380 1016 1418 Caeciliano

198 1446 363 1485 Ecclesia
399 1461 553 1485 romana
580 1477 591 1495 ‚
639 1447 805 1499 adeoque
837 1448 1016 1485 catholica

202 1512 520 1550 communicabat.
552 1511 632 1549 Cfr.
663 1514 726 1549 cit.
758 1520 856 1550 auct.
876 1525 948 1549 sec.
963 1525 1015 1558 iv,

202 1589 289 1627 cap.
305 1576 329 1614 3
347 1602 361 1624 ‚
382 1585 451 1615 art.
481 1590 514 1624 1,
531 1575 551 1628 S
571 1575 638 1625 1-4
654 1589 664 1625 3
680 1590 836 1614 necnon
852 1576 1019 1615 Valesius

203 1646 245 1681 in
272 1656 401 1694 opusc.
415 1642 473 1681 De
487 1643 688 1681 schismate
706 1642 1015 1691 Donatistarum,

204 1708 461 1760 Albaspinaeus
499 1711 538 1747 in
585 1708 928 1746 observationibus
971 1708 1022 1746 ad

210 1773 396 1826 Optatam
406 1773 687 1814 Milevitanum
705 1803 715 1822 ,
729 1773 840 1812 Card.
856 1773 1021 1812 Norisius

205 1839 397 1878 Historioe
420 1838 659 1879 Donatistar.
686 1854 766 1892 pag.
793 1853 805 1877 1
826 1869 836 1887 ‚
855 1848 946 1878 tom.
965 1853 1018 1888 lv,

209 1919 294 1957 opp.
321 1906 411 1945 edit.
434 1906 573 1944 Veron.
609 1906 725 1958 1732.

264 1971 317 2021 (l)
349 1970 598 2010 Protestantes
635 1973 730 2009 circa
771 1971 1020 2009 visibilitatem

211 2038 573 2077 autinvisibilitatem
587 2036 762 2075 Ecclesiae
783 2050 925 2089 semper
948 2051 1021 2076 ‚an-

208 2105 336 2155 cipites
368 2103 545 2152 fuerunt3
583 2103 772 2141 interdum
803 2105 902 2141 enim
930 2104 1023 2142 duce

209 2168 379 2207 Luthero
391 2169 621 2218 docuerunt,
637 2167 840 2206 Ecclesiam
864 2181 940 2206 esse
963 2170 1022 2205 in-

212 2233 395 2273 visibilem
412 2263 423 2282 ,
454 2242 582 2285 utpote
599 2235 923 2284 congregationem
937 2246 1025 2271 san-

211 2308 355 2339 ctorum
371 2329 381 2349 ,
411 2308 451 2338 ut
475 2300 544 2338 hac
566 2302 706 2338 ratione
730 2299 973 2337 excluderent
1003 2314 1023 2337 a

211 2366 348 2405 Christi
380 2365 549 2405 Ecclesia
576 2379 776 2403 romanum
804 2364 1024 2402 Pontificem

212 2439 248 2470 et
268 2431 458 2482 praelatos;
480 2435 592 2484 atque
609 2433 661 2469 sic
681 2430 965 2484 contenderunt,
989 2445 1025 2469 se

213 2509 290 2535 esse
336 2498 376 2533 in
426 2498 688 2535 communione
734 2509 819 2533 cum
853 2495 1025 2533 omnibus

214 2562 348 2600 sanctis
360 2588 372 2607 ‚
390 2561 429 2599 id
448 2567 522 2608 est,
536 2561 714 2599 haereticis
733 2589 743 2607 ‚
771 2561 835 2612 qui
863 2574 923 2597 eos
935 2574 1024 2611 proe-

214 2633 417 2665 cesserunt.
433 2625 623 2677 Negabant
635 2633 838 2676 propterea,
858 2638 939 2662 eam
951 2639 1026 2664 csse

215 2703 339 2731 veram
362 2690 562 2730 Ecclesiam
579 2719 590 2736 ,
618 2705 638 2728 a
667 2704 740 2743 qua
768 2691 1022 2730 discesserant.

215 2756 320 2795 Idem
346 2757 546 2796 docuerant
577 2756 735 2794 Hussitae
763 2765 798 2794 et
812 2755 1024 2795 Wicleffitae

216 2822 501 2861 protestantium
515 2824 742 2873 antesignani
759 2852 769 2869 ‚
793 2823 868 2859 imo
896 2831 934 2860 et
952 2822 1024 2861 Ca-

216 2889 310 2927 thari
342 2889 418 2927 sive
437 2886 684 2939 Albigenses,
719 2896 761 2926 ut
787 2887 899 2926 refert
924 2887 1024 2926 Hur-

217 2962 271 2992 ter
287 2984 297 3001 ‚
332 2953 400 2993 lib.
424 2967 484 2993 xxv
505 2955 587 2992 vitae
603 2953 809 2993 Innocentii
834 2967 899 2994 111.
932 2954 1021 2992 edit.

219 3020 281 3057 cit.
310 3026 386 3058 tom
408 3032 449 3057 ιιι
467 3047 476 3067 ,
494 3033 578 3072 pag.
606 3019 656 3057 23
673 3048 684 3067 ‚
707 3018 771 3057 ubi
801 3019 962 3058 referens
981 3021 1030 3057 is-

1077 933 1195 962 torum
1205 938 1362 974 errores,
1387 927 1513 965 scribit
1531 942 1541 966 :
1559 928 1665 967 Leur
1669 927 1889 982 principale

1075 996 1227 1040 attaque
1249 990 1314 1041 fat
1336 990 1482 1043 dirz‘qe'e
1503 1000 1630 1038 contre
1649 981 1809 1045 l'E'qlise
1831 1006 1889 1031 υι-

1076 1054 1213 1094 sible...
1234 1068 1375 1094 comme
1390 1056 1442 1094 les
1465 1057 1696 1096 Catlaearee‘ns
1711 1088 1721 1106 ‚
1748 1058 1797 1096 ils
1818 1070 1891 1110 ap-

1072 1120 1245 1172 pelaient
1267 1120 1429 1172 l'Eylise
1455 1122 1492 1161 la
1509 1126 1717 1175 prostitaee
1744 1124 1790 1161 de
1812 1122 1892 1162 Ba-

1079 1186 1237 1238 bylone,
1265 1187 1396 1239 pleine
1425 1189 1470 1226 de
1501 1196 1584 1227 tous
1609 1189 1660 1227 les
1686 1190 1815 1235 vices,·
1842 1188 1893 1226 ils

1080 1252 1292 1289 donnaient
1316 1267 1368 1291 au
1408 1254 1516 1306 Pape
1544 1253 1576 1292 le
1603 1268 1693 1292 nom
1725 1253 1771 1291 de
1799 1253 1892 1303 chef

1080 1316 1126 1354 de
1144 1315 1304 1355 l'erreur
1318 1348 1327 1364 ‚
1347 1332 1427 1356 aux
1443 1319 1589 1370 prelata
1609 1332 1706 1357 ceu-x
1733 1318 1778 1356 de
1798 1319 1895 1356 scri-

1082 1381 1145 1419 bes
1159 1411 1171 1429 ‚
1198 1382 1242 1419 de
1261 1382 1485 1434 pharisiens
1499 1390 1535 1422 et
1559 1383 1803 1422 d'assassins.
1816 1382 1894 1421 Cfr.

1084 1449 1192 1484 etiam
1215 1447 1392 1488 Bellarm.
1417 1447 1475 1487 De
1499 1446 1698 1493 Ecclesia,
1726 1449 1793 1486 lib.
1820 1461 1862 1485 111
1882 1476 1894 1494 ,

1084 1526 1165 1563 cap.
1197 1525 1220 1549 2
1239 1541 1250 1559 ‚
1288 1514 1518 1561 etssossuet‚
1547 1514 1777 1565 Confer-enee
1806 1525 1895 1551 avec

1086 1575 1146 1615 M.
1171 1574 1318 1617 Claude
1336 1609 1346 1626 ‚
1374 1577 1448 1618 loc.
1475 1581 1539 1617 cit.
1557 1579 1686 1618 Postea
1714 1592 1796 1617 vero
1811 1579 1897 1617 fassi

1087 1650 1171 1681 sunt
1191 1643 1391 1682 Ecclesiam
1423 1659 1499 1683 esse
1528 1645 1712 1683 visibilem
1733 1675 1742 1693 ‚
1766 1653 1800 1683 et
1826 1646 1897 1684 nisi

1087 1713 1194 1756 sunt,
1211 1722 1395 1760 exponere
1415 1710 1461 1748 de
1475 1713 1600 1748 anima
1616 1710 1791 1748 Ecclesiae
1811 1724 1897 1748 con·

1088 1775 1195 1811 traria
1226 1775 1406 1827 majorum
1448 1789 1599 1813 suorum
1635 1775 1763 1813 effata.
1801 1774 1897 1814 Sane

1087 1838 1247 1878 Gerhard
1265 1869 1275 1887 ‚
1302 1840 1394 1878 Loc.
1411 1840 1569 1892 tleeoloq.
1586 1843 1622 1879 xi
1637 1871 1648 1889 ,
1685 1839 1760 1893 196
1774 1869 1784 1887 ,
1810 1854 1896 1879 cum

1088 1912 1216 1943 annot.
1239 1905 1353 1943 Conae
1376 1920 1387 1943 ε
1412 1906 1552 1955 Patet,
1588 1906 1738 1954 scribit,
1763 1905 1899 1944 distin-

1087 1972 1251 2009 ctionem
1288 1970 1479 2010 Eoclesiae
1507 1974 1552 2011 in
1573 1971 1763 2010 visibilem
1787 1978 1899 2023 atque

1088 2035 1326 2075 invisibilem
1348 2051 1427 2076 non
1446 2051 1523 2075 esse
1544 2037 1771 2076 divisionem
1785 2050 1898 2088 yene-

1089 2104 1143 2139 rz's
1168 2103 1212 2140 in
1234 2104 1403 2155 species,
1427 2104 1544 2154 quasi
1561 2103 1659 2141 duas
1681 2103 1803 2155 specie
1819 2102 1898 2152 fin-

1087 2181 1259 2218 qeremus
1281 2166 1477 2208 Ecclesiae
1500 2169 1577 2205 sibi
1604 2169 1794 2221 oppositas
1808 2196 1820 2212 ,
1840 2168 1902 2204 uti

1084 2246 1287 2286 perperam
1311 2234 1420 2273 nobis
1433 2234 1619 2286 affinqum
1641 2231 1825 2273 Ecclesiae
1836 2245 1898 2270 ro-

1090 2312 1216 2337 manae
1239 2302 1337 2337 socii
1359 2302 1505 2350 (utrum
1522 2312 1726 2352 perperam
1743 2327 1753 2346 ‚
1777 2305 1817 2336 ut
1844 2297 1900 2336 af-

1091 2365 1213 2403 firmat
1248 2363 1457 2403 Gerhardus
1479 2396 1492 2413 ,
1534 2379 1583 2403 an
1616 2377 1700 2402 vere
1729 2363 1900 2402 catholici

1090 2430 1164 2467 hoc
1191 2430 1480 2480 protestantibus
1517 2429 1733 2468 affinxerint
1756 2459 1767 2478 ‚
1804 2435 1901 2481 patet

1092 2502 1171 2533 tum
1200 2509 1243 2532 ex
1267 2494 1397 2542 dictis,
1425 2503 1503 2533 tum
1521 2509 1563 2533 ex
1588 2497 1632 2533 iis
1649 2508 1727 2545 quae
1751 2494 1897 2545 scripsi-

1093 2573 1175 2598 mus
1199 2561 1238 2598 in
1260 2568 1366 2599 tract.
1392 2561 1455 2599 De
1481 2574 1571 2598 vera
1599 2560 1713 2612 reliq.
1729 2566 1824 2611 part.
1853 2569 1895 2606 u,

1092 2639 1199 2678 prop.
1214 2639 1266 2675 1v,
1288 2641 1395 2665 num.
1412 2624 1481 2675 68,
1498 2633 1578 2664 not.
1595 2625 1648 2677 (3)
1662 2639 1699 2677 p.
1713 2621 1818 2673 234),
1833 2622 1900 2660 sed

1092 2704 1171 2728 esse
1206 2690 1409 2729 dumtaxat
1440 2690 1711 2730 limitationem
1739 2687 1900 2740 subjecti

1091 2756 1301 2794 secundum
1313 2757 1481 2795 diversos
1492 2768 1581 2794 suos
1590 2760 1726 2792 status.
1749 2752 1895 2806 Quem-

1091 2822 1295 2860 admodum
1329 2822 1474 2861 scilicet
1506 2821 1549 2860 in
1583 2819 1709 2858 eodem
1744 2818 1898 2858 homine

1091 2887 1230 2939 duplex
1251 2888 1365 2925 datar
1382 2886 1513 2925 relatio
1527 2914 1541 2934 ,
1561 2886 1726 2923 exterior
1747 2897 1894 2936 nempe,

1090 2966 1164 3003 qua
1195 2953 1295 2991 alios
1326 2953 1495 2991 homines
1516 2981 1528 2996 ,
1559 2956 1669 3002 atque
1699 2951 1859 2989 interior
1883 2978 1894 2996 ‚

1096 3031 1176 3069 qua
1193 3017 1323 3057 Deum
1342 3018 1503 3070 respicit
1514 3033 1524 3067 ;
1546 3018 1603 3056 ita
1625 3023 1660 3055 et
1673 3016 1717 3054 de
1737 3022 1809 3055 toto
1825 3013 1896 3053 ali-
