2028 3354
228 220 322 266 420
712 234 871 263 rme-T.
908 234 962 262 nn
998 232 1115 263 touls
1151 234 1445 266 rusozoclcis.

866 332 871 336 ’
919 357 1114 404 CAPUT
1150 357 1230 403 111.

423 497 479 525 DE
516 494 694 527 NATURA
730 495 782 525 ET
819 494 1005 525 JURIBUS
1040 493 1270 524 PRIMATUS
1310 494 1418 524 Rom.
1457 495 1714 525 PONTIFICIS.

294 656 405 703 602.
445 656 608 701 Petrus
654 652 986 701 Tamburinius
1019 649 1212 716 ejusque
1243 649 1423 698 asseclae
1460 668 1556 697 non
1594 668 1691 699 esse
1727 652 1925 716 permis·
1971 644 1973 646 θ

227 731 427 780 cendum
457 748 576 777 rom.
610 730 843 777 Pontificis
871 727 1126 792 primatum
1157 743 1262 772 cum
1290 734 1519 791 potestate
1549 727 1793 793 episcopali
1819 745 1926 775 con-

226 807 459 865 tendunt7
489 805 571 852 sed
597 806 854 871 primatum
882 803 1026 849 istum
1058 800 1268 864 ejusdem
1298 795 1535 848 affirmant
1567 818 1665 849 esse
1687 802 1853 867 speciei
1873 820 1926 850 ac

220 889 326 947 jura
351 882 691 947 metropolitica
721 890 768 927 et
800 879 1128 942 patriarchica,
1151 877 1309 924 addito
1338 887 1524 925 tantum
1548 881 1656 939 jure
1675 894 1925 943 repraesen-

224 961 358 1009 tandi
392 958 709 1007 universalem
748 955 998 1003 Ecclesiam
1023 989 1035 1013 7
1093 963 1233 1017 atque
1270 954 1320 1000 in
1365 963 1463 1000 toto
1500 953 1611 1001 orbe
1650 954 1931 1020 procurandi

223 1038 478 1107 puritatem
507 1034 645 1093 fidei,
681 1049 864 1079 morum
894 1048 944 1077 ac
978 1028 1235 1093 disciplinae
1264 1031 1497 1093 vigorem,
1535 1033 1600 1077 ita
1628 1040 1681 1077 ut
1713 1030 1930 1077 omnibus

224 1132 344 1162 rom.
380 1112 617 1169 Pontifici,
653 1108 792 1156 modo
822 1117 983 1155 tamen
1019 1106 1095 1152 hic
1124 1114 1230 1169 agat
1261 1104 1470 1153 Ecclesiae
1508 1107 1727 1166 nomine7
1758 1124 1930 1171 paren-

226 1191 346 1239 dum
377 1191 454 1236 sit.
484 1187 638 1252 Magni
670 1203 781 1233 sane
809 1185 1004 1231 interest
1038 1181 1260 1248 peculiari
1286 1179 1490 1228 sollertia
1517 1181 1639 1228 hanc
1669 1182 1932 1246 expendere

227 1268 561 1334 quaestionem,
601 1281 658 1311 ex
688 1280 779 1328 qua
809 1260 936 1308 haud
974 1258 1127 1323 exigui
1157 1257 1386 1305 momenti
1424 1256 1662 1305 corollaria
1698 1257 1925 1322 pendent.

227 1346 274 1393 Si
312 1344 438 1393 enim
460 1343 689 1408 primatus
724 1349 892 1387 natura
918 1335 1189 1402 episcOpalis
1225 1336 1311 1395 sit,
1332 1338 1432 1397 jam
1468 1343 1636 1399 sponte
1662 1352 1743 1381 sua
1766 1351 1929 1381 conse-

229 1422 388 1488 quitur
405 1456 418 1480 ,
441 1429 543 1466 tum
577 1417 759 1466 romani
783 1414 1019 1463 Pontificis
1044 1421 1324 1479 potestatem
1352 1411 1550 1475 spectari
1576 1410 1770 1457 minime
1798 1427 1932 1474 posse

226 1501 278 1547 in
309 1496 505 1545 Ecclesia
539 1493 760 1543 catholica
794 1492 1009 1539 universa
1046 1491 1114 1536 uti
1151 1496 1432 1554 potestatem
1463 1495 1764 1542 ecntraneam,
1793 1494 1934 1551 prout

229 1575 402 1640 passim
436 1570 674 1619 liberiores
707 1566 927 1626 nonnulli
969 1567 1246 1631 scriptores7
1290 1565 1418 1630 quod
1459 1564 1670 1629 superius
1705 1562 1933 1622 vidimus,

229 1668 332 1698 eam
367 1665 530 1698 vocare
568 1654 937 1705 consueverunt;
972 1652 1073 1690 tum
1097 1642 1143 1690 vi
1176 1642 1305 1688 istius
1336 1642 1563 1707 primatus
1587 1657 1704 1687 rom.
1738 1638 1935 1685 Pontifi-

231 1744 331 1774 cem
368 1724 654 1790 superiorem
685 1739 783 1770 esse
815 1720 1110 1769 oecumenicis
1143 1717 1382 1776 Conciliis,
1419 1735 1523 1782 quae
1553 1717 1653 1782 ipse
1688 1723 1934 1781 propterea

233 1803 354 1851 solus
400 1818 560 1865 cogere
599 1808 781 1866 potest7
821 1797 986 1845 iisdem
1033 1811 1257 1861 pracesse,
1305 1811 1449 1858 eaque
1488 1795 1793 1848 confirmaret,
1831 1799 1952 1859 tum=

232 1880 423 1927 demum
456 1894 512 1924 ex
533 1895 587 1924 eo
617 1876 857 1922 dimanare
878 1877 984 1935 jura
1016 1871 1423 1919 indiscriminatim
1460 1869 1642 1926 omnia,
1682 1865 1849 1932 quibus
1884 1867 1933 1912 in

234 1954 486 2003 Ecclesiam
507 1955 777 2000 universam
800 1967 919 1997 rom.
952 1948 1165 1996 Pontifex
1195 1947 1358 2013 pollet.
1388 1948 1495 1993 Jam
1524 1961 1633 1992 vero
1658 1943 1804 1989 talem
1835 1957 1934 1989 esse

233 2031 463 2096 primatus
480 2046 600 2076 rom.
633 2028 862 2075 pontificis
881 2034 1098 2072 naturam
1113 2062 1125 2084 ,Ι
1148 2041 1199 2071 ac
1220 2023 1327 2070 talia
1339 2031 1587 2088 propterea
1609 2056 1620 2079 ,
1643 2036 1744 2085 quae
1768 2016 1935 2065 exinde

239 2114 585 2171 consequuntur
620 2108 750 2166 jura⁷
781 2100 1133 2166 insequentibus
1161 2097 1553 2164 propositionibus
1583 2093 1828 2142 ostendere
1857 2109 1936 2154 ag-

238 2183 488 2247 gredimur.

896 2330 1217 2374 PROPOSITlO
1249 2330 1282 2370 Ι.

243 2458 500 2506 Primatus
531 2460 821 2515 auctoritas,
862 2473 961 2518 qua
1003 2457 1166 2502 divino
1186 2457 1308 2517 jure
1346 2454 1487 2516 pollet
1529 2468 1647 2499 rom.
1688 2452 1934 2514 Pontifem,

308 2537 571 2582 auctoritas
604 2541 671 2580 est
694 2533 997 2595 episcopalis,
1046 2548 1154 2595 quoe
1196 2546 1354 2578 omnes
1390 2530 1718 2592 complectitur
1760 2527 1944 2575 Christe:

299 2613 453 2676 fideles
469 2612 613 2657 etiam
631 2610 678 2656 E
674 2612 899 2671 piscopos.

313 2785 424 2833 603.
465 2783 720 2831 Auctoritas
744 2780 1015 2846 episcopalis
1034 2781 1241 2828 consistit
1267 2781 1318 2827 in
1337 2778 1603 2827 immediata
1631 2785 1678 2824 et
1700 2774 1932 2822 ordinaria

248 2871 478 2931 potestate
505 2859 755 2925 pascendi,
788 2858 976 2922 regendi
1006 2868 1054 2906 et
1080 2856 1368 2921 gubernandi
1390 2872 1580 2922 gregem
1614 2851 1701 2899 sibi
1723 2853 1932 2899 commis·
1990 2903 1993 2906 Δ

216 2945 219 2948 ’
246 2957 380 3000 sum,
417 2937 599 2984 dicente
640 2934 884 3000 Apostolo,
922 2935 1018 2982 Act.
1054 2934 1165 2992 XX,
1202 2934 1299 2981 28:
1330 2932 1568 2979 Attendite
1600 2929 1725 2975 vobis
1752 2935 1795 2974 et
1816 2930 1932 2975 um'-
1999 2940 2001 2942 ·

248 3032 377 3064 verso
408 3017 546 3079 φηςι·
555 3051 567 3067 ,
597 3016 652 3059 in
670 3027 759 3074 quo
780 3028 855 3060 vos
876 3010 1090 3072 Spiritus
1110 3010 1316 3058 Sanctus
1325 3010 1486 3072 posuit
1505 3006 1761 3070 Episcopos
1779 3019 1932 3069 reyere
