2028 3354
1655 182 1752 230 225

391 205 502 235 PART
536 206 571 234 1.
609 204 708 234 GAP.
743 202 808 234 lv.
847 203 901 232 DE
936 202 1151 233 ECCLESIAE
1185 202 1381 234 nonnus.

135 319 247 368 344.
286 319 356 367 Ad
380 319 443 366 6¹¹¹
459 354 472 378 ,
500 318 622 382 Ney.
660 317 707 365 Si
729 317 855 365 enim
888 333 1036 364 unum
1062 316 1401 380 Hieronymum
1424 315 1649 380 excipias,
1676 330 1753 362 ce-

73 398 162 445 teri
182 399 341 444 Patres
364 412 459 441 non
483 394 541 441 de
563 393 759 441 Ecclesia
777 430 790 452 ,
815 392 896 440 sed
916 392 974 439 de
997 392 1222 440 haereticis
1249 390 1523 439 factionibus
1550 390 1754 455 loquun—

72 482 151 519 tur
170 472 260 536 (1).
284 473 384 529 Quo
401 479 557 517 autem
575 487 712 517 sensu
737 470 982 517 asseruerit
996 469 1328 532 Hieronymus,
1349 467 1582 515 mundum
1603 467 1753 514 mira-

73 558 176 595 tum
195 564 243 595 se
262 563 359 594 esse
380 547 590 593 arianum
609 583 622 606 ,
646 545 755 593 alias
775 544 1072 610 exposuimus
1096 541 1185 606 (2).

140 622 250 670 345.
291 622 365 670 Ad.
389 622 482 681 7¹¹³,
507 624 635 670 Dist.
662 620 858 680 Quando
869 623 969 681 jam
987 618 1219 665 defecerat
1246 618 1296 664 in
1326 617 1684 666 conciliabulum
1712 626 1760 665 et

69 698 395 758 latrocinium,
436 715 590 751 eonc.;
621 714 727 744 cum
756 695 907 742 adhue
942 694 1203 756 legitimum
1241 703 1389 753 esset,
1429 712 1534 757 neq.
1576 696 1760 742 Etenim

70 783 248 821 norunt
275 773 445 821 eruditi
476 790 637 820 omnes
654 808 666 831 ,
699 770 888 817 nemine
915 769 1104 834 penitus
1131 770 1463 828 dissentiente,
1503 769 1763 816 Concilium

70 849 328 897 Basileense
350 850 399 896 in
424 846 779 896 conciliabulum
803 854 851 892 et
869 844 1210 892 schismaticam
1238 846 1490 893 factionem
1512 844 1731 892 defecisse
1746 882 1760 904 ,

72 942 178 973 cum
213 925 415 989 Eugenio
450 926 534 984 IV,
565 923 769 985 legitimo
803 921 1045 980 Pontifici,
1083 922 1301 987 opposuit
1338 923 1610 986 antipapam
1641 920 1766 967 Feli-

72 1019 176 1049 cem
206 1002 270 1061 V,
296 1002 378 1064 qui
403 998 539 1065 paulo
566 1007 670 1063 post
694 996 861 1044 infulas
896 997 1124 1062 deposuit.
1160 997 1323 1044 Nullus
1355 998 1581 1044 intererat
1614 996 1764 1042 schis-

74 1077 253 1123 maticae
280 1075 346 1121 illi
365 1074 553 1121 sessioni
588 1074 632 1121 S.
662 1073 791 1120 Sedis
826 1072 1032 1137 legatus,
1057 1090 1201 1138 eaque
1222 1074 1385 1135 majori
1406 1082 1540 1138 parte
1566 1089 1623 1119 ex
1644 1090 1767 1138 pres—

74 1152 248 1216 byteris
279 1149 672 1215 componebatur,
713 1149 792 1215 qui
825 1148 1026 1214 denique
1059 1167 1108 1197 se
1136 1149 1436 1212 subjecerunt
1469 1148 1654 1197 Nicolao
1694 1150 1732 1196 V
1752 1186 1763 1208 ,

74 1226 264 1291 Eugenii
297 1227 542 1273 successori
571 1225 658 1289 (3).

142 1302 252 1349 346.
293 1301 360 1349 Ad
390 1302 485 1362 8¹¹¹,
537 1303 660 1349 Dist.
693 1303 747 1348 In
790 1300 997 1348 adductis
1034 1300 1205 1349 Christi
1241 1311 1289 1349 et
1319 1301 1449 1349 Pauli
1489 1302 1768 1350 testimoniis

74 1378 423 1445 praenunciatur
445 1378 640 1425 defectio
661 1377 971 1443 plurimorum
986 1413 999 1434 ,
1025 1378 1288 1442 praesertim
1322 1395 1434 1426 vero
1456 1377 1687 1425 malorum
1708 1378 1768 1425 ab

79 1455 301 1517 Ecclesia,
323 1472 450 1502 cone.
469 1473 483 1508 ‚·
508 1452 700 1502 defectio
719 1453 861 1518 ipsius
888 1453 1115 1515 Ecclesiae,
1136 1470 1239 1518 my.
1267 1453 1484 1519 Alioquin
1501 1489 1514 1513 ,
1535 1471 1641 1502 cum
1661 1462 1769 1520 post

138 1619 192 1670 (l)
232 1616 330 1656 Sane
369 1617 529 1656 Hilarius
555 1645 567 1665 ‚
607 1618 647 1655 in
677 1615 746 1655 lib.
781 1614 893 1654 Cimt.

84 1683 332 1722 Auxentium
346 1713 359 1730 ,
376 1697 417 1722 n.
448 1693 493 1721 12
510 1712 520 1730 ,
541 1681 692 1720 scribit:
709 1680 817 1719 Male
833 1693 896 1718 vos

76 1750 277 1802 parietum
291 1761 401 1786 amor
413 1747 513 1799 cepit
526 1776 537 1794 ,
561 1745 660 1784 male
681 1742 896 1785 Ecclesiam

85 1812 162 1853 Dei
173 1815 219 1852 in
233 1814 341 1851 tectis
356 1813 607 1863 oedificiv'sque
628 1811 866 1849 veneramini
883 1839 894 1858 ,

85 1879 182 1918 male
215 1879 285 1917 sub
322 1878 383 1917 his
402 1881 516 1931 pacis
543 1890 680 1915 ‘nomen
708 1877 897 1928 inqeritiS.

86 1946 206 1985 Anne
242 1945 466 1996 ambiguum
505 1949 593 1993 est,
626 1945 673 1982 in
703 1942 764 1982 his
797 1943 900 1981 anti—

87 2012 272 2051 christum
288 2024 366 2050 esse
384 2023 575 2048 sessurum
589 2009 616 2048 P
631 2009 784 2047 Montes
800 2007 901 2047 mihi

89 2085 124 2117 et
146 2077 258 2116 silvoe
272 2105 283 2125 ‚
306 2084 342 2115 et
360 2076 464 2116 lacus
485 2082 520 2113 et
546 2087 714 2114 carceres
735 2080 771 2112 et
788 2088 899 2113 vora-

90 2143 196 2194 9ines
218 2149 308 2181 sunt
335 2142 510 2180 tutiores.
543 2140 725 2193 Loquitur
762 2139 807 2178 de
830 2140 903 2178 sola

99 2206 258 2246 Ecclesia
279 2207 568 2255 mediolanensi,
593 2207 634 2243 in
654 2218 727 2257 qua
755 2205 904 2243 Auxen-

97 2271 170 2309 tius
185 2299 197 2319 ,
222 2270 338 2309 fretus
362 2271 597 2324 Imperatoris
622 2270 768 2318 favore,
793 2282 903 2308 occu-

98 2336 211 2389 pabat
237 2336 335 2375 illius
360 2338 529 2377 Ecclesiae
560 2336 696 2388 templa
713 2364 725 2384 ‚
746 2349 788 2374 eo
805 2336 905 2388 quod

99 2403 362 2443 dissimulasset
390 2418 478 2442 verae
504 2405 591 2443 fidei
620 2403 904 2455 professionem,

100 2483 213 2521 quam
237 2476 358 2519 postea
376 2468 485 2507 rebus
507 2469 709 2507 immutatis
731 2467 903 2506 deseruit.

100 2535 179 2574 cfr.
193 2534 335 2586 praefat.
355 2533 478 2573 Maur.
494 2534 624 2573 editor.
642 2546 732 2584 opp.
750 2540 836 2571 tom.
849 2545 876 2571 n
893 2561 904 2577 ,

100 2614 184 2652 pag.
198 2597 273 2651 587
287 2607 323 2637 et
333 2613 437 2651 seqq.
451 2597 772 2650 impress.Veronae
785 2598 903 2649 17303

102 2666 144 2705 S.
153 2665 323 2713 Basilius,
334 2666 439 2716 epist.
449 2676 527 2703 1111.
537 2664 628 2703 edit.
640 2663 763 2702 Maur.
775 2663 825 2702 al.
838 2661 911 2715 69,

104 2733 192 2771 item
216 2733 323 2783 epist.
344 2742 470 2768 ccxtm
487 2759 497 2777 ,
517 2730 568 2767 al.
592 2741 659 2781 70,
672 2728 834 2780 deplorat
850 2741 909 2766 ca-

105 2796 283 2836 lamitates
294 2795 537 2835 Ecclesiarum
549 2793 782 2833 orientalium
798 2823 808 2842 ‚
829 2805 911 2846 quae

108 2860 334 2900 vexabantur
364 2860 413 2899 ab
450 2860 630 2899 haereticis
661 2857 911 2897 tolerantibus

109 2926 207 2965 illins
217 2927 345 2974 aetatis,
353 2925 526 2965 describit
535 2924 768 2964 vaferrimam
780 2923 913 2976 agendi

67 3030 71 3036 ,
110 2993 289 3032 rationem
324 2990 589 3045 Episcoporum
607 2992 823 3032 -arianorum
837 3018 848 3040 ‚
877 2996 913 3028 et

239 3055 292 3102 T.
328 3055 451 3105 VIII.

961 1615 1138 1655 auxilium
1169 1616 1341 1668 implorat
1374 1616 1642 1671 Episcoporum
1671 1620 1769 1658 occi-

960 1681 1162 1720 dentalium
1177 1710 1189 1731 ,
1217 1682 1393 1721 italorum
1420 1692 1456 1721 et
1478 1684 1660 1735 gallorum
1675 1714 1687 1734 ‚
1701 1686 1770 1737 qui

960 1753 1049 1784 tunc
1071 1760 1161 1798 pace
1195 1746 1425 1786 fruebantur.
1455 1748 1657 1788 Homiliam
1686 1756 1769 1788 xiix

959 1812 998 1849 in
1027 1810 1162 1851 Mauh.
1196 1811 1265 1851 sub
1297 1810 1339 1851 S.
1369 1812 1484 1852 Joan.
1514 1814 1771 1867 Chrysostomi

960 1878 1111 1915 nomine
1125 1877 1307 1930 objectam
1322 1907 1333 1927 ‚
1354 1880 1431 1931 jam
1446 1881 1662 1918 monuimus
1682 1894 1771 1932 spu-

960 1955 1051 1980 riam
1073 1956 1163 1981 esse.

1017 2007 1069 2060 (Ξ)
1097 2007 1220 2047 Tract.
1247 2006 1305 2047 De
1325 2021 1414 2047 vera
1441 2008 1550 2061 reliq.
1585 2018 1676 2061 part.
1710 2023 1766 2060 11,

963 2087 1067 2125 prop.
1097 2087 1160 2122 iv,
1191 2089 1231 2112 n.
1255 2075 1324 2127 93.

1020 2139 1072 2191 (3)
1102 2139 1182 2179 cfr.
1204 2139 1379 2180 Bellarm.
1402 2141 1474 2179 loc.
1500 2143 1563 2180 cit.
1583 2139 1769 2180 Harduin.

966 2203 1067 2243 Acta
1090 2203 1237 2244 Camil.
1262 2213 1356 2246 tom.
1380 2218 1473 2254 vui,
1504 2206 1576 2245 col.
1606 2219 1708 2259 1229
1737 2214 1774 2246 et

967 2283 1071 2322 seqq.
1086 2269 1170 2309 Nat.
1195 2270 1376 2310 Alexand.
1396 2271 1482 2309 diss.
1501 2284 1565 2309 vm
1579 2272 1620 2308 in
1641 2284 1713 2311 see.
1727 2286 1774 2311 xv

967 2341 1003 2373 et
1025 2348 1109 2385 xvr,
1128 2344 1196 2375 art.
1214 2334 1238 2374 5
1255 2365 1266 2383 ,
1297 2338 1361 2388 qui
1387 2338 1555 2388 quamvis
1574 2338 1774 2375 acerrimus

969 2403 1013 2440 sit
1030 2401 1186 2443 Consilii
1206 2403 1421 2442 Basileensis
1435 2412 1703 2455 propugnator,
1721 2411 1775 2443 at-

969 2475 1092 2506 tamen
1112 2470 1243 2508 fatetur
1258 2497 1270 2516 ,
1301 2469 1430 2508 saltem
1455 2483 1498 2508 ex
1520 2469 1664 2508 defectu
1685 2482 1775 2508 con-

970 2545 1093 2571 sensus
1114 2534 1284 2573 Ecolesiae
1301 2563 1312 2584 ‚
1342 2535 1483 2573 irritam
1507 2534 1617 2573 fuisse
1641 2541 1678 2572 et
1711 2535 1777 2573 de-

970 2598 1182 2648 positionem
1193 2599 1347 2651 Eugenii
1358 2608 1393 2638 et
1401 2600 1620 2639 electionem
1632 2598 1776 2638 Felicis.

978 2660 1114 2702 Verum
1156 2667 1308 2704 omnino
1359 2666 1524 2719 legendae
1568 2673 1653 2703 sunt
1696 2666 1779 2703 ani·

973 2728 1241 2770 madversiones
1260 2734 1301 2769 in
1318 2730 1527 2770 Concilium
1547 2731 1752 2770 Basileense
1768 2760 1779 2778 ,

973 2806 1065 2846 quas
1084 2794 1146 2833 cit.
1169 2795 1415 2834 dissertationi
1433 2796 1600 2848 apposuit
1630 2794 1777 2833 Ronca-

973 2857 1057 2910 glia.
1094 2857 1149 2900 De
1175 2860 1248 2901 hoc
1278 2859 1444 2901 Concilio
1484 2862 1619 2900 iterum
1646 2858 1778 2899 redibit

975 2936 1111 2964 sermo.

1531 3052 1589 3099 15
