2028 3354
216 176 313 226 256
706 193 861 226 macr.
898 197 953 226 mi
987 198 1107 229 muts
1134 198 1434 231 Tunotocicis.

217 325 412 359 erronea
430 315 511 355 aut
533 306 750 355 haeretica
769 307 819 354 in
845 324 983 356 sensu
1004 312 1200 360 auctoris
1219 349 1232 373 .,
1257 315 1337 379 qui
1357 331 1460 362 eam
1485 313 1644 362 tradit.
1666 314 1746 362 Ex.
1771 332 1835 378 gr.
1854 316 1902 363 in

219 387 442 451 scriptore
473 382 699 431 catholico
728 382 825 432 baec
858 385 1113 450 propositio
1147 405 1158 433 :
1199 390 1339 438 Fides·
1353 393 1614 455 justificat,
1641 399 1711 439 est
1742 391 1906 439 ortho-

221 463 339 509 doxa
356 496 367 518 ,
390 477 496 507 cum
515 476 568 507 ea
593 477 650 508 ex
671 459 878 524 analogia
903 461 1012 509 fidei
1033 461 1230 528 intelligi
1250 465 1417 515 debeat
1440 485 1451 514 ε
1477 469 1618 515 Fides
1638 469 1909 531 dispositive

205 537 450 602 justificat
467 555 571 584 una
595 546 708 584 cum
729 539 944 601 reliquis,
964 556 1072 602 quae
1092 540 1556 604 adjustificationem
1582 552 1910 598 concarnatum

220 623 269 662 at
300 615 349 661 in
380 614 610 679 scriptorev
631 613 882 661 lutherano
914 615 1080 663 eadem
1120 617 1376 681 propositio
1414 628 1483 665 est
1519 620 1731 668 haeretica
1750 656 1762 679 ,
1804 637 1911 666 cum

214 694 349 754 juxta
388 688 689 737 lutheranum
729 699 929 753 systema
971 690 1259 755 intelligatur
1297 693 1355 741 de
1391 694 1487 740 sola
1517 696 1610 756 fide
1640 697 1914 759 formaliter

206 766 525 831 justificante.
1586 819 1593 832 X
1688 779 1691 782 ·

288 843 399 890 387.
438 841 700 907 Colligitur,
720 842 778 888 20
796 851 1007 890 mentem
1027 851 1074 891 et
1098 861 1288 891 sensum
1309 844 1505 892 auctoris
1524 882 1535 904 a
1557 846 1636 911 qui
1659 845 1718 893 ad
1740 847 1913 895 factum

223 919 538 984 dogmaticum
576 918 957 967 constituendum
987 919 1266 984 requiritur,
1301 921 1428 968 haud
1457 939 1554 970 esse
1588 930 1796 970 mentem
1834 933 1915 970 aut

222 1013 410 1044 sensum
439 997 759 1058 subjectivum
783 1003 830 1042 et
850 995 1177 1060 personalem,
1206 996 1263 1043 de
1288 1013 1379 1062 quo
1409 996 1531 1044 solus
1557 1000 1677 1046 Deus
1703 997 1882 1060 judicat
1900 1033 1913 1057 ,

223 1073 307 1121 sed
335 1071 469 1118 illum
497 1088 595 1119 esse
628 1087 818 1119 sensum
857 1072 1167 1134 objectivum‚
1206 1073 1284 1137 qui
1307 1070 1500 1135 'exurgit
1533 1090 1590 1120 ex
1617 1073 1737 1121 libro
1776 1074 1877 1138 ipso
1903 1111 1915 1134 ,

223 1150 339 1197 serie
362 1148 583 1196 orationis
596 1184 610 1208 ,
635 1146 951 1212 parallelismo
968 1184 980 1206 .,
1003 1156 1050 1195 et
1068 1147 1183 1208 aliis,
1205 1165 1308 1213 quae
1326 1148 1449 1195 hunc
1469 1147 1785 1196 determinant
1806 1167 1916 1197 sen-

226 1243 331 1272 sum
348 1261 360 1283 .,
394 1233 447 1271 ut
475 1225 541 1271 ita
570 1223 737 1289 loquar
755 1259 767 1281 ,
796 1231 1059 1272 externum.

293 1299 406 1347 388.
445 1299 712 1363 Colligitur,
739 1299 791 1346 30
820 1298 1056 1362 objectum
1085 1298 1397 1360 definitionis,
1429 1317 1480 1347 ac
1512 1301 1710 1367 proinde
1744 1301 1918 1350 infalli-

225 1376 419 1424 bilitatis
447 1376 659 1424 Ecclesiae
679 1412 692 1436 a
722 1392 809 1423 nec
836 1393 935 1423 esse
956 1375 1106 1423 solum
1134 1376 1335 1437 factum,
1365 1386 1506 1441 prout
1528 1395 1553 1424 a
1572 1381 1676 1440 jure
1702 1377 1921 1426 distincte

230 1461 496 1519 spectatur,
537 1470 700 1516 neque.
723 1451 873 1498 solum
895 1456 972 1514 jus
992 1488 1004 1511 a
1036 1452 1118 1499 sed
1141 1456 1218 1514 jus
1252 1469 1358 1500 cum
1388 1453 1508 1499 facto
1547 1452 1918 1518 inseparabiliter

230 1533 549 1592 conjunctum.
582 1529 702 1576 Nam
726 1530 919 1590 factum
936 1563 952 1585 ,
986 1527 1111 1594 quod
1139 1545 1211 1576 ex.
1243 1547 1308 1592 gr.
1335 1528 1568 1576 Lutherus
1598 1538 1677 1576 aut
1701 1527 1918 1579 Calvinus

229 1606 316 1655 hoc
343 1605 418 1655 vel
444 1604 561 1652 illud
587 1605 849 1670 scripserit,
878 1623 974 1652 non
1002 1613 1073 1652 est
1098 1604 1330 1667 objectum
1359 1604 1641 1652 definitionis
1658 1642 1670 1665 a
1692 1604 1773 1653 sed
1793 1622 1919 1670 prae-

229 1682 510 1749 supponitur
535 1699 591 1729 ex
610 1681 803 1728 historia
817 1717 829 1741 .,
851 1682 1004 1728 critica
1022 1716 1034 1739 .,
1055 1690 1143 1729 etc.
1163 1682 1235 1728 Sic
1255 1682 1395 1729 etiam
1409 1684 1618 1744 factum,
1643 1690 1783 1747 prout
1809 1680 1920 1729 dicit

230 1768 442 1806 mentem
460 1766 539 1804 aut
558 1774 747 1804 sensum
774 1756 1056 1819 objectivum
1074 1759 1291 1818 auctoris7
1313 1758 1381 1805 uti
1400 1759 1715 1822 exposuimus,
1738 1773 1834 1804 non
1848 1766 1918 1805 est

232 1835 398 1882 saltem
422 1834 651 1882 directum
677 1832 959 1881 definitionis
981 1834 1216 1896 objectum
1232 1871 1245 1894 ,
1269 1852 1374 1881 eum
1391 1834 1566 1898 pariter
1583 1833 1657 1881 hic
1677 1850 1838 1882 sensus
1860 1851 1917 1881 ex

177 1900 182 1909 ⁴
232 1919 479 1969 contextu,
500 1927 557 1957 ex
584 1909 790 1957 locorum
814 1910 1125 1975 parallelismo
1142 1947 1154 1970 a
1175 1928 1233 1957 ex
1266 1911 1534 1970 collatione,
1562 1928 1619 1958 ex
1642 1910 1886 1976 complexu
1903 1947 1917 1971 .,

232 2004 390 2050 scopo,
408 1985 599 2051 aliisque
615 1985 784 2050 regulis
805 1988 982 2035 critices
1002 1986 1260 2051 colligatur,
1282 2004 1333 2034 ac
1349 1987 1523 2052 pariter
1542 1988 1922 2052 praesupponitur

234 2072 459 2129 tanquam
478 2098 491 2122 ,
528 2071 581 2109 ut
613 2063 676 2109 ita
704 2062 882 2124 dicam,
918 2062 1261 2129 praeambulum
1288 2071 1486 2111 certum.
1517 2064 1677 2128 Itaque
1711 2062 1920 2110 definitio

233 2139 489 2187 infallibilis
504 2139 710 2188 Ecclesiae
731 2139 901 2188 directe
923 2141 1046 2188 cadit
1067 2141 1116 2186 in
1133 2144 1227 2203 jus,
1250 2139 1376 2206 quod
1392 2141 1442 2186 in
1460 2139 1580 2186 facto
1594 2137 1816 2186 fundatur
1829 2138 1919 2203 (l),

234 2234 314 2265 seu
338 2218 387 2264 in
420 2216 744 2264 orthodoxiam
774 2225 854 2263 aut
882 2216 1232 2265 heterodoxiam
1261 2216 1450 2279 alicujus
1471 2215 1713 2273 doctrinae,
1745 2231 1847 2279 quae
1869 2215 1920 2268 in

235 2293 317 2341 tali
345 2301 478 2341 textu
500 2301 580 2340 aut
607 2292 921 2359 propositione
951 2293 1244 2353 continetur,
1275 2293 1324 2340 in
1348 2292 1510 2340 ordine
1532 2308 1583 2339 ac
1608 2290 1833 2339 relatione
1859 2290 1920 2338 ad

235 2379 444 2418 mentem
467 2370 564 2418 sive
594 2387 782 2418 sensum
811 2368 1092 2432 objectivum
1109 2370 1307 2418 auctoris
1322 2406 1334 2430 ,
1363 2370 1443 2435 qui
1463 2386 1547 2435 per
1570 2385 1674 2416 eam
1696 2367 1919 2433 exprimi-

234 2455 327 2492 tur.
359 2447 478 2492 Cum
497 2463 607 2494 vero
626 2446 731 2493 talis
751 2445 960 2493 doctrina
978 2464 1076 2493 non
1099 2447 1243 2511 possit
1264 2444 1495 2494 infallibili
1512 2445 1687 2507 judicio
1713 2460 1917 2509 pronun-

236 2521 345 2568 ciari
382 2520 658 2587 decernique
695 2521 920 2569 catholica
957 2532 1037 2570 aut
1064 2521 1279 2570 haeretica
1318 2522 1407 2569 nisi
1443 2539 1525 2587 per
1558 2520 1831 2569 relationem
1858 2516 1918 2563 ad

237 2597 514 2660 objectivam
537 2598 733 2645 auctoris
758 2606 966 2646 mentem
983 2637 994 2659 ,
1028 2600 1109 2659 fit,
1138 2608 1191 2646 ut
1218 2617 1315 2646 non
1347 2599 1492 2666 possit
1516 2598 1564 2645 in
1596 2603 1809 2644 concreto
1832 2594 1916 2640 Ec-

237 2672 372 2721 clesia
401 2673 706 2723 infallibiliter
741 2673 989 2724 decernere
1020 2675 1195 2723 directe
1224 2679 1301 2738 jus
1319 2712 1332 2735 .,
1363 2676 1479 2741 quin
1514 2672 1651 2721 simul
1682 2669 1912 2717 indirecte

236 2749 455 2797 decernat
476 2749 646 2797 factum
664 2787 676 2809 7
704 2750 828 2816 quod
849 2760 918 2799 est
941 2752 1062 2800 basis
1080 2787 1092 2811 .,
1114 2751 1475 2800 fundamentum
1493 2760 1540 2798 et
1564 2747 1692 2796 radix
1706 2781 1720 2806 ,
1744 2762 1801 2793 ex
1819 2763 1912 2811 quo

290 2912 344 2963 (l)
373 2910 453 2950 Hac
473 2911 518 2950 de
531 2925 637 2951 causa
651 2915 692 2952 in
712 2921 831 2951 nostra
849 2914 933 2953 facti
954 2915 1043 2967 dog·
1111 2915 1150 2951 in
1174 2924 1271 2954 recto
1287 2944 1297 2963 ‚
1325 2922 1359 2954 et
1376 2912 1525 2962 finctum
1548 2912 1588 2948 in
1608 2909 1777 2962 obliquo.

237 2979 360 3017 matici
388 2976 601 3017 definitione
627 2978 739 3017 etiam
765 2980 955 3030 posuimus
971 2982 1044 3033 jus
