2028 3354
1687 213 1780 263 403

332 235 456 265 PART.
494 234 527 263 1.
565 234 685 263 SECT.
719 234 773 263 11.
812 234 907 264 CAP.
946 232 995 262 11.
1036 234 1089 262 ΒΕ
1124 234 1311 263 ΡΒΙΜΑΤ.
1351 234 1529 265 ΡΕΒΡΕΤ.

96 347 368 394 lectionibus
385 347 515 393 illum
546 346 733 411 penitus
764 347 1125 411 praetermittant
1155 347 1172 405 (
1181 348 1243 410 1).
1271 348 1443 393 Notum
1468 346 1668 412 denique
1691 357 1780 405 est,

95 425 144 470 in
183 423 377 472 dubium
420 422 623 470 revocari
658 423 847 469 canonis
891 424 953 470 III
1004 422 1196 469 Concilii
1236 422 1778 487 Constantinopolitani,

95 500 281 546 adducti
306 517 331 545 a
362 496 570 545 Patribus
602 497 1068 556 chalcedonensibus,
1102 498 1394 545 authentiam
1412 499 1503 561 (2).
1533 500 1645 557 Quae
1677 515 1783 547 cum

94 576 156 622 ita
188 592 235 622 se
270 574 504 632 habeant,
537 578 634 636 jam
677 583 804 639 patet
840 575 1086 621 infirmitas
1126 574 1446 634 fundamenti,
1495 576 1566 621 cui
1601 575 1784 623 Palmer

94 651 322 716 ceterique
356 651 535 697 romani
570 651 796 715 primatus
828 667 978 696 osores
1008 649 1291 696 innituntur.

159 727 267 774 587.
305 728 582 790 Negavimus
611 743 794 791 quoque
831 725 1236 789 consequentiam,
1268 741 1410 788 quam
1439 742 1496 772 ex
1530 726 1618 772 illis
1652 745 1786 775 cano-

92 803 228 850 nibus
247 802 472 849 deducere
495 802 670 850 vellent
686 801 962 858 adversarii,
984 800 1123 846 ambo
1145 800 1272 846 enim
1289 799 1358 846 illi
1381 816 1581 847 canones
1606 802 1665 848 de
1685 804 1783 850 solo

92 889 237 943 agunt
254 884 361 940 jure
391 877 711 943 patriarchali,
746 875 869 940 quod
895 893 1043 923 canon
1068 876 1279 923 Nicaenus
1305 875 1537 923 adstruxit
1561 877 1787 942 Episcopo

100 956 410 1003 Alexandrino
429 955 647 1003 adversus
669 951 911 999 molimina
938 952 1218 999 schismatici
1245 952 1443 1012 Meletii,
1469 955 1548 1017 qui
1571 952 1687 999 illud
1705 956 1788 1000 in-

95 1041 278 1080 vaserat
303 1032 401 1094 (3),
427 1041 472 1078 et
493 1029 645 1094 quoad
663 1033 759 1090 ejus
775 1029 1044 1075 exercitium
1061 1066 1074 1089 ,
1112 1027 1229 1075 illud
1257 1029 1409 1091 exegit
1432 1028 1492 1075 ad
1516 1029 1788 1094 exemplum

96 1108 431 1173 patriarchatus
475 1106 683 1163 romani,
717 1105 798 1169 qui
834 1104 1039 1151 subditas
1076 1103 1163 1151 sibi
1191 1104 1410 1152 Ecclesias
1444 1106 1561 1152 mira
1597 1123 1787 1171 prorsus

94 1185 273 1231 ratione
310 1181 641 1228 moderabatur
667 1215 681 1241 ‚
719 1179 850 1227 nullo
885 1179 1024 1226 modo
1054 1180 1104 1226 in
1147 1179 1385 1245 privilegia
1421 1180 1608 1228 alterius
1641 1181 1791 1229 Eccle-

97 1262 173 1307 siae
194 1261 412 1323 cujusque
448 1256 676 1304 invadens
702 1256 789 1319 (4).
826 1258 893 1303 Dc
916 1260 1022 1318 jure
1058 1257 1235 1321 pariter
1264 1257 1601 1322 patriarchatus
1633 1275 1787 1305 sermo

96 1344 164 1383 est
184 1343 286 1381 tum
316 1335 365 1380 in
397 1350 572 1380 canone
599 1333 660 1379 III
682 1332 1203 1397 Constantinopolitano
1222 1369 1234 1392 ,
1259 1342 1363 1380 tum
1388 1334 1437 1379 in
1466 1351 1570 1381 can.
1596 1334 1788 1382 XXVIII

94 1410 459 1458 Chaleedonensi
477 1446 489 1469 ,
514 1408 641 1473 quod
670 1410 827 1456 Patres
857 1408 925 1456 illi
946 1408 1167 1457 volebant
1188 1426 1293 1456 cum
1323 1408 1604 1457 detrimento
1628 1410 1786 1459 Eccle-

92 1487 263 1534 siarum
312 1484 634 1533 Alexandrinae
676 1494 723 1531 et
767 1484 1063 1532 Antiochenae
1107 1485 1359 1533 extendere
1406 1484 1466 1533 ad
1505 1486 1785 1553 Episcopum

92 1562 661 1628 Constantinopolitanum
696 1561 784 1625 (5).
818 1563 935 1608 Cum
962 1562 1100 1624 igitur
1132 1561 1190 1609 de
1219 1562 1425 1609 Ecclesiae
1457 1580 1660 1610 romanae
1683 1564 1786 1628 pri-

159 1716 210 1767 (l)
242 1715 318 1755 Cfr.
338 1716 423 1755 Nat.
438 1715 544 1754 Alex.
559 1716 646 1754 diss.
658 1729 709 1762 iv,
726 1717 765 1753 in
784 1728 856 1754 sec.
870 1728 882 1752 ι
896 1745 906 1761 ,

99 1795 208 1833 prop.
243 1795 294 1829 Π,
326 1783 363 1818 in
399 1782 577 1832 responsis
603 1781 650 1819 ad
686 1781 818 1833 object.
868 1793 906 1833 7.

155 1848 205 1898 (³2)
236 1847 314 1888 Cfr.
360 1863 439 1900 quac
470 1850 514 1886 de
548 1849 618 1886 hoc
652 1863 735 1887 can.
759 1836 909 1886 fuse‘ac

98 1913 243 1952 erudite
261 1914 388 1951 scribit
411 1913 547 1952 Christ.
574 1914 722 1965 LupuS‚
743 1915 782 1951 in
803 1914 909 1951 scho-

95 1977 167 2026 lio,
185 1978 287 2029 quod
306 1981 373 2029 ipsi
389 1981 556 2031 apposuit
570 1993 655 2030 opp.
669 1981 733 2018 cit.
757 1987 847 2017 tom.
864 1986 905 2025 n,
927 2003 929 2005 -

94 2056 178 2094 pag.
219 2056 292 2096 ¹09
317 2052 351 2082 et
382 2058 505 2096 seqq.;
539 2045 607 2084 csr.
640 2046 748 2085 etiam
778 2044 908 2082 Kater..

97 2107 210 2160 kamp
226 2138 237 2158 ‚
261 2111 302 2146 in
329 2122 391 2161 op.
416 2107 797 2160 Kirchenqeschichte
810 2140 820 2157 ,
836 2118 905 2149 etc.

103 2187 166 2212 sen
189 2174 300 2214 Hist.
317 2174 590 2222 ecclesiastica,
619 2183 710 2214 tom.
735 2189 797 2223 111,
824 2190 904 2228 pag.

101 2237 179 2277 256
196 2244 233 2277 et
255 2253 358 2293 seqq.
376 2240 543 2286 Munster
563 2238 678 2279 1826.
709 2240 836 2279 Canon
861 2255 907 2279 111

99 2302 645 2357 Concil.Constantinopolitani
659 2320 688 2354 ι,
703 2320 813 2358 quem
826 2307 906 2344 lau-

101 2369 192 2407 dant
208 2368 327 2409 Patres
340 2370 661 2410 chalcedonenses
676 2400 687 2420 ,
711 2372 768 2409 his
787 2371 907 2411 verbis

99 2443 295 2486 conceptus
309 2445 382 2473 est:
400 2436 835 2489 Constantinopolitanoe
849 2438 905 2474 ci-

102 2500 236 2537 vitatis
255 2497 490 2552 Episcopum
517 2502 652 2541 habere
665 2510 803 2554 oportet
824 2507 905 2555 pri-

95 2572 221 2604 matus
244 2565 421 2603 honorem
437 2573 523 2618 post
533 2581 629 2605 rom.
648 2567 903 2620 Episcopum,

93 2638 292 2684 propterea
315 2631 418 2681 quod
442 2633 494 2669 sit
528 2644 627 2669 nova
664 2632 798 2672 Roma.
827 2634 905 2671 Lu-

98 2699 240 2735 centius
257 2724 266 2742 ‚
290 2697 432 2747 legatus
455 2711 550 2735 rom.
575 2696 678 2735 Sedis
701 2700 797 2750 apud
811 2699 907 2736 Con-

99 2761 225 2800 cilium
243 2762 539 2800 chalcedonense
552 2789 564 2808 ,
606 2770 818 2813 protestatus
836 2772 903 2812 est,

101 2827 200 2878 quod
222 2841 338 2866 canon
365 2827 426 2865 ille
453 2828 498 2864 in
516 2827 711 2878 synodicis
734 2840 812 2866 non
837 2828 906 2866 ha-

101 2889 221 2930 betur.
253 2894 371 2944 Atque
394 2893 480 2930 hinc
513 2893 646 2930 sactum
670 2902 749 2939 est,
774 2902 814 2932 ut
835 2893 904 2932 Ba-

103 2958 228 2994 ronius
246 2960 473 3009 suppositum
491 2972 576 2997 eum
592 2958 813 3007 traduxerit3
831 2958 905 2998 Na-

105 3020 187 3061 talis
214 3036 296 3061 vero
312 3022 489 3064 Alexand.
519 3025 607 3063 diss.
628 3036 761 3064 xxxviu
780 3027 817 3064 in
831 3039 904 3065 sec.

976 1729 1026 1762 iv,
1059 1722 1127 1753 art.
1169 1727 1192 1752 2
1211 1745 1221 1762 ,
1259 1717 1338 1766 ejus
1376 1715 1605 1754 authentiam
1644 1724 1782 1756 tuetur.

976 1781 1074 1818 illud
1097 1788 1238 1818 certum
1259 1785 1336 1825 est,
1368 1795 1563 1832 nunquam
1596 1796 1681 1819 eum
1707 1784 1782 1821 sive

977 1859 995 1882 a
1017 1844 1179 1883 Damaso
1194 1875 1204 1892 ‚
1229 1847 1304 1883 sive
1323 1859 1342 1883 a
1356 1845 1667 1897 subsequentibus
1683 1861 1782 1886 rom.

976 1910 1222 1949 Pontificibus
1247 1911 1363 1949 fuisse
1375 1912 1584 1963 probatum.
1602 1912 1784 1952 Innocen-

977 1979 1100 2015 tiusm
1114 2006 1122 2023 ‚
1138 1976 1250 2015 Conc.
1276 1976 1445 2016 Lateran.
1463 1991 1515 2026 lv,
1529 1992 1614 2016 eum
1627 1978 1782 2017 demum

975 2043 1150 2091 admisit,
1185 2050 1382 2094 postquam
1418 2042 1554 2082 scilicet
1584 2058 1604 2081 a
1642 2044 1782 2083 Latinis

973 2108 1314 2159 Constantinopolis
1350 2119 1525 2161 occupata
1552 2110 1647 2157 fuit,
1673 2119 1708 2148 et
1742 2113 1783 2148 in

973 2173 1138 2212 Concilio
1163 2173 1377 2213 Florentino
1396 2175 1443 2213 ab
1471 2175 1637 2226 Eugenio
1653 2187 1690 2213 1v
1712 2176 1784 2215 fuit

983 2239 1234 2278 confirmatus.
1257 2239 1339 2279 Cfr.
1363 2240 1489 2292 Lupus
1507 2270 1517 2288 ,
1536 2242 1576 2278 in
1589 2240 1706 2279 schol.
1735 2241 1782 2280 ad

975 2304 1076 2342 hunc
1102 2318 1185 2344 can.
1214 2312 1307 2345 tom.
1329 2319 1365 2353 ι,
1385 2320 1468 2358 pag.
1492 2306 1568 2355 333
1593 2315 1629 2344 et
1646 2321 1751 2359 seqq.

1028 2370 1084 2422 (3)
1116 2371 1169 2409 Ita
1199 2371 1327 2423 Lupus
1347 2401 1356 2418 ,
1386 2385 1446 2423 op.
1476 2375 1540 2410 cit.
1565 2360 1605 2409 in
1635 2386 1716 2410 can.
1745 2385 1781 2410 v1

981 2435 1139 2487 Nicaen.;
1176 2436 1257 2475 Nat.
1294 2437 1398 2476 Alex.
1428 2438 1513 2476 diss.
1545 2440 1607 2476 cit.
1635 2453 1705 2484 xx,
1740 2443 1780 2477 in

975 2515 1046 2541 sec.
1076 2514 1113 2540 lv
1135 2533 1145 2549 ,
1168 2516 1273 2554 prop.
1304 2516 1317 2540 1
1345 2519 1355 2550 ;
1381 2503 1508 2541 Petrus
1535 2504 1581 2542 de
1618 2504 1741 2544 Marca
1764 2533 1778 2554 ,

975 2568 1036 2607 De
1057 2569 1259 2608 concordia
1280 2600 1290 2617 ‚
1318 2570 1387 2609 lib.
1426 2582 1471 2608 111
1489 2601 1499 2619 ‚
1524 2584 1605 2623 cap.
1630 2585 1682 2625 7;
1708 2572 1781 2611 Ka-

973 2634 1138 2687 terkamp
1154 2665 1164 2681 ‚
1188 2635 1573 2688 Kirclzenqeschiclzte
1585 2651 1650 2676 seu
1668 2637 1779 2677 Hisc.

970 2699 1058 2738 eccl.
1075 2701 1145 2739 loc.
1173 2703 1236 2740 cit.

1026 2766 1082 2817 (lt)
1111 2766 1190 2805 Cfr.
1215 2766 1431 2805 Sir-mondus
1447 2797 1457 2813 ,
1477 2781 1534 2819 op.
1559 2769 1622 2807 cit.
1635 2768 1702 2806 lib.
1725 2782 1749 2806 n
1768 2797 1780 2814 ‚

972 2843 1054 2883 cap.
1084 2843 1098 2869 ι
1121 2859 1133 2880 ,
1154 2840 1189 2870 et
1211 2832 1439 2884 Lupus,loc.
1467 2836 1530 2871 cit.

1029 2895 1081 2946 (5)
1111 2896 1190 2935 cfr.
1219 2898 1317 2937 idem
1339 2896 1557 2936 sirmondus
1573 2927 1584 2944 ‚
1613 2901 1655 2936 in
1680 2897 1778 2936 Cen-

975 2974 1068 2999 sura
1091 2961 1243 3002 dissert.
1271 2976 1299 3001 ιι
1315 2993 1327 3012 ,
1359 2963 1405 3001 de
1431 2961 1618 3003 Ecclesiis
1643 2962 1782 3001 subur-

977 3026 1154 3077 bicariis,
1173 3042 1254 3081 cap.
1274 3042 1310 3081 ¹3
1325 3028 1409 3069 Nat.
1421 3027 1615 3069 Alexandr.
1637 3028 1725 3067 diss.
1744 3041 1780 3066 1v

1499 3092 1580 3138 26.
