2028 3354
405 225 532 253 PART.
570 223 603 252 1.
643 222 743 251 GAP.
784 220 850 252 lv.
890 221 944 250 DE
980 218 1197 250 ECCLESIAE
1230 217 1425 248 nonalis.

1667 195 1760 244 271

72 337 318 386 ostendere
340 338 513 401 regiam
539 334 662 382 hanc
690 350 958 400 supremam
980 341 1259 400 potestatem
1279 370 1292 393 ,
1323 333 1360 379 si
1379 330 1478 379 fieri
1506 339 1659 397 posset
1674 366 1687 391 ,
1708 348 1768 379 ex

73 415 310 480 principiis
329 422 376 461 et
394 412 527 479 praxi
548 410 895 459 Catholieorum
910 410 996 474 (l).
1012 410 1146 469 Quod
1163 409 1201 457 si
1217 407 1557 456 Catholicorum
1575 408 1767 456 nomine

130 578 183 630 (l)
209 578 264 616 Ita
294 591 388 616 nova
420 576 543 615 schola
578 576 827 624 Oxoniensis,
851 576 892 612 in

74 659 147 698 qua
160 645 297 682 eminet
311 642 454 681 Palmer
468 671 479 689 ,
504 643 592 694 qui,
616 655 678 692 op.
694 642 755 678 cit.
771 640 844 677 vol.
861 651 890 686 1,

76 717 173 762 part.
201 722 227 747 11
250 737 261 759 ,
286 722 368 761 cap.
388 708 411 746 3
428 738 438 756 ,
471 708 538 745 ubi
571 707 616 745 de
649 704 892 744 eeclesiastico

75 779 236 829 primatu
276 790 319 815 ac
352 777 397 814 de
434 776 521 813 actis
557 772 673 812 civilis
709 770 893 823 potestatis

77 844 145 882 sub
171 844 292 894 regnis
314 842 464 881 Henrici
496 850 558 878 vm
585 846 621 878 et
644 836 858 875 Eduardiv1
880 864 891 883 ,

78 909 213 948 deinde
240 922 326 946 vero
360 921 440 959 cap.
477 904 530 954 5,
569 904 634 943 ubi
673 903 815 940 disserit
845 899 894 939 de

79 989 192 1026 regno
217 973 439 1012 Elisabethae
455 1001 464 1019 ,
490 978 586 1009 totus
614 970 652 1006 in
676 981 717 1005 eo
750 975 827 1016 est,
854 974 897 1004 ut

81 1042 237 1085 evincat,
251 1053 327 1077 non
342 1038 440 1076 aliud
455 1035 653 1074 Ecclesiam
665 1033 896 1084 anglicanam

87 1107 257 1144 tribuisse
279 1103 425 1154 regibus
455 1103 530 1139 suis
552 1114 664 1153 quam
694 1099 793 1151 quod
822 1100 896 1136 suis

84 1171 265 1210 Catholici
298 1167 533 1219 Principibus
571 1165 752 1203 tribuunt.
789 1163 896 1216 Quod

85 1235 308 1289 paradoxum
328 1232 530 1272 lectoribus
555 1240 595 1270 ut
627 1231 794 1274 suadeat,
821 1232 897 1269 imo

84 1310 120 1341 et
143 1302 386 1354 persuadeat,
411 1299 602 1337 historiam
628 1297 899 1335 reformationis

83 1368 287 1419 anglicanae
302 1394 314 1414 ‚
333 1374 373 1404 ut
401 1373 536 1403 vocant
557 1393 567 1410 ,
591 1363 706 1402 veluti
729 1375 749 1399 a
769 1362 900 1413 priori

81 1432 279 1472 conscribit
296 1461 307 1480 ,
321 1432 360 1469 id
372 1439 441 1479 est,
457 1444 532 1468 non
542 1432 645 1481 juxta
659 1429 897 1474 documenta,

82 1512 165 1550 quae
195 1506 257 1537 aut
295 1498 397 1535 nulla
431 1496 572 1548 profert
603 1502 665 1532 aut
695 1493 824 1530 mutila
857 1506 900 1531 ac

84 1564 299 1601 detruncata
318 1593 327 1609 ,
346 1561 409 1600 sed
424 1569 533 1613 prout
548 1559 617 1597 sibi
643 1573 721 1597 eam
739 1560 900 1597 evenisse

86 1637 208 1667 mente
246 1628 429 1679 concepit.
465 1623 502 1663 Si
536 1627 657 1677 ipsum
681 1624 900 1669 audiamus,

87 1709 164 1732 non
197 1692 348 1745 politica
383 1701 418 1731 et
455 1691 573 1730 civilis
605 1698 760 1742 potestas
796 1704 899 1728 suam

86 1760 255 1799 Ecclesiae
284 1759 463 1811 imposuit
492 1758 680 1810 politicam
710 1770 753 1795 ac
774 1764 901 1808 tyran-

84 1828 210 1865 nicam
238 1827 567 1875 reformationem3
592 1824 655 1863 sed
681 1823 800 1862 clerus
825 1825 902 1874 ipse

85 1893 184 1931 ultro
220 1894 379 1944 seipsum
419 1899 455 1931 et
483 1891 686 1929 Ecclesiam
713 1891 805 1928 mire
834 1888 900 1927 foe-

85 1958 207 1998 datam
232 1960 471 2005 reformavit,
495 1960 535 1996 in
555 1972 629 2010 quo
656 1965 812 2009 potestas
847 1957 900 1993 ci-

85 2026 167 2064 vilis
197 2024 291 2064 nihil
315 2024 415 2064 aliud
446 2024 533 2062 fecit
570 2038 682 2076 quam
711 2023 901 2074 suppetias

86 2093 206 2140 ferre,
248 2100 290 2131 ut
326 2093 513 2143 negotium
547 2091 700 2129 feliciter
736 2094 902 2141 optatam

88 2158 135 2195 ad
159 2166 293 2197 metam
324 2158 602 2209 perduceretur.
623 2155 731 2208 Quod
758 2157 786 2193 si
807 2155 905 2193 Hen-

89 2224 186 2261 ricus
205 2223 322 2276 adegit
340 2225 481 2262 clerum
499 2222 547 2261 ad
570 2225 694 2273 ipsum
711 2221 904 2259 declaran-

91 2288 182 2327 dum
211 2302 430 2341 supremum
457 2288 649 2328 Ecclesiae
675 2286 907 2339 Anqlicanoe

94 2361 209 2407 caput
246 2355 360 2406 (tuuc
393 2359 493 2395 enim
521 2357 688 2407 primum
718 2356 826 2405 coepit
859 2354 907 2392 ab

96 2410 253 2458 Henrico
288 2433 358 2459 vm
382 2420 617 2472 Anqlicanoe
650 2420 908 2459 denominatio

95 2486 247 2536 invehi)
263 2514 273 2532 ‚
300 2485 340 2523 id
359 2489 509 2525 nonnisi
535 2487 603 2526 sub
619 2500 787 2538 expressa
805 2487 908 2525 clau-

96 2551 176 2590 sula
190 2565 201 2590 :
216 2550 321 2590 salva
334 2550 409 2603 leqe
424 2551 585 2600 Christi,
598 2552 716 2590 clerus
729 2552 909 2591 effecit.S.

96 2625 268 2669 praeterea
296 2615 480 2655 Henricus
510 2620 665 2669 ejusque
691 2631 913 2657 successores

96 2682 293 2722 Eduardus
307 2692 342 2722 et
357 2681 564 2721 Elisabetha
585 2696 663 2721 sese
685 2684 913 2735 ingesserunt

101 2750 142 2787 in
165 2751 322 2802 negotiis
340 2748 513 2787 omnibus
531 2748 782 2787 ecclesiasticis
795 2776 809 2798 ‚
831 2761 913 2785 om·

100 2816 238 2866 niaque
263 2829 324 2854 sus
338 2815 459 2867 deque
483 2823 686 2862 verterunt,
712 2815 846 2853 adeout
867 2826 914 2853 ex

101 2880 304 2930 catholica,
330 2895 411 2935 quae
437 2883 537 2933 prius
553 2888 631 2920 erat
644 2880 828 2929 Ecclesia,
851 2894 914 2932 per

103 2959 237 2984 novam
266 2947 580 2999 metamorphosin
599 2946 694 2985 facta
710 2946 817 2985 fuerit
827 2959 913 2999 pro-

102 3013 262 3058 testans,
286 3011 454 3052 haeretica
484 3021 517 3052 et
552 3012 806 3063 schismatica3
839 3012 915 3051 haec

957 576 1080 612 omnia
1102 574 1135 611 si
1154 575 1292 611 auctori
1305 580 1428 611 nostro
1442 573 1555 612 fidem
1573 574 1769 626 adjungas,

956 652 1034 677 non
1061 638 1228 676 afficiunt
1240 639 1310 676 nisi
1324 651 1379 677 res
1395 641 1587 677 exteriores
1605 639 1769 692 discipli-

959 717 1014 741 nae
1034 733 1045 751 ,
1081 703 1139 741 vel
1162 702 1209 740 ad
1239 716 1427 740 summum
1462 703 1629 741 violentae
1659 719 1770 744 usur-

958 771 1124 823 pationes
1146 768 1298 808 fuerunt
1319 776 1445 807 contra
1466 770 1579 821 ipsius
1604 769 1772 811 Ecclesiae

959 837 1256 874 constitutionem
1284 865 1294 883 ,
1328 847 1411 888 quae
1450 835 1497 873 de
1535 843 1654 873 cetero
1691 844 1773 887 post

959 902 1141 955 ejusmodi
1171 901 1469 940 reformationem
1503 901 1661 940 identica
1686 914 1770 941 om·

959 971 1050 1007 nino
1074 970 1303 1020 permansit,
1327 970 1507 1007 nimirum
1528 969 1648 1022 qualis
1669 970 1772 1022 prius

959 1043 1060 1082 erat;
1084 1036 1131 1073 ad
1153 1049 1239 1073 eum
1267 1033 1379 1087 plane
1411 1035 1565 1073 modum
1593 1035 1663 1085 (ut
1686 1037 1772 1088 qui-

960 1101 1046 1139 dam
1074 1115 1117 1140 ex
1142 1100 1435 1147 oxoniensibus,
1458 1101 1506 1140 D.
1533 1100 1678 1148 Hooke,
1700 1116 1774 1140 nu-

960 1180 1025 1218 per
1056 1166 1202 1214 aiebat,
1229 1180 1276 1204 an
1301 1167 1419 1218 lepide
1444 1175 1507 1205 aut
1537 1169 1633 1206 serio
1657 1168 1775 1206 nesci-

961 1234 1065 1284 rem)
1084 1262 1094 1280 ,
1122 1247 1196 1285 quo
1217 1235 1281 1285 qui
1307 1246 1416 1271 mane
1441 1246 1590 1285 surgens
1607 1232 1696 1272 lavit
1714 1232 1774 1273 fa·

962 1299 1054 1336 ciem
1077 1313 1180 1336 suam
1195 1328 1205 1345 ,
1227 1298 1356 1336 eadem
1375 1307 1471 1338 certe
1491 1313 1668 1350 persona,
1689 1313 1774 1354 quae

963 1372 1040 1403 erat
1071 1373 1155 1402 ante
1190 1364 1393 1413 lotionem,
1436 1365 1593 1404 habetur
1629 1375 1664 1406 et
1703 1376 1773 1409 est.

963 1430 1109 1482 Optime
1120 1427 1201 1468 haec
1212 1430 1363 1482 quidem
1383 1445 1407 1470 a
1424 1433 1555 1484 priori
1571 1435 1774 1486 excogitata

964 1503 1072 1545 sunt,
1092 1501 1163 1542 ast,
1176 1497 1206 1533 si
1218 1495 1389 1535 historica
1401 1497 1623 1536 documenta
1642 1512 1776 1537 consu-

963 1560 1097 1608 lamus,
1109 1574 1183 1598 non
1193 1563 1294 1600 item.
1305 1560 1457 1600 Constat
1469 1564 1582 1611 enim,
1592 1567 1628 1601 1⁰
1640 1564 1775 1604 Hemi-

965 1640 1049 1664 cum
1064 1625 1111 1663 ob
1122 1623 1338 1678 denegatum
1352 1628 1420 1665 sibi
1433 1630 1646 1681 conjugium
1659 1644 1679 1668 a
1691 1629 1775 1670 Cle-

966 1700 1090 1730 mente
1101 1705 1150 1730 vu
1164 1721 1174 1740 ,
1194 1691 1389 1731 rebellasse
1401 1693 1568 1732 Ecclesiae
1586 1708 1748 1734 romanae
1761 1725 1773 1744 ,

965 1770 1047 1809 quae
1068 1756 1268 1804 hactenus,
1290 1767 1331 1796 ut
1349 1760 1388 1797 in
1410 1761 1579 1799 universo
1603 1762 1745 1800 mundo
1761 1790 1773 1809 ,

965 1823 1018 1860 sic
1045 1824 1155 1861 etiam
1174 1825 1214 1861 in
1236 1821 1372 1874 Anglia
1400 1825 1530 1864 habuit
1554 1839 1697 1878 semper
1724 1835 1778 1866 at-

966 1902 1038 1941 que
1065 1891 1225 1928 exercuit
1251 1891 1474 1941 primatum3
1511 1899 1551 1930 2'‘
1577 1892 1778 1944 Reforma-

963 1954 1104 1992 tionem
1121 1955 1350 2006 anglicanam
1365 1958 1478 1995 invite
1502 1971 1545 1996 ac
1565 1958 1778 1999 obluctante

965 2020 1061 2060 clero
1091 2021 1223 2060 factam
1249 2022 1363 2062 fuisse
1392 2037 1412 2061 a
1446 2032 1619 2075 potestate
1653 2026 1744 2066 laica
1764 2057 1775 2074 ,

966 2101 1050 2140 rege
1079 2102 1212 2140 nempe
1243 2091 1395 2142 ejusque
1426 2103 1524 2128 813th
1552 2091 1687 2143 (quem
1722 2094 1778 2131 di-

968 2152 1083 2203 cunt)
1120 2167 1340 2193 ramanent
1378 2155 1475 2208 lege3
1504 2157 1546 2195 3⁰
1571 2154 1778 2196 Henricum

969 2233 1052 2258 vere
1081 2218 1149 2258 sibi
1188 2227 1225 2259 et
1252 2235 1331 2259 rem
1367 2229 1402 2259 et
1433 2222 1582 2260 titulum
1619 2226 1781 2275 supremi

970 2286 1097 2336 capitis
1139 2287 1371 2325 ecclesiastici
1403 2289 1442 2325 in
1468 2287 1626 2326 Ecclesia
1664 2290 1783 2342 angli-

972 2364 1059 2389 cana
1073 2365 1279 2403 usurpasse,
1297 2359 1333 2390 et
1348 2353 1553 2392 clausulam
1565 2354 1684 2403 illam,
1699 2368 1783 2408 quae

972 2418 1072 2455 testis
1088 2426 1141 2456 est
1167 2418 1394 2457 reluctantiae
1415 2419 1501 2458 cleri
1529 2422 1683 2473 ejusque
1698 2435 1784 2474 per·

974 2485 1178 2522 severantiae
1195 2487 1235 2522 in
1251 2486 1346 2523 avita
1370 2485 1443 2525 fide
1467 2489 1560 2524 circa
1582 2490 1784 2539 primatum

974 2549 1064 2600 juris
1087 2549 1202 2589 divini
1228 2551 1267 2588 in
1302 2564 1399 2590 rom.
1439 2550 1643 2601 Pontifice,
1674 2553 1784 2605 paulo

973 2622 1058 2666 post
1081 2615 1264 2654 sublatam
1296 2616 1406 2655 fuisse
1425 2631 1469 2656 ae
1496 2621 1640 2670 penitus
1662 2619 1786 2658 aboli-

977 2689 1073 2723 tam,
1100 2682 1150 2721 ita
1176 2691 1217 2721 ut
1239 2673 1358 2722 clerus
1380 2685 1455 2735 ipse
1480 2699 1557 2724 non
1574 2686 1686 2725 aliam
1714 2686 1782 2725 ha-

976 2747 1100 2786 buerit
1117 2751 1317 2801 optionem,
1344 2752 1415 2788 nisi
1431 2759 1493 2789 aut
1514 2752 1708 2791 emittendi
1725 2755 1787 2805 ju-

978 2815 1133 2852 ramenti
1152 2814 1198 2853 de
1213 2815 1383 2854 absoluto
1407 2818 1563 2867 primatu
1587 2820 1678 2869 regis
1694 2846 1705 2865 ‚
1724 2824 1788 2855 aut

979 2881 1093 2918 vitam
1122 2882 1328 2921 amittendi.
1364 2880 1406 2932 4⁰
1441 2880 1555 2921 Hunc
1587 2885 1786 2935 primatum

981 2948 1121 2997 regium
1131 2960 1208 2986 non
1218 2948 1339 2987 solum
1353 2961 1431 2986 sese
1447 2949 1654 2987 extendisse
1671 2948 1717 2986 ad
1731 2961 1788 2986 res

982 3011 1232 3064 disciplinares
1249 3042 1260 3062 ,
1294 3012 1394 3066 quod
1423 3014 1531 3053 etiam
1563 3014 1665 3052 nefas
1694 3013 1786 3053 fuis-
