2028 3354
247 175 340 223 354
733 194 893 222 TnAcr.
917 194 972 223 oz
1007 194 1130 226 Loms
1164 196 1461 227 Tflssonoeims.

892 327 1274 363 DIFFICULTATES.

308 441 419 488 520.
457 440 563 503 Obj.
599 440 766 505 prima.
803 441 852 486 1ο
881 440 1120 501 Christus,
1153 442 1320 491 Matth.
1350 445 1495 493 XVIII
1513 483 1525 504 7
1554 446 1807 508 discipulis
1833 451 1936 493 suis

242 517 382 563 dixit:
400 533 708 580 quaecumque
733 518 1052 580 alliyaveritis
1069 554 1081 577 7
1106 535 1416 581 quaecumque
1441 523 1686 569 solveritis.
1702 523 1759 568 At
1778 521 1936 569 fideles

245 609 407 640 omnes
436 591 651 658 discipuli
677 592 849 639 Christi
873 603 1000 640 sunt.
1030 595 1084 640 20
1121 594 1235 640 lbid.
1263 604 1484 659 praeterea
1518 616 1562 645 v.
1595 599 1652 644 15
1691 597 1858 662 legitur
1875 599 1939 645 sic
1966 638 1968 640 ,

242 672 434 717 Petrum
460 669 717 716 allocut-um
738 669 974 716 Christum
995 687 1095 718 esse
1113 690 1122 716 :
1142 671 1198 717 Si
1208 674 1475 745 peccaverit
1495 676 1551 720 in
1575 683 1614 721 te
1630 677 1789 737 frater
1799 683 1912 721 tuus
1924 709 1939 731 ,

240 748 357 793 vade
391 756 434 792 ec
459 749 646 808 corripe
685 763 819 800 eum,
852 755 898 792 et
929 756 1086 810 postea
1115 745 1334 809 adJecisse
1372 766 1381 794 :
1427 749 1485 794 Si
1501 757 1541 794 te
1571 767 1666 796 non
1697 751 1941 813 audierit,

240 825 319 870 dic
341 823 600 876 Ecclesice;
625 824 670 867 si
704 830 864 868 autem
906 824 1171 869 Ecclesiam
1204 840 1298 870 non
1328 825 1557 880 audierit,
1596 827 1660 871 sit
1694 827 1787 872 tibi
1820 829 1947 873 sicut

239 900 456 946 ethnicus
483 907 525 944 ct
541 899 837 960 publicanus
856 915 871 952 ;
906 898 986 945 ubi
1008 898 1253 945 manifeste
1281 899 1526 947 Ecclesiam
1547 938 1557 961 7
1580 901 1790 947 omnium
1811 902 1943 949 vide-

239 974 347 1022 licet
383 983 557 1022 coetum
596 973 811 1019 fidelium
827 1010 839 1034 ,
885 975 1126 1021 constituit
1159 974 1368 1022 Christus
1408 985 1635 1041 tanquam
1672 994 1944 1041 supremum

240 1049 463 1098 tribunal.
495 1050 546 1096 3⁰
564 1050 737 1096 Exinde
752 1050 927 1096 factum
954 1060 1022 1097 est
1041 1087 1054 1109 7
1074 1059 1124 1096 ut
1143 1067 1328 1116 semper
1346 1052 1556 1117 Episcopi
1577 1054 1626 1099 in
1640 1070 1726 1099 usu
1744 1053 1946 1100 clavium

241 1145 289 1174 se
318 1125 662 1191 appellaverint
696 1128 943 1173 ministr-cs
975 1127 1229 1186 Ecclesioe7
1263 1127 1317 1173 40
1357 1137 1496 1193 atque
1527 1130 1578 1175 in
1607 1130 1743 1176 sacris
1779 1129 1946 1176 litteris

241 1203 399 1250 fideles
413 1220 574 1249 omnes
591 1211 814 1248 vocentur
820 1205 1063 1264 fratresac
1083 1204 1357 1250 sacerdotes.
1385 1205 1438 1249 5Ο
1457 1206 1642 1265 Verum,
1660 1205 1786 1269 quod
1804 1221 1946 1252 omne

185 1291 187 1293 '
240 1288 450 1327 removet
468 1279 670 1326 dubium
690 1315 701 1338 7
721 1288 792 1325 est
810 1280 943 1339 ratio,
958 1298 1101 1344 quam
1129 1279 1341 1327 Christus
1365 1283 1521 1329 tenuit
1543 1284 1680 1329 Joan.
1707 1283 1839 1340 XX13
1860 1298 1948 1328 nec

245 1358 371 1404 enim
386 1355 637 1421 imperavit
658 1354 890 1414 fidelibus,
909 1365 962 1402 ut
977 1355 1223 1403 obedirent
1238 1358 1372 1403 Petro
1387 1393 1399 1415 7
1423 1357 1504 1403 sed
1522 1358 1771 1423 imperavit
1789 1359 1944 1416 Petro,

245 1442 296 1478 ut
319 1432 463 1479 aleret
486 1431 672 1488 fideles,
699 1434 860 1478 Petrus
884 1432 1023 1495 igitur
1043 1450 1126 1497 per
1148 1431 1345 1479 verbum
1353 1451 1492 1495 pasce
1516 1434 1814 1480 constituitur
1838 1434 1945 1480 isto-

243 1527 348 1555 rum
382 1508 611 1555 minister.
638 1508 690 1553 6⁰
715 1508 834 1554 Hine
852 1508 1065 1555 videmus
1084 1546 1095 1561 7
1117 1508 1276 1555 fideles
1297 1510 1576 1574 exprobasse
1597 1512 1730 1557 Petro
1749 1526 1949 1561 consue*-

243 1584 459 1631 tudinem
482 1583 894 1645 cum-gentilibus,
931 1594 980 1632 et
1014 1587 1209 1633 Petrum
1235 1623 1246 1640 ,
1274 1587 1374 1632 Act.
1409 1586 1501 1647 XI,
1534 1586 1562 1633 3
1590 1623 1602 1646 7
1638 1602 1685 1633 se
1708 1603 1947 1651 purgasse,

247 1680 328 1709 seu
347 1662 410 1708 eis
437 1661 668 1707 rationem
689 1660 945 1708 reddidisse
969 1664 1068 1725 ejus
1101 1662 1227 1727 quod
1248 1672 1465 1725 gesserat.
1488 1650 1621 1726 Ergo.

314 1738 425 1783 521.
474 1736 544 1784 Ad
580 1739 641 1782 1¹¹¹
657 1771 669 1795 7
694 1738 816 1784 Dis-c.
848 1738 898 1783 ld
926 1748 1013 1795 est,
1033 1738 1263 1804 Apostolis
1286 1775 1299 1799 7
1331 1756 1479 1793 conc.,·
1502 1739 1714 1786 fidelibus
1730 1747 1915 1785 tantum
1934 1774 1946 1798 7

247 1832 350 1878 neq.
377 1813 543 1877 Ecquis
563 1812 688 1859 enim
703 1813 886 1875 ignorat
902 1850 913 1871 7
940 1815 1120 1878 integro
1137 1815 1219 1862 illo
1234 1816 1384 1880 capite
1397 1815 1729 1880 discipulorum
1754 1815 1947 1861 nomine

248 1888 491 1955 Apostolos
514 1888 756 1952 significari
776 1889 797 1934 Ρ
819 1890 938 1937 Sane
955 1892 1080 1955 quod
1101 1891 1175 1938 hic
1203 1891 1440 1956 discipulis
1463 1891 1674 1956 promisit
1699 1891 1910 1937 Christus
1929 1927 1941 1950 7

246 1966 337 2014 illis
360 1965 558 2012 contulit
582 1966 718 2012 Joan.
748 1967 831 2012 XX
852 2003 865 2027 7
900 1967 983 2014 23.
1015 1969 1205 2014 Certum
1224 1985 1361 2032 porro
1394 1977 1463 2015 est
1485 1986 1539 2014 ex
1565 1986 1610 2017 v.
1633 1967 1697 2014 24
1715 2003 1727 2025 7
1752 1966 1944 2031 discipu·

247 2043 402 2090 lorum
423 2043 616 2089 nomine
638 2042 880 2106 Apostolos
904 2044 1178 2107 significatos
1206 2044 1374 2102 fuisse,
1406 2045 1548 2092 refert
1574 2045 1700 2091 enim
1732 2044 1944 2105 Evange-

249 2119 355 2166 lista
374 2155 386 2179 7
424 2118 654 2165 Thomam
682 2136 833 2164 unum
857 2136 912 2165 em
942 2121 1191 2167 duodecim
1221 2119 1447 2179 abfuisse,
1476 2137 1580 2167 cum
1610 2118 1819 2166 Christus
1851 2117 1942 2163 illis

249 2194 367 2242 dixit
393 2212 403 2241 z
432 2195 648 2256 Accipite
671 2195 913 2256 Spiritum
937 2196 1169 2243 Sanctum
1183 2230 1199 2251 ‚
1221 2205 1309 2243 ete.

317 2270 427 2318 522.
465 2270 536 2318 Ad
553 2271 641 2329 2¹¹²,
665 2271 791 2327 Dist.
814 2269 865 2315 ld
886 2279 954 2317 est
971 2307 982 2330 7
1002 2273 1225 2319 Ecclesiae
1243 2273 1488 2334 praelatis,
1512 2271 1579 2317 uti
1597 2272 1752 2317 Patres
1770 2306 1782 2329 7
1803 2278 1943 2335 atque
1992 2335 1994 2337 μ

249 2348 373 2394 inter
385 2348 517 2394 eosS.
531 2348 667 2394 Joan.
686 2345 1040 2410 Chrysostomus
1054 2384 1066 2408 7
1080 2348 1206 2394 hunc
1219 2348 1372 2395 locum
1393 2356 1654 2412 exponunt,
1674 2364 1823 2399 conc.,·
1834 2345 1944 2392 fide-

248 2421 368 2468 lium
386 2423 526 2470 coetui
542 2458 554 2481 7
577 2438 678 2485 neq.
702 2422 786 2468 Hic
799 2422 927 2469 enim
948 2441 1109 2471 sensus
1132 2433 1201 2470 est
1221 2423 1478 2483 absurdus,
1502 2433 1625 2471 esset
1643 2439 1816 2488 nempe
1836 2438 1942 2468 con-

250 2498 481 2563 greganda
515 2498 730 2544 universa
767 2497 973 2545 fidelium
1002 2498 1282 2561 multitudo,
1318 2500 1498 2565 quoties
1533 2497 1796 2564 peragenda
1825 2505 1944 2544 esset

251 2575 458 2621 fraterna
493 2573 715 2621 correctio
755 2574 843 2638 (l).
880 2577 1120 2640 Negamus
1142 2584 1387 2640 praeterea,
1421 2575 1659 2623 Christum
1692 2573 1946 2621 allocutum

305 2738 356 2788 (l)
386 2738 465 2777 Csr.
495 2738 644 2777 Cornel.
671 2752 691 2775 a
725 2738 862 2790 Lapide
890 2742 930 2778 in
963 2740 1063 2779 hunc
1130 2741 1195 2778 tim
1217 2754 1260 2778 ex
1281 2754 1324 2778 eo
1352 2744 1451 2792 quod
1478 2739 1571 2777 ibid.
1606 2737 1775 2776 Christus
1808 2736 1904 2774 dicat
1928 2749 1942 2774 :

251 2804 324 2842 loo.
351 2806 416 2856 qui
441 2818 515 2842 non
539 2806 664 2842 minus
692 2806 836 2855 copiose
862 2820 976 2857 quam
1003 2821 1062 2845 so·
1128 2804 1179 2844 Si
1202 2805 1414 2845 Ecclesiam
1434 2818 1513 2844 non
1532 2803 1725 2849 audierit,
1755 2802 1791 2840 id
1817 2811 1890 2851 est,
1911 2803 1941 2840 si

252 2869 324 2908 lide
337 2878 475 2907 textum
490 2871 598 2907 istum
612 2869 798 2920 explanat,
814 2872 1059 2924 ostenditque,
1127 2886 1210 2910 reus
1235 2872 1402 2910 Ecclesiae
1424 2885 1498 2908 non
1520 2868 1720 2914 obedierit,
1749 2875 1820 2906 etc.
1844 2866 1944 2906 Obe-

250 2933 354 2973 nulla
386 2937 528 2974 ratione
561 2947 664 2987 posse
696 2933 881 2974 Ecclesiae
911 2939 1062 2976 nomine
1127 2937 1205 2975 dire
1230 2945 1353 2975 autem
1367 2949 1475 2974 nemo
1499 2942 1641 2973 tenetur
1657 2933 1726 2970 nisi
1746 2934 1938 2985 superiori,

250 2999 311 3038 hic
337 3000 501 3040 fidelium
526 3009 665 3040 coetum
700 3001 883 3053 intelligi,
911 3015 1059 3055 praeser-
1127 3001 1253 3040 fideles
1279 3009 1398 3040 autem
1433 3002 1526 3038 inter
1561 3013 1598 3038 se
1627 3012 1703 3038 non
1735 3006 1820 3037 sunt
1849 2997 1943 3036 invi-
