<?xml version="1.0" encoding="UTF-8"?>
<!DOCTYPE html PUBLIC "-//W3C//DTD XHTML 1.0 Transitional//EN"
    "http://www.w3.org/TR/xhtml1/DTD/xhtml1-transitional.dtd">
<html xmlns="http://www.w3.org/1999/xhtml" xml:lang="en" lang="en">
 <head>
  <title>
</title>
<meta http-equiv="Content-Type" content="text/html;charset=utf-8" />
  <meta name='ocr-system' content='tesseract 3.04.00' />
  <meta name='ocr-capabilities' content='ocr_page ocr_carea ocr_par ocr_line ocrx_word'/>
</head>
<body>
  <div class='ocr_page' id='page_1' title='image "./praelectionestheo08perruoft/praelectionestheo08perruoft_0475.png"; bbox 0 0 2028 3354; ppageno 0'>
   <div class='ocr_carea' id='block_1_1' title="bbox 1677 217 1772 264">
    <p class='ocr_par' dir='ltr' id='par_1_1' title="bbox 1677 217 1772 264">
     <span class='ocr_line' id='line_1_1' title="bbox 1677 217 1772 264; baseline 0.011 -1"><span class='ocrx_word' id='word_1_1' title='bbox 1677 217 1772 264; x_wconf 81' lang='lat'><strong>463</strong></span> 
     </span>
    </p>
   </div>
   <div class='ocr_carea' id='block_1_2' title="bbox 283 235 1588 270">
    <p class='ocr_par' dir='ltr' id='par_1_2' title="bbox 283 235 1588 270">
     <span class='ocr_line' id='line_1_2' title="bbox 283 235 1588 270; baseline -0.005 0"><span class='ocrx_word' id='word_1_2' title='bbox 283 240 413 270; x_wconf 72' lang='lat' dir='ltr'>PART.</span> <span class='ocrx_word' id='word_1_3' title='bbox 451 241 483 268; x_wconf 83' lang='grc' dir='ltr'><strong>Ι.</strong></span> <span class='ocrx_word' id='word_1_4' title='bbox 524 239 641 268; x_wconf 73' lang='lat' dir='ltr'>SECT.</span> <span class='ocrx_word' id='word_1_5' title='bbox 676 238 729 267; x_wconf 85' lang='lat'><strong>11.</strong></span> <span class='ocrx_word' id='word_1_6' title='bbox 773 237 870 266; x_wconf 79' lang='lat' dir='ltr'>CAP.</span> <span class='ocrx_word' id='word_1_7' title='bbox 910 238 981 267; x_wconf 87' lang='lat'>111.</span> <span class='ocrx_word' id='word_1_8' title='bbox 1021 238 1075 266; x_wconf 84' lang='lat' dir='ltr'><strong>DE</strong></span> <span class='ocrx_word' id='word_1_9' title='bbox 1110 237 1213 266; x_wconf 76' lang='lat' dir='ltr'><strong>NAT.</strong></span> <span class='ocrx_word' id='word_1_10' title='bbox 1249 238 1302 266; x_wconf 77' lang='grc' dir='ltr'><strong>ΕΤ</strong></span> <span class='ocrx_word' id='word_1_11' title='bbox 1337 235 1430 266; x_wconf 78' lang='lat' dir='ltr'>JUR.</span> <span class='ocrx_word' id='word_1_12' title='bbox 1467 235 1588 265; x_wconf 70' lang='lat' dir='ltr'><strong>PRIM.</strong></span> 
     </span>
    </p>
   </div>
   <div class='ocr_carea' id='block_1_3' title="bbox 89 350 1796 1862">
    <p class='ocr_par' dir='ltr' id='par_1_3' title="bbox 89 350 1783 872">
     <span class='ocr_line' id='line_1_3' title="bbox 158 350 1775 412; baseline -0.004 -11"><span class='ocrx_word' id='word_1_13' title='bbox 158 354 267 401; x_wconf 82' lang='grc'><strong>674.</strong></span> <span class='ocrx_word' id='word_1_14' title='bbox 302 355 369 401; x_wconf 81' lang='lat' dir='ltr'><strong>Ad</strong></span> <span class='ocrx_word' id='word_1_15' title='bbox 387 353 472 412; x_wconf 60' lang='grc' dir='ltr'><strong>δῶ,</strong></span> <span class='ocrx_word' id='word_1_16' title='bbox 486 355 611 400; x_wconf 81' lang='lat' dir='ltr'><strong>Dist.</strong></span> <span class='ocrx_word' id='word_1_17' title='bbox 642 353 709 399; x_wconf 80' lang='lat' dir='ltr'><strong>Ad</strong></span> <span class='ocrx_word' id='word_1_18' title='bbox 724 350 1028 398; x_wconf 85' lang='lat' dir='ltr'><strong>obtinendam</strong></span> <span class='ocrx_word' id='word_1_19' title='bbox 1047 350 1446 398; x_wconf 81' lang='lat' dir='ltr'><strong>confirmationem</strong></span> <span class='ocrx_word' id='word_1_20' title='bbox 1467 350 1775 397; x_wconf 79' lang='lat' dir='ltr'><strong>extrinsecam</strong></span> 
     </span>
     <span class='ocr_line' id='line_1_4' title="bbox 90 425 1777 489; baseline -0.003 -12"><span class='ocrx_word' id='word_1_21' title='bbox 90 447 237 484; x_wconf 83' lang='lat' dir='ltr'><strong>conc.;</strong></span> <span class='ocrx_word' id='word_1_22' title='bbox 265 430 323 477; x_wconf 85' lang='lat' dir='ltr'><strong>ad</strong></span> <span class='ocrx_word' id='word_1_23' title='bbox 347 430 645 476; x_wconf 83' lang='lat' dir='ltr'><strong>intrinsecam</strong></span> <span class='ocrx_word' id='word_1_24' title='bbox 667 428 934 476; x_wconf 83' lang='lat' dir='ltr'><strong>firmitatem</strong></span> <span class='ocrx_word' id='word_1_25' title='bbox 953 427 1148 475; x_wconf 82' lang='lat' dir='ltr'><strong>decretis</strong></span> <span class='ocrx_word' id='word_1_26' title='bbox 1170 425 1505 474; x_wconf 83' lang='lat' dir='ltr'>conciliandam</span> <span class='ocrx_word' id='word_1_27' title='bbox 1522 463 1535 476; x_wconf 58' lang='lat'>7</span> <span class='ocrx_word' id='word_1_28' title='bbox 1567 443 1666 489; x_wconf 71' lang='lat' dir='ltr'><strong>ney-</strong></span> <span class='ocrx_word' id='word_1_29' title='bbox 1688 427 1777 472; x_wconf 87' lang='lat' dir='ltr'><strong>Ne·</strong></span> 
     </span>
     <span class='ocr_line' id='line_1_5' title="bbox 93 500 1778 571; baseline -0.003 -19"><span class='ocrx_word' id='word_1_30' title='bbox 93 523 182 571; x_wconf 90' lang='lat' dir='ltr'><strong>que</strong></span> <span class='ocrx_word' id='word_1_31' title='bbox 203 505 329 552; x_wconf 82' lang='lat' dir='ltr'><strong>aliud</strong></span> <span class='ocrx_word' id='word_1_32' title='bbox 363 507 519 552; x_wconf 84' lang='lat' dir='ltr'><strong>Patres</strong></span> <span class='ocrx_word' id='word_1_33' title='bbox 547 504 718 568; x_wconf 79' lang='lat' dir='ltr'><strong>Synodi</strong></span> <span class='ocrx_word' id='word_1_34' title='bbox 750 502 1276 568; x_wconf 60' lang='lat' dir='ltr'><strong>Constantinopolitanae</strong></span> <span class='ocrx_word' id='word_1_35' title='bbox 1315 503 1334 549; x_wconf 92' lang='lat' dir='ltr'>I</span> <span class='ocrx_word' id='word_1_36' title='bbox 1373 502 1424 548; x_wconf 87' lang='lat' dir='ltr'><strong>in</strong></span> <span class='ocrx_word' id='word_1_37' title='bbox 1446 501 1594 549; x_wconf 83' lang='lat' dir='ltr'><strong>allatis</strong></span> <span class='ocrx_word' id='word_1_38' title='bbox 1621 500 1778 549; x_wconf 83' lang='lat' dir='ltr'><strong>verbis</strong></span> 
     </span>
     <span class='ocr_line' id='line_1_6' title="bbox 90 577 1782 645; baseline -0.001 -18"><span class='ocrx_word' id='word_1_39' title='bbox 90 581 373 645; x_wconf 85' lang='lat' dir='ltr'><strong>significant,</strong></span> <span class='ocrx_word' id='word_1_40' title='bbox 400 598 542 645; x_wconf 86' lang='lat' dir='ltr'><strong>quam</strong></span> <span class='ocrx_word' id='word_1_41' title='bbox 565 581 720 627; x_wconf 87' lang='lat' dir='ltr'><strong>omnia</strong></span> <span class='ocrx_word' id='word_1_42' title='bbox 755 598 812 627; x_wconf 81' lang='lat' dir='ltr'><strong>ex</strong></span> <span class='ocrx_word' id='word_1_43' title='bbox 847 578 1009 626; x_wconf 84' lang='lat' dir='ltr'><strong>ordine</strong></span> <span class='ocrx_word' id='word_1_44' title='bbox 1030 586 1156 642; x_wconf 82' lang='lat' dir='ltr'><strong>gesta</strong></span> <span class='ocrx_word' id='word_1_45' title='bbox 1184 578 1322 624; x_wconf 84' lang='lat' dir='ltr'><strong>fuisse</strong></span> <span class='ocrx_word' id='word_1_46' title='bbox 1345 614 1357 636; x_wconf 92' lang='lat'>7</span> <span class='ocrx_word' id='word_1_47' title='bbox 1381 587 1432 623; x_wconf 90' lang='lat' dir='ltr'><strong>ut</strong></span> <span class='ocrx_word' id='word_1_48' title='bbox 1460 579 1523 625; x_wconf 88' lang='lat' dir='ltr'><strong>sic</strong></span> <span class='ocrx_word' id='word_1_49' title='bbox 1544 577 1603 625; x_wconf 87' lang='lat' dir='ltr'><strong>ab</strong></span> <span class='ocrx_word' id='word_1_50' title='bbox 1622 578 1782 643; x_wconf 88' lang='lat' dir='ltr'><strong>Impe-</strong></span> 
     </span>
     <span class='ocr_line' id='line_1_7' title="bbox 89 651 1781 719; baseline -0.002 -16"><span class='ocrx_word' id='word_1_51' title='bbox 89 665 241 704; x_wconf 83' lang='lat' dir='ltr'><strong>ratore</strong></span> <span class='ocrx_word' id='word_1_52' title='bbox 270 656 526 704; x_wconf 84' lang='lat' dir='ltr'><strong>Theodosio</strong></span> <span class='ocrx_word' id='word_1_53' title='bbox 563 656 682 719; x_wconf 81' lang='lat' dir='ltr'><strong>leges</strong></span> <span class='ocrx_word' id='word_1_54' title='bbox 718 655 984 702; x_wconf 79' lang='lat' dir='ltr'><strong>obtinerent</strong></span> <span class='ocrx_word' id='word_1_55' title='bbox 1009 690 1021 712; x_wconf 93' lang='lat'>7</span> <span class='ocrx_word' id='word_1_56' title='bbox 1057 651 1225 717; x_wconf 89' lang='lat' dir='ltr'><strong>quibus</strong></span> <span class='ocrx_word' id='word_1_57' title='bbox 1255 652 1314 698; x_wconf 83' lang='lat' dir='ltr'><strong>ad</strong></span> <span class='ocrx_word' id='word_1_58' title='bbox 1342 653 1544 700; x_wconf 88' lang='lat' dir='ltr'><strong>officium</strong></span> <span class='ocrx_word' id='word_1_59' title='bbox 1581 670 1781 702; x_wconf 78' lang='lat' dir='ltr'><strong>revoca-</strong></span> 
     </span>
     <span class='ocr_line' id='line_1_8' title="bbox 90 728 1783 793; baseline -0.002 -13"><span class='ocrx_word' id='word_1_60' title='bbox 90 741 254 780; x_wconf 86' lang='lat' dir='ltr'><strong>rentur</strong></span> <span class='ocrx_word' id='word_1_61' title='bbox 293 732 505 779; x_wconf 85' lang='lat' dir='ltr'><strong>damnati</strong></span> <span class='ocrx_word' id='word_1_62' title='bbox 541 731 775 789; x_wconf 81' lang='lat' dir='ltr'><strong>haeretici7</strong></span> <span class='ocrx_word' id='word_1_63' title='bbox 816 739 897 778; x_wconf 86' lang='lat' dir='ltr'><strong>aut</strong></span> <span class='ocrx_word' id='word_1_64' title='bbox 931 729 1096 776; x_wconf 81' lang='lat' dir='ltr'><strong>saltem</strong></span> <span class='ocrx_word' id='word_1_65' title='bbox 1136 744 1298 774; x_wconf 89' lang='lat' dir='ltr'><strong>eorum</strong></span> <span class='ocrx_word' id='word_1_66' title='bbox 1343 728 1470 774; x_wconf 86' lang='lat' dir='ltr'><strong>furor</strong></span> <span class='ocrx_word' id='word_1_67' title='bbox 1507 745 1783 793; x_wconf 84' lang='lat' dir='ltr'><strong>compesce-</strong></span> 
     </span>
     <span class='ocr_line' id='line_1_9' title="bbox 92 809 331 872; baseline -0.013 -16"><span class='ocrx_word' id='word_1_68' title='bbox 92 818 221 856; x_wconf 89' lang='lat' dir='ltr'><strong>retur</strong></span> <span class='ocrx_word' id='word_1_69' title='bbox 244 809 331 872; x_wconf 87' lang='lat' dir='ltr'><strong>(l)</strong></span> 
     </span>
    </p>

    <p class='ocr_par' dir='ltr' id='par_1_4' title="bbox 158 881 1195 948">
     <span class='ocr_line' id='line_1_10' title="bbox 158 881 1195 948; baseline -0.006 -16"><span class='ocrx_word' id='word_1_70' title='bbox 158 885 269 932; x_wconf 87' lang='lat'>675.</span> <span class='ocrx_word' id='word_1_71' title='bbox 311 885 380 932; x_wconf 85' lang='lat' dir='ltr'><strong>Ad</strong></span> <span class='ocrx_word' id='word_1_72' title='bbox 413 884 498 943; x_wconf 73' lang='lat'><strong>4¹⁰7</strong></span> <span class='ocrx_word' id='word_1_73' title='bbox 521 883 767 948; x_wconf 87' lang='lat' dir='ltr'><strong>Responsio</strong></span> <span class='ocrx_word' id='word_1_74' title='bbox 800 881 944 946; x_wconf 84' lang='lat' dir='ltr'><strong>liquet</strong></span> <span class='ocrx_word' id='word_1_75' title='bbox 961 898 1017 928; x_wconf 79' lang='lat' dir='ltr'><strong>ex</strong></span> <span class='ocrx_word' id='word_1_76' title='bbox 1043 881 1195 929; x_wconf 87' lang='lat' dir='ltr'><strong>dictis.</strong></span> 
     </span>
    </p>

    <p class='ocr_par' dir='ltr' id='par_1_5' title="bbox 94 954 1796 1862">
     <span class='ocr_line' id='line_1_11' title="bbox 159 954 1785 1021; baseline -0.002 -13"><span class='ocrx_word' id='word_1_77' title='bbox 159 961 272 1008; x_wconf 90' lang='grc'><strong>676.</strong></span> <span class='ocrx_word' id='word_1_78' title='bbox 313 960 382 1008; x_wconf 84' lang='lat' dir='ltr'><strong>Ad</strong></span> <span class='ocrx_word' id='word_1_79' title='bbox 416 960 498 1020; x_wconf 81' lang='lat'>5¹¹¹,</span> <span class='ocrx_word' id='word_1_80' title='bbox 532 959 653 1021; x_wconf 70' lang='lat' dir='ltr'><strong>Ney.</strong></span> <span class='ocrx_word' id='word_1_81' title='bbox 698 958 919 1015; x_wconf 82' lang='lat' dir='ltr'><strong>Quamvis</strong></span> <span class='ocrx_word' id='word_1_82' title='bbox 958 957 1083 1004; x_wconf 89' lang='lat' dir='ltr'><strong>enim</strong></span> <span class='ocrx_word' id='word_1_83' title='bbox 1133 955 1350 1016; x_wconf 85' lang='lat' dir='ltr'><strong>daretur7</strong></span> <span class='ocrx_word' id='word_1_84' title='bbox 1391 954 1651 1003; x_wconf 82' lang='lat' dir='ltr'><strong>subdititias</strong></span> <span class='ocrx_word' id='word_1_85' title='bbox 1687 973 1785 1004; x_wconf 84' lang='lat' dir='ltr'><strong>esse</strong></span> 
     </span>
     <span class='ocr_line' id='line_1_12' title="bbox 95 1031 1787 1102; baseline -0.004 -18"><span class='ocrx_word' id='word_1_86' title='bbox 95 1036 311 1102; x_wconf 81' lang='lat' dir='ltr'><strong>epistolas</strong></span> <span class='ocrx_word' id='word_1_87' title='bbox 331 1072 343 1095; x_wconf 98' lang='lat'>7</span> <span class='ocrx_word' id='word_1_88' title='bbox 365 1053 466 1100; x_wconf 85' lang='lat' dir='ltr'><strong>quae</strong></span> <span class='ocrx_word' id='word_1_89' title='bbox 486 1035 537 1080; x_wconf 89' lang='lat' dir='ltr'><strong>in</strong></span> <span class='ocrx_word' id='word_1_90' title='bbox 568 1035 681 1080; x_wconf 83' lang='lat' dir='ltr'><strong>actis</strong></span> <span class='ocrx_word' id='word_1_91' title='bbox 712 1032 905 1079; x_wconf 87' lang='lat' dir='ltr'><strong>Concilii</strong></span> <span class='ocrx_word' id='word_1_92' title='bbox 927 1033 1099 1079; x_wconf 87' lang='lat' dir='ltr'><strong>Nicaeni</strong></span> <span class='ocrx_word' id='word_1_93' title='bbox 1126 1032 1391 1079; x_wconf 79' lang='lat' dir='ltr'><strong>referuntur</strong></span> <span class='ocrx_word' id='word_1_94' title='bbox 1407 1067 1420 1090; x_wconf 86' lang='lat'>7</span> <span class='ocrx_word' id='word_1_95' title='bbox 1447 1048 1640 1097; x_wconf 85' lang='lat' dir='ltr'><strong>quaeque</strong></span> <span class='ocrx_word' id='word_1_96' title='bbox 1663 1031 1787 1079; x_wconf 83' lang='lat' dir='ltr'><strong>hanc</strong></span> 
     </span>
     <span class='ocr_line' id='line_1_13' title="bbox 95 1108 1788 1172; baseline -0.002 -12"><span class='ocrx_word' id='word_1_97' title='bbox 95 1112 494 1160; x_wconf 85' lang='lat' dir='ltr'><strong>confirmationem</strong></span> <span class='ocrx_word' id='word_1_98' title='bbox 521 1108 748 1157; x_wconf 75' lang='lat' dir='ltr'><strong>exhibent</strong></span> <span class='ocrx_word' id='word_1_99' title='bbox 766 1146 778 1164; x_wconf 91' lang='lat'>‚</span> <span class='ocrx_word' id='word_1_100' title='bbox 806 1109 968 1155; x_wconf 87' lang='lat' dir='ltr'><strong>inferri</strong></span> <span class='ocrx_word' id='word_1_101' title='bbox 988 1118 1149 1155; x_wconf 85' lang='lat' dir='ltr'><strong>tamen</strong></span> <span class='ocrx_word' id='word_1_102' title='bbox 1172 1108 1337 1172; x_wconf 85' lang='lat' dir='ltr'><strong>nequit</strong></span> <span class='ocrx_word' id='word_1_103' title='bbox 1366 1125 1422 1155; x_wconf 85' lang='lat' dir='ltr'><strong>ex</strong></span> <span class='ocrx_word' id='word_1_104' title='bbox 1450 1118 1788 1157; x_wconf 86' lang='lat' dir='ltr'><strong>monumento-</strong></span> 
     </span>
     <span class='ocr_line' id='line_1_14' title="bbox 97 1184 1789 1250; baseline -0.002 -15"><span class='ocrx_word' id='word_1_105' title='bbox 97 1206 201 1235; x_wconf 89' lang='lat' dir='ltr'><strong>rum</strong></span> <span class='ocrx_word' id='word_1_106' title='bbox 226 1187 406 1234; x_wconf 91' lang='lat' dir='ltr'><strong>defectu</strong></span> <span class='ocrx_word' id='word_1_107' title='bbox 421 1222 433 1245; x_wconf 85' lang='lat'>7</span> <span class='ocrx_word' id='word_1_108' title='bbox 463 1201 564 1250; x_wconf 83' lang='lat' dir='ltr'><strong>quae</strong></span> <span class='ocrx_word' id='word_1_109' title='bbox 587 1195 855 1250; x_wconf 89' lang='lat' dir='ltr'><strong>temporum</strong></span> <span class='ocrx_word' id='word_1_110' title='bbox 873 1184 1041 1246; x_wconf 86' lang='lat' dir='ltr'><strong>injuria</strong></span> <span class='ocrx_word' id='word_1_111' title='bbox 1070 1184 1311 1249; x_wconf 87' lang='lat' dir='ltr'><strong>perierunt</strong></span> <span class='ocrx_word' id='word_1_112' title='bbox 1327 1220 1340 1243; x_wconf 90' lang='lat'>7</span> <span class='ocrx_word' id='word_1_113' title='bbox 1372 1193 1452 1230; x_wconf 81' lang='lat' dir='ltr'><strong>aut</strong></span> <span class='ocrx_word' id='word_1_114' title='bbox 1471 1186 1789 1232; x_wconf 85' lang='lat' dir='ltr'><strong>confirmatio-</strong></span> 
     </span>
     <span class='ocr_line' id='line_1_15' title="bbox 95 1260 1793 1327; baseline -0.002 -16"><span class='ocrx_word' id='word_1_115' title='bbox 95 1281 204 1311; x_wconf 90' lang='lat' dir='ltr'><strong>nem</strong></span> <span class='ocrx_word' id='word_1_116' title='bbox 228 1262 517 1327; x_wconf 83' lang='lat' dir='ltr'><strong>pontificiam</strong></span> <span class='ocrx_word' id='word_1_117' title='bbox 544 1278 569 1308; x_wconf 89' lang='lat' dir='ltr'><strong>a</strong></span> <span class='ocrx_word' id='word_1_118' title='bbox 601 1260 817 1307; x_wconf 85' lang='lat' dir='ltr'><strong>Patribus</strong></span> <span class='ocrx_word' id='word_1_119' title='bbox 845 1262 1041 1308; x_wconf 87' lang='lat' dir='ltr'><strong>minime</strong></span> <span class='ocrx_word' id='word_1_120' title='bbox 1072 1262 1325 1325; x_wconf 81' lang='lat' dir='ltr'><strong>expetitam</strong></span> <span class='ocrx_word' id='word_1_121' title='bbox 1347 1260 1485 1307; x_wconf 88' lang='lat' dir='ltr'><strong>fuisse</strong></span> <span class='ocrx_word' id='word_1_122' title='bbox 1507 1298 1519 1320; x_wconf 94' lang='lat'>7</span> <span class='ocrx_word' id='word_1_123' title='bbox 1544 1270 1625 1308; x_wconf 84' lang='lat' dir='ltr'><strong>aut</strong></span> <span class='ocrx_word' id='word_1_124' title='bbox 1651 1279 1678 1308; x_wconf 83' lang='lat' dir='ltr'>a</span> <span class='ocrx_word' id='word_1_125' title='bbox 1698 1261 1793 1309; x_wconf 68' lang='lat' dir='ltr'><strong>Sil-</strong></span> 
     </span>
     <span class='ocr_line' id='line_1_16' title="bbox 96 1336 1787 1402; baseline -0.001 -17"><span class='ocrx_word' id='word_1_126' title='bbox 96 1347 248 1386; x_wconf 86' lang='lat' dir='ltr'><strong>vestro</strong></span> <span class='ocrx_word' id='word_1_127' title='bbox 281 1338 439 1384; x_wconf 80' lang='lat' dir='ltr'><strong>datam</strong></span> <span class='ocrx_word' id='word_1_128' title='bbox 465 1336 588 1383; x_wconf 81' lang='lat' dir='ltr'><strong>haud</strong></span> <span class='ocrx_word' id='word_1_129' title='bbox 611 1353 726 1384; x_wconf 87' lang='lat' dir='ltr'><strong>esse.</strong></span> <span class='ocrx_word' id='word_1_130' title='bbox 760 1338 945 1384; x_wconf 88' lang='lat' dir='ltr'><strong>Etenim</strong></span> <span class='ocrx_word' id='word_1_131' title='bbox 963 1347 1132 1402; x_wconf 85' lang='lat' dir='ltr'><strong>praeter</strong></span> <span class='ocrx_word' id='word_1_132' title='bbox 1152 1336 1433 1383; x_wconf 88' lang='lat' dir='ltr'><strong>documenta</strong></span> <span class='ocrx_word' id='word_1_133' title='bbox 1448 1373 1461 1395; x_wconf 88' lang='lat'>7</span> <span class='ocrx_word' id='word_1_134' title='bbox 1481 1354 1583 1402; x_wconf 87' lang='lat' dir='ltr'><strong>quae</strong></span> <span class='ocrx_word' id='word_1_135' title='bbox 1601 1346 1787 1402; x_wconf 85' lang='lat' dir='ltr'><strong>partem</strong></span> 
     </span>
     <span class='ocr_line' id='line_1_17' title="bbox 94 1412 1791 1482; baseline -0.001 -20"><span class='ocrx_word' id='word_1_136' title='bbox 94 1415 381 1482; x_wconf 84' lang='lat' dir='ltr'><strong>patefaciunt</strong></span> <span class='ocrx_word' id='word_1_137' title='bbox 401 1450 412 1472; x_wconf 95' lang='lat'>7</span> <span class='ocrx_word' id='word_1_138' title='bbox 437 1430 579 1478; x_wconf 85' lang='lat' dir='ltr'><strong>quam</strong></span> <span class='ocrx_word' id='word_1_139' title='bbox 607 1412 770 1460; x_wconf 84' lang='lat' dir='ltr'><strong>habuit</strong></span> <span class='ocrx_word' id='word_1_140' title='bbox 790 1413 1009 1461; x_wconf 57' lang='lat' dir='ltr'><strong>Sil-vester</strong></span> <span class='ocrx_word' id='word_1_141' title='bbox 1038 1414 1086 1459; x_wconf 91' lang='lat' dir='ltr'><strong>in</strong></span> <span class='ocrx_word' id='word_1_142' title='bbox 1108 1412 1283 1477; x_wconf 85' lang='lat' dir='ltr'><strong>synodo</strong></span> <span class='ocrx_word' id='word_1_143' title='bbox 1313 1414 1504 1460; x_wconf 84' lang='lat' dir='ltr'><strong>Nicoena</strong></span> <span class='ocrx_word' id='word_1_144' title='bbox 1527 1448 1540 1472; x_wconf 93' lang='lat'>7</span> <span class='ocrx_word' id='word_1_145' title='bbox 1575 1413 1700 1460; x_wconf 85' lang='lat' dir='ltr'><strong>Felix</strong></span> <span class='ocrx_word' id='word_1_146' title='bbox 1726 1415 1791 1462; x_wconf 87' lang='grc' dir='ltr'><strong>ΙΙΙ</strong></span> 
     </span>
     <span class='ocr_line' id='line_1_18' title="bbox 96 1490 1796 1555; baseline 0 -17"><span class='ocrx_word' id='word_1_147' title='bbox 96 1493 159 1539; x_wconf 84' lang='lat' dir='ltr'><strong>ita</strong></span> <span class='ocrx_word' id='word_1_148' title='bbox 191 1492 250 1540; x_wconf 88' lang='lat' dir='ltr'><strong>de</strong></span> <span class='ocrx_word' id='word_1_149' title='bbox 269 1508 321 1538; x_wconf 87' lang='lat' dir='ltr'><strong>ea</strong></span> <span class='ocrx_word' id='word_1_150' title='bbox 351 1490 540 1538; x_wconf 84' lang='lat' dir='ltr'><strong>scribit:</strong></span> <span class='ocrx_word' id='word_1_151' title='bbox 569 1491 725 1555; x_wconf 76' lang='lat' dir='ltr'><strong>Quam</strong></span> <span class='ocrx_word' id='word_1_152' title='bbox 750 1508 902 1538; x_wconf 83' lang='lat' dir='ltr'><strong>vocem</strong></span> <span class='ocrx_word' id='word_1_153' title='bbox 923 1491 1022 1554; x_wconf 87' lang='lat' dir='ltr'><strong>(Tu</strong></span> <span class='ocrx_word' id='word_1_154' title='bbox 1046 1509 1094 1539; x_wconf 86' lang='lat' dir='ltr'><strong>es</strong></span> <span class='ocrx_word' id='word_1_155' title='bbox 1118 1492 1313 1554; x_wconf 89' lang='lat' dir='ltr'><strong>Petrus)</strong></span> <span class='ocrx_word' id='word_1_156' title='bbox 1344 1499 1581 1554; x_wconf 70' lang='lat' dir='ltr'><strong>sequentes</strong></span> <span class='ocrx_word' id='word_1_157' title='bbox 1596 1495 1796 1539; x_wconf 75' lang='lat' dir='ltr'><strong>tercenti</strong></span> 
     </span>
     <span class='ocr_line' id='line_1_19' title="bbox 100 1566 1793 1632; baseline 0 -17"><span class='ocrx_word' id='word_1_158' title='bbox 100 1570 255 1616; x_wconf 83' lang='lat' dir='ltr'><strong>decem</strong></span> <span class='ocrx_word' id='word_1_159' title='bbox 276 1578 320 1615; x_wconf 83' lang='lat' dir='ltr'><strong>et</strong></span> <span class='ocrx_word' id='word_1_160' title='bbox 343 1577 438 1615; x_wconf 88' lang='lat' dir='ltr'><strong>octo</strong></span> <span class='ocrx_word' id='word_1_161' title='bbox 469 1568 553 1615; x_wconf 81' lang='lat' dir='ltr'><strong>SS.</strong></span> <span class='ocrx_word' id='word_1_162' title='bbox 583 1577 749 1631; x_wconf 78' lang='lat' dir='ltr'><strong>patres</strong></span> <span class='ocrx_word' id='word_1_163' title='bbox 778 1568 916 1631; x_wconf 82' lang='lat' dir='ltr'><strong>apud</strong></span> <span class='ocrx_word' id='word_1_164' title='bbox 947 1566 1169 1616; x_wconf 71' lang='lat' dir='ltr'><strong>Nicaeam</strong></span> <span class='ocrx_word' id='word_1_165' title='bbox 1196 1570 1470 1632; x_wconf 72' lang='lat' dir='ltr'><strong>conyreqati</strong></span> <span class='ocrx_word' id='word_1_166' title='bbox 1486 1605 1499 1628; x_wconf 89' lang='lat'>7</span> <span class='ocrx_word' id='word_1_167' title='bbox 1536 1569 1793 1629; x_wconf 80' lang='lat' dir='ltr'><strong>confirma-</strong></span> 
     </span>
     <span class='ocr_line' id='line_1_20' title="bbox 103 1645 1796 1706; baseline 0.001 -17"><span class='ocrx_word' id='word_1_168' title='bbox 103 1648 276 1690; x_wconf 81' lang='lat' dir='ltr'><strong>tionem</strong></span> <span class='ocrx_word' id='word_1_169' title='bbox 305 1661 464 1691; x_wconf 77' lang='lat' dir='ltr'><strong>rerum</strong></span> <span class='ocrx_word' id='word_1_170' title='bbox 497 1653 635 1706; x_wconf 77' lang='lat' dir='ltr'><strong>atque</strong></span> <span class='ocrx_word' id='word_1_171' title='bbox 653 1648 984 1691; x_wconf 82' lang='lat' dir='ltr'><strong>auctoritatem</strong></span> <span class='ocrx_word' id='word_1_172' title='bbox 1016 1651 1192 1691; x_wconf 74' lang='lat' dir='ltr'><strong>sanctae</strong></span> <span class='ocrx_word' id='word_1_173' title='bbox 1225 1661 1438 1691; x_wconf 67' lang='lat' dir='ltr'><strong>romanae</strong></span> <span class='ocrx_word' id='word_1_174' title='bbox 1465 1645 1690 1692; x_wconf 83' lang='lat' dir='ltr'><strong>Eeclesioe</strong></span> <span class='ocrx_word' id='word_1_175' title='bbox 1712 1645 1796 1691; x_wconf 81' lang='lat' dir='ltr'><strong>de-</strong></span> 
     </span>
     <span class='ocr_line' id='line_1_21' title="bbox 104 1719 1795 1786; baseline 0.001 -20"><span class='ocrx_word' id='word_1_176' title='bbox 104 1723 320 1766; x_wconf 78' lang='lat' dir='ltr'><strong>tulerunt</strong></span> <span class='ocrx_word' id='word_1_177' title='bbox 340 1720 428 1784; x_wconf 82' lang='lat'>(2).</span> <span class='ocrx_word' id='word_1_178' title='bbox 455 1720 625 1767; x_wconf 84' lang='lat' dir='ltr'><strong>Mirum</strong></span> <span class='ocrx_word' id='word_1_179' title='bbox 658 1737 799 1786; x_wconf 91' lang='lat' dir='ltr'><strong>porro</strong></span> <span class='ocrx_word' id='word_1_180' title='bbox 838 1730 937 1778; x_wconf 87' lang='lat' dir='ltr'><strong>est7</strong></span> <span class='ocrx_word' id='word_1_181' title='bbox 980 1719 1178 1768; x_wconf 78' lang='lat' dir='ltr'><strong>Schrock</strong></span> <span class='ocrx_word' id='word_1_182' title='bbox 1215 1720 1283 1785; x_wconf 84' lang='lat'><strong>(3)</strong></span> <span class='ocrx_word' id='word_1_183' title='bbox 1321 1737 1515 1784; x_wconf 81' lang='lat' dir='ltr'><strong>negare,</strong></span> <span class='ocrx_word' id='word_1_184' title='bbox 1554 1738 1795 1769; x_wconf 84' lang='lat' dir='ltr'><strong>censorem</strong></span> 
     </span>
     <span class='ocr_line' id='line_1_22' title="bbox 108 1794 1796 1862; baseline 0.002 -20"><span class='ocrx_word' id='word_1_185' title='bbox 108 1812 217 1843; x_wconf 87' lang='lat' dir='ltr'><strong>vero</strong></span> <span class='ocrx_word' id='word_1_186' title='bbox 256 1794 600 1860; x_wconf 75' lang='lat' dir='ltr'><strong>&#39;subingensem</strong></span> <span class='ocrx_word' id='word_1_187' title='bbox 650 1797 717 1859; x_wconf 79' lang='lat'><strong>(4)</strong></span> <span class='ocrx_word' id='word_1_188' title='bbox 747 1797 795 1844; x_wconf 92' lang='lat' dir='ltr'><strong>in</strong></span> <span class='ocrx_word' id='word_1_189' title='bbox 827 1795 1024 1844; x_wconf 87' lang='lat' dir='ltr'><strong>dubium</strong></span> <span class='ocrx_word' id='word_1_190' title='bbox 1053 1814 1268 1846; x_wconf 86' lang='lat' dir='ltr'><strong>revocare</strong></span> <span class='ocrx_word' id='word_1_191' title='bbox 1295 1798 1497 1862; x_wconf 88' lang='lat' dir='ltr'><strong>potuisse</strong></span> <span class='ocrx_word' id='word_1_192' title='bbox 1546 1799 1796 1845; x_wconf 87' lang='lat' dir='ltr'><strong>confirma-</strong></span> 
     </span>
    </p>
   </div>
   <div class='ocr_carea' id='block_1_4' title="bbox 98 1947 1799 2004">
    <p class='ocr_par' dir='ltr' id='par_1_6' title="bbox 98 1947 1799 2004">
     <span class='ocr_line' id='line_1_23' title="bbox 98 1947 1799 2004; baseline 0.004 -21"><span class='ocrx_word' id='word_1_193' title='bbox 98 1947 208 1998; x_wconf 83' lang='lat' dir='ltr'><strong>juris</strong></span> <span class='ocrx_word' id='word_1_194' title='bbox 228 1960 368 1986; x_wconf 83' lang='lat' dir='ltr'><strong>canon.</strong></span> <span class='ocrx_word' id='word_1_195' title='bbox 395 1957 486 1987; x_wconf 83' lang='lat' dir='ltr'><strong>tom.</strong></span> <span class='ocrx_word' id='word_1_196' title='bbox 512 1963 524 1986; x_wconf 79' lang='grc' dir='ltr'>ι</span> <span class='ocrx_word' id='word_1_197' title='bbox 540 1979 550 1995; x_wconf 88' lang='lat'>7</span> <span class='ocrx_word' id='word_1_198' title='bbox 583 1964 620 2001; x_wconf 85' lang='lat' dir='ltr'><strong>p.</strong></span> <span class='ocrx_word' id='word_1_199' title='bbox 647 1947 749 2002; x_wconf 84' lang='lat'><strong>427,</strong></span> <span class='ocrx_word' id='word_1_200' title='bbox 777 1949 855 1989; x_wconf 83' lang='lat' dir='ltr'><strong>haec</strong></span> <span class='ocrx_word' id='word_1_201' title='bbox 878 1952 919 1987; x_wconf 89' lang='lat' dir='ltr'><strong>in</strong></span> <span class='ocrx_word' id='word_1_202' title='bbox 985 1951 1188 2003; x_wconf 79' lang='lat' dir='ltr'><strong>posuimus,</strong></span> <span class='ocrx_word' id='word_1_203' title='bbox 1209 1949 1337 2004; x_wconf 87' lang='lat' dir='ltr'><strong>Neque</strong></span> <span class='ocrx_word' id='word_1_204' title='bbox 1362 1950 1455 1990; x_wconf 86' lang='lat' dir='ltr'><strong>illud</strong></span> <span class='ocrx_word' id='word_1_205' title='bbox 1479 1953 1708 2004; x_wconf 78' lang='lat' dir='ltr'><strong>praetermitti</strong></span> <span class='ocrx_word' id='word_1_206' title='bbox 1738 1951 1799 1990; x_wconf 82' lang='lat' dir='ltr'><strong>hie</strong></span> 
     </span>
    </p>
   </div>
   <div class='ocr_carea' id='block_1_5' title="bbox 111 2014 945 3142">
    <p class='ocr_par' dir='ltr' id='par_1_7' title="bbox 111 2014 945 3142">
     <span class='ocr_line' id='line_1_24' title="bbox 111 2014 920 2067; baseline 0.005 -18"><span class='ocrx_word' id='word_1_207' title='bbox 111 2026 189 2049; x_wconf 87' lang='lat' dir='ltr'><strong>rem</strong></span> <span class='ocrx_word' id='word_1_208' title='bbox 212 2020 372 2050; x_wconf 77' lang='lat' dir='ltr'><strong>nostram</strong></span> <span class='ocrx_word' id='word_1_209' title='bbox 391 2015 517 2052; x_wconf 75' lang='lat' dir='ltr'><strong>scribit</strong></span> <span class='ocrx_word' id='word_1_210' title='bbox 543 2028 553 2053; x_wconf 71' lang='grc' dir='ltr'><strong><em>ε</em></strong></span> <span class='ocrx_word' id='word_1_211' title='bbox 584 2014 837 2067; x_wconf 71' lang='lat' dir='ltr'><strong>Imperatores</strong></span> <span class='ocrx_word' id='word_1_212' title='bbox 855 2015 920 2053; x_wconf 80' lang='lat' dir='ltr'><strong>de-</strong></span> 
     </span>
     <span class='ocr_line' id='line_1_25' title="bbox 111 2077 919 2119; baseline 0.006 -5"><span class='ocrx_word' id='word_1_213' title='bbox 111 2083 214 2115; x_wconf 88' lang='lat' dir='ltr'><strong>creta</strong></span> <span class='ocrx_word' id='word_1_214' title='bbox 234 2077 496 2116; x_wconf 82' lang='lat' dir='ltr'><strong>Conciliorum</strong></span> <span class='ocrx_word' id='word_1_215' title='bbox 508 2093 579 2117; x_wconf 77' lang='lat' dir='ltr'><strong>sua</strong></span> <span class='ocrx_word' id='word_1_216' title='bbox 593 2083 816 2119; x_wconf 83' lang='lat' dir='ltr'><strong>auctoritate</strong></span> <span class='ocrx_word' id='word_1_217' title='bbox 833 2095 919 2119; x_wconf 79' lang='lat' dir='ltr'><strong>mu—</strong></span> 
     </span>
     <span class='ocr_line' id='line_1_26' title="bbox 114 2144 924 2197; baseline 0.005 -17"><span class='ocrx_word' id='word_1_218' title='bbox 114 2144 247 2181; x_wconf 81' lang='lat' dir='ltr'><strong>nivere</strong></span> <span class='ocrx_word' id='word_1_219' title='bbox 264 2172 274 2190; x_wconf 89' lang='lat'>‚</span> <span class='ocrx_word' id='word_1_220' title='bbox 298 2150 485 2194; x_wconf 77' lang='lat' dir='ltr'><strong>quatenus</strong></span> <span class='ocrx_word' id='word_1_221' title='bbox 490 2146 633 2195; x_wconf 78' lang='lat' dir='ltr'><strong>juncta</strong></span> <span class='ocrx_word' id='word_1_222' title='bbox 657 2147 700 2183; x_wconf 85' lang='lat' dir='ltr'><strong>vi</strong></span> <span class='ocrx_word' id='word_1_223' title='bbox 714 2146 924 2197; x_wconf 60' lang='lat' dir='ltr'><strong>pontificia?</strong></span> 
     </span>
     <span class='ocr_line' id='line_1_27' title="bbox 119 2208 924 2260; baseline 0.005 -16"><span class='ocrx_word' id='word_1_224' title='bbox 119 2215 153 2245; x_wconf 82' lang='lat' dir='ltr'><strong>et</strong></span> <span class='ocrx_word' id='word_1_225' title='bbox 176 2208 430 2260; x_wconf 84' lang='lat' dir='ltr'><strong>imperatorioe</strong></span> <span class='ocrx_word' id='word_1_226' title='bbox 444 2209 645 2260; x_wconf 77' lang='lat' dir='ltr'><strong>diqnitatis</strong></span> <span class='ocrx_word' id='word_1_227' title='bbox 656 2217 804 2248; x_wconf 82' lang='lat' dir='ltr'><strong>tantum</strong></span> <span class='ocrx_word' id='word_1_228' title='bbox 818 2211 924 2249; x_wconf 87' lang='lat' dir='ltr'><strong>robo-</strong></span> 
     </span>
     <span class='ocr_line' id='line_1_28' title="bbox 121 2273 926 2328; baseline 0.005 -18"><span class='ocrx_word' id='word_1_229' title='bbox 121 2273 177 2310; x_wconf 79' lang='lat' dir='ltr'><strong>ris</strong></span> <span class='ocrx_word' id='word_1_230' title='bbox 205 2275 444 2326; x_wconf 82' lang='lat' dir='ltr'><strong>acciperent,</strong></span> <span class='ocrx_word' id='word_1_231' title='bbox 476 2283 662 2326; x_wconf 83' lang='lat' dir='ltr'><strong>quantum</strong></span> <span class='ocrx_word' id='word_1_232' title='bbox 691 2276 743 2313; x_wconf 84' lang='lat' dir='ltr'><strong>ad</strong></span> <span class='ocrx_word' id='word_1_233' title='bbox 771 2278 926 2328; x_wconf 80' lang='lat' dir='ltr'><strong>suppri-</strong></span> 
     </span>
     <span class='ocr_line' id='line_1_29' title="bbox 120 2338 926 2393; baseline 0.005 -19"><span class='ocrx_word' id='word_1_234' title='bbox 120 2339 301 2377; x_wconf 85' lang='lat' dir='ltr'><strong>mendam</strong></span> <span class='ocrx_word' id='word_1_235' title='bbox 337 2338 602 2379; x_wconf 74' lang='lat' dir='ltr'><strong>kaereticorum</strong></span> <span class='ocrx_word' id='word_1_236' title='bbox 632 2343 894 2393; x_wconf 81' lang='lat' dir='ltr'><strong>pertinaciam</strong></span> <span class='ocrx_word' id='word_1_237' title='bbox 916 2372 926 2389; x_wconf 86' lang='lat'>7</span> 
     </span>
     <span class='ocr_line' id='line_1_30' title="bbox 123 2403 926 2459; baseline 0.006 -19"><span class='ocrx_word' id='word_1_238' title='bbox 123 2403 408 2444; x_wconf 77' lang='lat' dir='ltr'><strong>humiliandam</strong></span> <span class='ocrx_word' id='word_1_239' title='bbox 439 2406 635 2445; x_wconf 80' lang='lat' dir='ltr'><strong>rebellium</strong></span> <span class='ocrx_word' id='word_1_240' title='bbox 673 2406 894 2459; x_wconf 77' lang='lat' dir='ltr'><strong>superbiam</strong></span> <span class='ocrx_word' id='word_1_241' title='bbox 914 2435 926 2455; x_wconf 87' lang='lat'>,</span> 
     </span>
     <span class='ocr_line' id='line_1_31' title="bbox 121 2469 930 2524; baseline 0.004 -17"><span class='ocrx_word' id='word_1_242' title='bbox 121 2482 167 2507; x_wconf 86' lang='lat' dir='ltr'><strong>ac</strong></span> <span class='ocrx_word' id='word_1_243' title='bbox 188 2469 454 2509; x_wconf 77' lang='lat' dir='ltr'><strong>stabiliendam</strong></span> <span class='ocrx_word' id='word_1_244' title='bbox 469 2486 604 2524; x_wconf 85' lang='lat' dir='ltr'><strong>pacem</strong></span> <span class='ocrx_word' id='word_1_245' title='bbox 632 2474 735 2511; x_wconf 82' lang='lat' dir='ltr'><strong>inter</strong></span> <span class='ocrx_word' id='word_1_246' title='bbox 754 2472 930 2511; x_wconf 82' lang='lat' dir='ltr'><strong>sacerdo-</strong></span> 
     </span>
     <span class='ocr_line' id='line_1_32' title="bbox 122 2538 931 2590; baseline 0.004 -15"><span class='ocrx_word' id='word_1_247' title='bbox 122 2538 221 2575; x_wconf 83' lang='lat' dir='ltr'><strong>tium</strong></span> <span class='ocrx_word' id='word_1_248' title='bbox 241 2549 286 2574; x_wconf 90' lang='lat' dir='ltr'><strong>ac</strong></span> <span class='ocrx_word' id='word_1_249' title='bbox 304 2538 513 2589; x_wconf 80' lang='lat' dir='ltr'><strong>imperium</strong></span> <span class='ocrx_word' id='word_1_250' title='bbox 525 2539 646 2590; x_wconf 81' lang='lat' dir='ltr'><strong>fuerit</strong></span> <span class='ocrx_word' id='word_1_251' title='bbox 658 2543 931 2579; x_wconf 77' lang='lat' dir='ltr'><strong>necessarium.</strong></span> 
     </span>
     <span class='ocr_line' id='line_1_33' title="bbox 124 2602 933 2656; baseline 0.004 -15"><span class='ocrx_word' id='word_1_252' title='bbox 124 2602 202 2642; x_wconf 80' lang='lat' dir='ltr'><strong>Cfr.</strong></span> <span class='ocrx_word' id='word_1_253' title='bbox 239 2605 349 2642; x_wconf 80' lang='lat' dir='ltr'><strong>etiam</strong></span> <span class='ocrx_word' id='word_1_254' title='bbox 388 2602 559 2642; x_wconf 84' lang='lat' dir='ltr'><strong>Zaccaria</strong></span> <span class='ocrx_word' id='word_1_255' title='bbox 580 2633 592 2653; x_wconf 78' lang='lat'>7</span> <span class='ocrx_word' id='word_1_256' title='bbox 634 2603 901 2656; x_wconf 70' lang='lat' dir='ltr'><strong>Antisebronio</strong></span> <span class='ocrx_word' id='word_1_257' title='bbox 923 2636 933 2653; x_wconf 91' lang='lat'>‚</span> 
     </span>
     <span class='ocr_line' id='line_1_34' title="bbox 126 2668 868 2723; baseline 0.004 -16"><span class='ocrx_word' id='word_1_258' title='bbox 126 2676 217 2709; x_wconf 86' lang='lat' dir='ltr'><strong>tom.</strong></span> <span class='ocrx_word' id='word_1_259' title='bbox 242 2683 303 2717; x_wconf 76' lang='grc' dir='ltr'><strong>ιν,</strong></span> <span class='ocrx_word' id='word_1_260' title='bbox 333 2677 428 2720; x_wconf 82' lang='lat' dir='ltr'><strong>part.</strong></span> <span class='ocrx_word' id='word_1_261' title='bbox 456 2682 483 2707; x_wconf 86' lang='lat' dir='ltr'><strong>n</strong></span> <span class='ocrx_word' id='word_1_262' title='bbox 501 2698 511 2716; x_wconf 91' lang='lat'>7</span> <span class='ocrx_word' id='word_1_263' title='bbox 535 2669 604 2708; x_wconf 91' lang='lat' dir='ltr'><strong>lib.</strong></span> <span class='ocrx_word' id='word_1_264' title='bbox 633 2682 671 2708; x_wconf 76' lang='lat' dir='ltr'><strong>lv</strong></span> <span class='ocrx_word' id='word_1_265' title='bbox 690 2701 699 2718; x_wconf 94' lang='lat'>‚</span> <span class='ocrx_word' id='word_1_266' title='bbox 725 2685 801 2723; x_wconf 84' lang='lat' dir='ltr'><strong>cap.</strong></span> <span class='ocrx_word' id='word_1_267' title='bbox 826 2668 868 2720; x_wconf 87' lang='lat'><strong>4.</strong></span> 
     </span>
     <span class='ocr_line' id='line_1_35' title="bbox 185 2733 937 2785; baseline 0.003 -14"><span class='ocrx_word' id='word_1_268' title='bbox 185 2734 235 2785; x_wconf 88' lang='lat'><strong>(1)</strong></span> <span class='ocrx_word' id='word_1_269' title='bbox 266 2733 532 2773; x_wconf 81' lang='lat' dir='ltr'><strong>Animadvertit</strong></span> <span class='ocrx_word' id='word_1_270' title='bbox 547 2747 633 2773; x_wconf 86' lang='lat' dir='ltr'><strong>vero</strong></span> <span class='ocrx_word' id='word_1_271' title='bbox 647 2733 817 2774; x_wconf 85' lang='lat' dir='ltr'><strong>Zaccaria</strong></span> <span class='ocrx_word' id='word_1_272' title='bbox 833 2766 843 2782; x_wconf 88' lang='lat'><strong>.,</strong></span> <span class='ocrx_word' id='word_1_273' title='bbox 863 2735 937 2774; x_wconf 89' lang='lat' dir='ltr'><strong>loc.</strong></span> 
     </span>
     <span class='ocr_line' id='line_1_36' title="bbox 130 2799 940 2839; baseline 0.001 -2"><span class='ocrx_word' id='word_1_274' title='bbox 130 2801 194 2837; x_wconf 82' lang='lat' dir='ltr'><strong>cit.</strong></span> <span class='ocrx_word' id='word_1_275' title='bbox 215 2800 292 2838; x_wconf 83' lang='lat' dir='ltr'><strong>haec</strong></span> <span class='ocrx_word' id='word_1_276' title='bbox 315 2799 428 2838; x_wconf 81' lang='lat' dir='ltr'><strong>verba</strong></span> <span class='ocrx_word' id='word_1_277' title='bbox 462 2802 511 2838; x_wconf 81' lang='lat' dir='ltr'><strong>ita</strong></span> <span class='ocrx_word' id='word_1_278' title='bbox 545 2800 679 2838; x_wconf 86' lang='lat' dir='ltr'><strong>adduci</strong></span> <span class='ocrx_word' id='word_1_279' title='bbox 710 2814 729 2837; x_wconf 82' lang='lat' dir='ltr'><strong>a</strong></span> <span class='ocrx_word' id='word_1_280' title='bbox 759 2800 940 2839; x_wconf 67' lang='lat' dir='ltr'><strong>Febr-onio</strong></span> 
     </span>
     <span class='ocr_line' id='line_1_37' title="bbox 131 2862 942 2916; baseline 0.004 -14"><span class='ocrx_word' id='word_1_281' title='bbox 131 2867 232 2916; x_wconf 79' lang='lat' dir='ltr'><strong>juxta</strong></span> <span class='ocrx_word' id='word_1_282' title='bbox 253 2867 459 2903; x_wconf 84' lang='lat' dir='ltr'><strong>versionem</strong></span> <span class='ocrx_word' id='word_1_283' title='bbox 480 2862 653 2903; x_wconf 79' lang='lat' dir='ltr'><strong>Gentiani</strong></span> <span class='ocrx_word' id='word_1_284' title='bbox 678 2864 828 2904; x_wconf 73' lang='lat' dir='ltr'><strong>Hei-veti</strong></span> <span class='ocrx_word' id='word_1_285' title='bbox 845 2894 857 2916; x_wconf 79' lang='lat'>7</span> <span class='ocrx_word' id='word_1_286' title='bbox 881 2879 942 2905; x_wconf 89' lang='lat' dir='ltr'><strong>ce-</strong></span> 
     </span>
     <span class='ocr_line' id='line_1_38' title="bbox 134 2932 945 2983; baseline 0.004 -16"><span class='ocrx_word' id='word_1_287' title='bbox 134 2938 254 2968; x_wconf 83' lang='lat' dir='ltr'><strong>terum</strong></span> <span class='ocrx_word' id='word_1_288' title='bbox 287 2932 360 2969; x_wconf 89' lang='lat' dir='ltr'><strong>vim</strong></span> <span class='ocrx_word' id='word_1_289' title='bbox 401 2932 501 2969; x_wconf 82' lang='lat' dir='ltr'><strong>vocis</strong></span> <span class='ocrx_word' id='word_1_290' title='bbox 535 2932 772 2983; x_wconf 72' lang='grc' dir='ltr'><strong>ἷπικυροθῆηιι</strong></span> <span class='ocrx_word' id='word_1_291' title='bbox 802 2934 945 2983; x_wconf 83' lang='lat' dir='ltr'><strong>proprie</strong></span> 
     </span>
     <span class='ocr_line' id='line_1_39' title="bbox 137 2996 945 3048; baseline 0.004 -14"><span class='ocrx_word' id='word_1_292' title='bbox 137 2997 341 3048; x_wconf 82' lang='lat' dir='ltr'><strong>significare</strong></span> <span class='ocrx_word' id='word_1_293' title='bbox 365 2996 530 3047; x_wconf 69' lang='lat' dir='ltr'><strong>anijicere</strong></span> <span class='ocrx_word' id='word_1_294' title='bbox 563 2998 848 3048; x_wconf 79' lang='lat' dir='ltr'><strong>auctoritatem,</strong></span> <span class='ocrx_word' id='word_1_295' title='bbox 872 3001 945 3037; x_wconf 81' lang='lat' dir='ltr'><strong>sci-</strong></span> 
     </span>
     <span class='ocr_line' id='line_1_40' title="bbox 138 3062 944 3117; baseline 0.005 -16"><span class='ocrx_word' id='word_1_296' title='bbox 138 3063 221 3102; x_wconf 84' lang='lat' dir='ltr'><strong>licet</strong></span> <span class='ocrx_word' id='word_1_297' title='bbox 245 3062 486 3105; x_wconf 77' lang='lat' dir='ltr'><strong>extrinsecam</strong></span> <span class='ocrx_word' id='word_1_298' title='bbox 506 3073 542 3104; x_wconf 86' lang='lat' dir='ltr'><strong>et</strong></span> <span class='ocrx_word' id='word_1_299' title='bbox 564 3065 751 3117; x_wconf 74' lang='lat' dir='ltr'><strong>politicam</strong></span> <span class='ocrx_word' id='word_1_300' title='bbox 766 3094 777 3115; x_wconf 89' lang='lat'>‚</span> <span class='ocrx_word' id='word_1_301' title='bbox 800 3066 856 3105; x_wconf 76' lang='lat' dir='ltr'><strong>uti</strong></span> <span class='ocrx_word' id='word_1_302' title='bbox 881 3079 944 3105; x_wconf 85' lang='lat' dir='ltr'><strong>ex-</strong></span> 
     </span>
     <span class='ocr_line' id='line_1_41' title="bbox 572 3121 576 3142; baseline 0 0"><span class='ocrx_word' id='word_1_303' title='bbox 572 3121 576 3142; x_wconf 70' lang='grc' dir='ltr'><em>Ι</em></span> 
     </span>
    </p>
   </div>
   <div class='ocr_carea' id='block_1_6' title="bbox 987 2015 1817 2985">
    <p class='ocr_par' dir='ltr' id='par_1_8' title="bbox 987 2015 1804 2460">
     <span class='ocr_line' id='line_1_42' title="bbox 987 2015 1800 2070; baseline 0.001 -15"><span class='ocrx_word' id='word_1_304' title='bbox 987 2015 1119 2063; x_wconf 80' lang='lat' dir='ltr'><strong>debet,</strong></span> <span class='ocrx_word' id='word_1_305' title='bbox 1155 2016 1255 2068; x_wconf 87' lang='lat' dir='ltr'><strong>quod</strong></span> <span class='ocrx_word' id='word_1_306' title='bbox 1291 2016 1461 2056; x_wconf 79' lang='lat' dir='ltr'><strong>observat</strong></span> <span class='ocrx_word' id='word_1_307' title='bbox 1487 2017 1545 2057; x_wconf 82' lang='lat' dir='ltr'><strong>vel</strong></span> <span class='ocrx_word' id='word_1_308' title='bbox 1571 2018 1648 2070; x_wconf 82' lang='lat' dir='ltr'><strong>ipse</strong></span> <span class='ocrx_word' id='word_1_309' title='bbox 1671 2016 1800 2056; x_wconf 81' lang='lat' dir='ltr'><strong>Petrus</strong></span> 
     </span>
     <span class='ocr_line' id='line_1_43' title="bbox 988 2078 1798 2131; baseline 0.001 -15"><span class='ocrx_word' id='word_1_310' title='bbox 988 2078 1035 2117; x_wconf 87' lang='lat' dir='ltr'><strong>de</strong></span> <span class='ocrx_word' id='word_1_311' title='bbox 1068 2078 1190 2117; x_wconf 79' lang='lat' dir='ltr'><strong>Marca</strong></span> <span class='ocrx_word' id='word_1_312' title='bbox 1207 2107 1218 2126; x_wconf 91' lang='lat'><strong>‚</strong></span> <span class='ocrx_word' id='word_1_313' title='bbox 1241 2080 1281 2116; x_wconf 89' lang='lat' dir='ltr'><strong>in</strong></span> <span class='ocrx_word' id='word_1_314' title='bbox 1306 2093 1369 2131; x_wconf 86' lang='lat' dir='ltr'><strong>op.</strong></span> <span class='ocrx_word' id='word_1_315' title='bbox 1386 2081 1450 2119; x_wconf 82' lang='lat' dir='ltr'><strong>cit.</strong></span> <span class='ocrx_word' id='word_1_316' title='bbox 1476 2080 1538 2118; x_wconf 88' lang='lat' dir='ltr'><strong>Dc</strong></span> <span class='ocrx_word' id='word_1_317' title='bbox 1571 2080 1798 2129; x_wconf 76' lang='lat' dir='ltr'><strong>concordia,</strong></span> 
     </span>
     <span class='ocr_line' id='line_1_44' title="bbox 989 2142 1800 2198; baseline 0.004 -17"><span class='ocrx_word' id='word_1_318' title='bbox 989 2143 1063 2182; x_wconf 88' lang='lat' dir='ltr'><strong>lib.</strong></span> <span class='ocrx_word' id='word_1_319' title='bbox 1086 2157 1114 2182; x_wconf 83' lang='lat'><strong>11</strong></span> <span class='ocrx_word' id='word_1_320' title='bbox 1131 2173 1141 2192; x_wconf 81' lang='lat'>7</span> <span class='ocrx_word' id='word_1_321' title='bbox 1166 2158 1250 2196; x_wconf 87' lang='lat' dir='ltr'><strong>cap.</strong></span> <span class='ocrx_word' id='word_1_322' title='bbox 1281 2142 1322 2195; x_wconf 86' lang='lat'><strong>4.</strong></span> <span class='ocrx_word' id='word_1_323' title='bbox 1355 2144 1512 2197; x_wconf 82' lang='lat' dir='ltr'><strong>Oportet</strong></span> <span class='ocrx_word' id='word_1_324' title='bbox 1535 2147 1650 2198; x_wconf 78' lang='lat' dir='ltr'><strong>reqioe</strong></span> <span class='ocrx_word' id='word_1_325' title='bbox 1672 2152 1800 2185; x_wconf 80' lang='lat' dir='ltr'><strong>aucto-</strong></span> 
     </span>
     <span class='ocr_line' id='line_1_45' title="bbox 991 2209 1803 2263; baseline 0.004 -17"><span class='ocrx_word' id='word_1_326' title='bbox 991 2210 1102 2247; x_wconf 83' lang='lat' dir='ltr'><strong>ritati</strong></span> <span class='ocrx_word' id='word_1_327' title='bbox 1121 2209 1282 2248; x_wconf 80' lang='lat' dir='ltr'><strong>limitem</strong></span> <span class='ocrx_word' id='word_1_328' title='bbox 1297 2218 1441 2249; x_wconf 84' lang='lat' dir='ltr'><strong>certum</strong></span> <span class='ocrx_word' id='word_1_329' title='bbox 1457 2212 1592 2263; x_wconf 75' lang='lat' dir='ltr'><strong>fiqere,</strong></span> <span class='ocrx_word' id='word_1_330' title='bbox 1608 2225 1654 2249; x_wconf 87' lang='lat' dir='ltr'><strong>ne</strong></span> <span class='ocrx_word' id='word_1_331' title='bbox 1667 2213 1803 2251; x_wconf 81' lang='lat' dir='ltr'><strong>incon·—</strong></span> 
     </span>
     <span class='ocr_line' id='line_1_46' title="bbox 994 2274 1801 2322; baseline 0.004 -11"><span class='ocrx_word' id='word_1_332' title='bbox 994 2274 1088 2312; x_wconf 74' lang='lat' dir='ltr'><strong>salto</strong></span> <span class='ocrx_word' id='word_1_333' title='bbox 1114 2274 1311 2313; x_wconf 77' lang='lat' dir='ltr'><strong>trahamus</strong></span> <span class='ocrx_word' id='word_1_334' title='bbox 1332 2275 1383 2313; x_wconf 83' lang='lat' dir='ltr'><strong>ad</strong></span> <span class='ocrx_word' id='word_1_335' title='bbox 1405 2289 1488 2314; x_wconf 90' lang='lat' dir='ltr'><strong>eam</strong></span> <span class='ocrx_word' id='word_1_336' title='bbox 1512 2275 1775 2315; x_wconf 80' lang='lat' dir='ltr'><strong>adulationem</strong></span> <span class='ocrx_word' id='word_1_337' title='bbox 1790 2305 1801 2322; x_wconf 92' lang='lat'><strong>‚</strong></span> 
     </span>
     <span class='ocr_line' id='line_1_47' title="bbox 994 2339 1804 2394; baseline 0.006 -18"><span class='ocrx_word' id='word_1_338' title='bbox 994 2352 1070 2389; x_wconf 85' lang='lat' dir='ltr'><strong>qua</strong></span> <span class='ocrx_word' id='word_1_339' title='bbox 1085 2339 1342 2392; x_wconf 78' lang='lat' dir='ltr'><strong>Principibus</strong></span> <span class='ocrx_word' id='word_1_340' title='bbox 1360 2343 1442 2379; x_wconf 78' lang='lat' dir='ltr'><strong>suis</strong></span> <span class='ocrx_word' id='word_1_341' title='bbox 1455 2342 1573 2379; x_wconf 81' lang='lat' dir='ltr'><strong>totius</strong></span> <span class='ocrx_word' id='word_1_342' title='bbox 1584 2340 1804 2394; x_wconf 64' lang='lat' dir='ltr'><strong>disciplina!</strong></span> 
     </span>
     <span class='ocr_line' id='line_1_48' title="bbox 997 2406 1778 2460; baseline 0.003 -15"><span class='ocrx_word' id='word_1_343' title='bbox 997 2407 1038 2445; x_wconf 85' lang='lat' dir='ltr'><em>E</em></span> <span class='ocrx_word' id='word_1_344' title='bbox 1039 2406 1183 2446; x_wconf 81' lang='lat' dir='ltr'><strong>cclesioe</strong></span> <span class='ocrx_word' id='word_1_345' title='bbox 1197 2421 1386 2445; x_wconf 80' lang='lat' dir='ltr'><strong>summam</strong></span> <span class='ocrx_word' id='word_1_346' title='bbox 1400 2406 1529 2447; x_wconf 83' lang='lat' dir='ltr'><strong>Graeci</strong></span> <span class='ocrx_word' id='word_1_347' title='bbox 1548 2408 1778 2460; x_wconf 83' lang='lat' dir='ltr'><strong>deferebant.</strong></span> 
     </span>
    </p>

    <p class='ocr_par' dir='ltr' id='par_1_9' title="bbox 1001 2472 1806 2589">
     <span class='ocr_line' id='line_1_49' title="bbox 1055 2472 1806 2525; baseline 0.003 -14"><span class='ocrx_word' id='word_1_348' title='bbox 1055 2473 1110 2525; x_wconf 65' lang='lat'>(⁰2)</span> <span class='ocrx_word' id='word_1_349' title='bbox 1136 2473 1243 2511; x_wconf 89' lang='lat' dir='ltr'><strong>Tom.</strong></span> <span class='ocrx_word' id='word_1_350' title='bbox 1278 2485 1352 2521; x_wconf 81' lang='lat' dir='ltr'><strong>vn,</strong></span> <span class='ocrx_word' id='word_1_351' title='bbox 1385 2472 1501 2513; x_wconf 79' lang='lat' dir='ltr'><strong>Cone.</strong></span> <span class='ocrx_word' id='word_1_352' title='bbox 1536 2473 1627 2513; x_wconf 84' lang='lat' dir='ltr'><strong>edit.</strong></span> <span class='ocrx_word' id='word_1_353' title='bbox 1659 2474 1806 2522; x_wconf 73' lang='lat' dir='ltr'><strong>mansi,</strong></span> 
     </span>
     <span class='ocr_line' id='line_1_50' title="bbox 1001 2537 1217 2589; baseline 0 -12"><span class='ocrx_word' id='word_1_354' title='bbox 1001 2539 1072 2578; x_wconf 82' lang='lat' dir='ltr'><strong>col.</strong></span> <span class='ocrx_word' id='word_1_355' title='bbox 1102 2537 1217 2589; x_wconf 85' lang='lat'><em>1140.</em></span> 
     </span>
    </p>

    <p class='ocr_par' dir='ltr' id='par_1_10' title="bbox 1003 2603 1810 2789">
     <span class='ocr_line' id='line_1_51' title="bbox 1056 2603 1808 2657; baseline 0.003 -16"><span class='ocrx_word' id='word_1_356' title='bbox 1056 2604 1110 2657; x_wconf 66' lang='grc' dir='ltr'><strong>(Β)</strong></span> <span class='ocrx_word' id='word_1_357' title='bbox 1144 2603 1372 2643; x_wconf 74' lang='lat' dir='ltr'><strong>christliche</strong></span> <span class='ocrx_word' id='word_1_358' title='bbox 1394 2603 1808 2657; x_wconf 76' lang='lat' dir='ltr'><strong>Kirchenqeschichtc,</strong></span> 
     </span>
     <span class='ocr_line' id='line_1_52' title="bbox 1003 2669 1810 2718; baseline 0.001 -10"><span class='ocrx_word' id='word_1_359' title='bbox 1003 2683 1066 2708; x_wconf 83' lang='lat' dir='ltr'><strong>scu</strong></span> <span class='ocrx_word' id='word_1_360' title='bbox 1081 2669 1258 2708; x_wconf 77' lang='lat' dir='ltr'><strong>Historia</strong></span> <span class='ocrx_word' id='word_1_361' title='bbox 1268 2669 1373 2711; x_wconf 86' lang='lat' dir='ltr'><strong>Eccl.</strong></span> <span class='ocrx_word' id='word_1_362' title='bbox 1386 2669 1627 2718; x_wconf 68' lang='lat' dir='ltr'><strong>christianae,</strong></span> <span class='ocrx_word' id='word_1_363' title='bbox 1638 2678 1810 2718; x_wconf 69' lang='lat' dir='ltr'><strong>tommu,</strong></span> 
     </span>
     <span class='ocr_line' id='line_1_53' title="bbox 1005 2745 1206 2789; baseline 0.005 -17"><span class='ocrx_word' id='word_1_364' title='bbox 1005 2745 1088 2789; x_wconf 83' lang='lat' dir='ltr'><strong>pag.</strong></span> <span class='ocrx_word' id='word_1_365' title='bbox 1118 2748 1206 2773; x_wconf 84' lang='lat'>121.</span> 
     </span>
    </p>

    <p class='ocr_par' dir='ltr' id='par_1_11' title="bbox 1007 2799 1817 2985">
     <span class='ocr_line' id='line_1_54' title="bbox 1061 2799 1810 2854; baseline 0.003 -17"><span class='ocrx_word' id='word_1_366' title='bbox 1061 2799 1114 2851; x_wconf 70' lang='lat' dir='ltr'><em>(Ia)</em></span> <span class='ocrx_word' id='word_1_367' title='bbox 1153 2799 1420 2852; x_wconf 79' lang='lat' dir='ltr'><strong>Theoloqische</strong></span> <span class='ocrx_word' id='word_1_368' title='bbox 1474 2800 1777 2854; x_wconf 69' lang='lat' dir='ltr'><strong>thartalscltrift</strong></span> <span class='ocrx_word' id='word_1_369' title='bbox 1798 2830 1810 2848; x_wconf 83' lang='lat'><em>,</em></span> 
     </span>
     <span class='ocr_line' id='line_1_55' title="bbox 1009 2863 1815 2919; baseline 0 -15"><span class='ocrx_word' id='word_1_370' title='bbox 1009 2880 1071 2905; x_wconf 86' lang='lat' dir='ltr'><strong>seu</strong></span> <span class='ocrx_word' id='word_1_371' title='bbox 1083 2863 1238 2919; x_wconf 84' lang='lat' dir='ltr'><strong>Scripta</strong></span> <span class='ocrx_word' id='word_1_372' title='bbox 1256 2866 1461 2918; x_wconf 78' lang='lat' dir='ltr'><strong>theoloqica</strong></span> <span class='ocrx_word' id='word_1_373' title='bbox 1471 2867 1651 2908; x_wconf 63' lang='lat' dir='ltr'><strong>trimestr.</strong></span> <span class='ocrx_word' id='word_1_374' title='bbox 1665 2868 1815 2906; x_wconf 79' lang='lat' dir='ltr'><strong>Tubin-</strong></span> 
     </span>
     <span class='ocr_line' id='line_1_56' title="bbox 1007 2929 1817 2985; baseline 0.002 -15"><span class='ocrx_word' id='word_1_375' title='bbox 1007 2945 1094 2983; x_wconf 76' lang='lat' dir='ltr'><strong>qen.</strong></span> <span class='ocrx_word' id='word_1_376' title='bbox 1135 2930 1260 2983; x_wconf 81' lang='lat'><em>1824,</em></span> <span class='ocrx_word' id='word_1_377' title='bbox 1286 2946 1365 2985; x_wconf 78' lang='lat' dir='ltr'><strong>pag.</strong></span> <span class='ocrx_word' id='word_1_378' title='bbox 1393 2929 1494 2981; x_wconf 83' lang='lat'><strong>265,</strong></span> <span class='ocrx_word' id='word_1_379' title='bbox 1513 2933 1610 2985; x_wconf 85' lang='lat' dir='ltr'><strong>apud</strong></span> <span class='ocrx_word' id='word_1_380' title='bbox 1635 2932 1817 2972; x_wconf 80' lang='lat' dir='ltr'><strong>Roskova-</strong></span> 
     </span>
    </p>
   </div>
   <div class='ocr_carea' id='block_1_7' title="bbox 1011 2996 1628 3053">
    <p class='ocr_par' dir='ltr' id='par_1_12' title="bbox 1011 2996 1628 3053">
     <span class='ocr_line' id='line_1_57' title="bbox 1011 2996 1628 3053; baseline 0.002 -17"><span class='ocrx_word' id='word_1_381' title='bbox 1011 3012 1084 3051; x_wconf 83' lang='lat' dir='ltr'><strong>ny,</strong></span> <span class='ocrx_word' id='word_1_382' title='bbox 1111 3013 1173 3052; x_wconf 86' lang='lat' dir='ltr'><strong>op.</strong></span> <span class='ocrx_word' id='word_1_383' title='bbox 1202 3000 1264 3039; x_wconf 77' lang='lat' dir='ltr'><strong>cit.</strong></span> <span class='ocrx_word' id='word_1_384' title='bbox 1286 2996 1400 3052; x_wconf 77' lang='lat'><strong>§75‚</strong></span> <span class='ocrx_word' id='word_1_385' title='bbox 1424 3012 1513 3053; x_wconf 83' lang='lat' dir='ltr'><strong>pag.</strong></span> <span class='ocrx_word' id='word_1_386' title='bbox 1542 2998 1628 3050; x_wconf 82' lang='lat'><strong>142.</strong></span> 
     </span>
    </p>
   </div>
  </div>
 </body>
</html>
