<?xml version="1.0" encoding="UTF-8"?>
<!DOCTYPE html PUBLIC "-//W3C//DTD XHTML 1.0 Transitional//EN"
    "http://www.w3.org/TR/xhtml1/DTD/xhtml1-transitional.dtd">
<html xmlns="http://www.w3.org/1999/xhtml" xml:lang="en" lang="en">
 <head>
  <title>
</title>
<meta http-equiv="Content-Type" content="text/html;charset=utf-8" />
  <meta name='ocr-system' content='tesseract 3.04.00' />
  <meta name='ocr-capabilities' content='ocr_page ocr_carea ocr_par ocr_line ocrx_word'/>
</head>
<body>
  <div class='ocr_page' id='page_1' title='image "./praelectionestheo08perruoft/praelectionestheo08perruoft_0370.png"; bbox 0 0 2028 3354; ppageno 0'>
   <div class='ocr_carea' id='block_1_1' title="bbox 234 216 1454 266">
    <p class='ocr_par' dir='ltr' id='par_1_1' title="bbox 234 216 1454 266">
     <span class='ocr_line' id='line_1_1' title="bbox 234 216 1454 266; baseline -0.002 -1"><span class='ocrx_word' id='word_1_1' title='bbox 234 216 328 266; x_wconf 79' lang='lat'>358</span> <span class='ocrx_word' id='word_1_2' title='bbox 722 232 876 261; x_wconf 70' lang='lat' dir='ltr'>rnAc‘r.</span> <span class='ocrx_word' id='word_1_3' title='bbox 916 233 968 260; x_wconf 76' lang='lat' dir='ltr'>nu</span> <span class='ocrx_word' id='word_1_4' title='bbox 1004 232 1121 262; x_wconf 77' lang='lat' dir='ltr'>mois</span> <span class='ocrx_word' id='word_1_5' title='bbox 1158 232 1454 263; x_wconf 74' lang='lat' dir='ltr'>rnnotoelols.</span> 
     </span>
    </p>
   </div>
   <div class='ocr_carea' id='block_1_2' title="bbox 226 344 1918 2311">
    <p class='ocr_par' dir='ltr' id='par_1_2' title="bbox 226 344 1918 2311">
     <span class='ocr_line' id='line_1_2' title="bbox 302 344 1915 412; baseline -0.002 -16"><span class='ocrx_word' id='word_1_6' title='bbox 302 349 409 396; x_wconf 80' lang='lat'>528.</span> <span class='ocrx_word' id='word_1_7' title='bbox 447 350 583 412; x_wconf 90' lang='lat' dir='ltr'>Resp.</span> <span class='ocrx_word' id='word_1_8' title='bbox 608 344 678 393; x_wconf 86' lang='lat' dir='ltr'>Ad</span> <span class='ocrx_word' id='word_1_9' title='bbox 698 346 762 392; x_wconf 85' lang='lat' dir='ltr'>lm</span> <span class='ocrx_word' id='word_1_10' title='bbox 777 381 791 406; x_wconf 87' lang='lat'>‚</span> <span class='ocrx_word' id='word_1_11' title='bbox 812 345 935 393; x_wconf 77' lang='lat' dir='ltr'>Dist.</span> <span class='ocrx_word' id='word_1_12' title='bbox 955 345 1113 392; x_wconf 87' lang='lat' dir='ltr'>Patres</span> <span class='ocrx_word' id='word_1_13' title='bbox 1137 344 1320 406; x_wconf 86' lang='lat' dir='ltr'>docent,</span> <span class='ocrx_word' id='word_1_14' title='bbox 1336 348 1571 394; x_wconf 77' lang='lat' dir='ltr'><strong>Christum</strong></span> <span class='ocrx_word' id='word_1_15' title='bbox 1592 346 1743 395; x_wconf 87' lang='lat' dir='ltr'>claves</span> <span class='ocrx_word' id='word_1_16' title='bbox 1765 345 1915 393; x_wconf 87' lang='lat' dir='ltr'>Eccle-</span> 
     </span>
     <span class='ocr_line' id='line_1_3' title="bbox 237 419 1913 482; baseline -0.004 -9"><span class='ocrx_word' id='word_1_17' title='bbox 237 426 310 473; x_wconf 87' lang='lat' dir='ltr'>siae</span> <span class='ocrx_word' id='word_1_18' title='bbox 346 423 553 480; x_wconf 87' lang='lat' dir='ltr'>dedisse,</span> <span class='ocrx_word' id='word_1_19' title='bbox 588 421 636 467; x_wconf 86' lang='lat' dir='ltr'>id</span> <span class='ocrx_word' id='word_1_20' title='bbox 673 430 767 480; x_wconf 85' lang='lat' dir='ltr'>est,</span> <span class='ocrx_word' id='word_1_21' title='bbox 797 422 849 467; x_wconf 90' lang='lat' dir='ltr'>in</span> <span class='ocrx_word' id='word_1_22' title='bbox 882 424 978 482; x_wconf 84' lang='lat' dir='ltr'>ejus</span> <span class='ocrx_word' id='word_1_23' title='bbox 1006 419 1300 467; x_wconf 83' lang='lat' dir='ltr'>commodum</span> <span class='ocrx_word' id='word_1_24' title='bbox 1324 432 1370 469; x_wconf 91' lang='lat' dir='ltr'>et</span> <span class='ocrx_word' id='word_1_25' title='bbox 1400 423 1651 470; x_wconf 77' lang='lat' dir='ltr'>utilitatem</span> <span class='ocrx_word' id='word_1_26' title='bbox 1670 459 1681 480; x_wconf 86' lang='lat'>,</span> <span class='ocrx_word' id='word_1_27' title='bbox 1722 439 1828 474; x_wconf 75' lang='lat' dir='ltr'>seu,</span> <span class='ocrx_word' id='word_1_28' title='bbox 1860 429 1913 467; x_wconf 88' lang='lat' dir='ltr'>ut</span> 
     </span>
     <span class='ocr_line' id='line_1_4' title="bbox 235 496 1913 563; baseline -0.002 -17"><span class='ocrx_word' id='word_1_29' title='bbox 235 498 388 547; x_wconf 89' lang='lat' dir='ltr'>schola</span> <span class='ocrx_word' id='word_1_30' title='bbox 419 499 647 563; x_wconf 89' lang='lat' dir='ltr'>loquitur,</span> <span class='ocrx_word' id='word_1_31' title='bbox 671 499 912 561; x_wconf 75' lang='lat' dir='ltr'>finaliter,</span> <span class='ocrx_word' id='word_1_32' title='bbox 947 512 1104 549; x_wconf 81' lang='lat' dir='ltr'>oonc.,·</span> <span class='ocrx_word' id='word_1_33' title='bbox 1128 497 1311 560; x_wconf 82' lang='lat' dir='ltr'>proprie</span> <span class='ocrx_word' id='word_1_34' title='bbox 1332 507 1378 543; x_wconf 89' lang='lat' dir='ltr'>et</span> <span class='ocrx_word' id='word_1_35' title='bbox 1401 501 1702 560; x_wconf 78' lang='lat' dir='ltr'>formaliter,</span> <span class='ocrx_word' id='word_1_36' title='bbox 1726 515 1829 561; x_wconf 72' lang='lat' dir='ltr'>neq.</span> <span class='ocrx_word' id='word_1_37' title='bbox 1851 496 1913 542; x_wconf 91' lang='lat' dir='ltr'>Ut</span> 
     </span>
     <span class='ocr_line' id='line_1_5' title="bbox 235 571 1913 637; baseline -0.002 -16"><span class='ocrx_word' id='word_1_38' title='bbox 235 583 391 636; x_wconf 86' lang='lat' dir='ltr'>autem</span> <span class='ocrx_word' id='word_1_39' title='bbox 429 577 623 621; x_wconf 82' lang='lat' dir='ltr'>Patrum</span> <span class='ocrx_word' id='word_1_40' title='bbox 659 582 867 620; x_wconf 86' lang='lat' dir='ltr'>veterum</span> <span class='ocrx_word' id='word_1_41' title='bbox 902 589 1034 618; x_wconf 88' lang='lat' dir='ltr'>mens</span> <span class='ocrx_word' id='word_1_42' title='bbox 1068 572 1355 630; x_wconf 77' lang='lat' dir='ltr'>innotescat,</span> <span class='ocrx_word' id='word_1_43' title='bbox 1393 572 1504 620; x_wconf 89' lang='lat' dir='ltr'>dnm</span> <span class='ocrx_word' id='word_1_44' title='bbox 1531 574 1658 620; x_wconf 87' lang='lat' dir='ltr'>illam</span> <span class='ocrx_word' id='word_1_45' title='bbox 1691 571 1913 637; x_wconf 86' lang='lat' dir='ltr'>loquendi</span> 
     </span>
     <span class='ocr_line' id='line_1_6' title="bbox 235 647 1913 714; baseline -0.002 -17"><span class='ocrx_word' id='word_1_46' title='bbox 235 651 463 697; x_wconf 79' lang='lat' dir='ltr'>rationem</span> <span class='ocrx_word' id='word_1_47' title='bbox 498 657 810 713; x_wconf 87' lang='lat' dir='ltr'>usurparunt,</span> <span class='ocrx_word' id='word_1_48' title='bbox 834 647 1278 694; x_wconf 89' lang='lat' dir='ltr'>animadvertendus</span> <span class='ocrx_word' id='word_1_49' title='bbox 1312 657 1381 694; x_wconf 87' lang='lat' dir='ltr'>est</span> <span class='ocrx_word' id='word_1_50' title='bbox 1419 666 1580 713; x_wconf 88' lang='lat' dir='ltr'>scopus</span> <span class='ocrx_word' id='word_1_51' title='bbox 1600 686 1613 710; x_wconf 87' lang='lat'>,</span> <span class='ocrx_word' id='word_1_52' title='bbox 1653 667 1794 714; x_wconf 85' lang='lat' dir='ltr'>quem</span> <span class='ocrx_word' id='word_1_53' title='bbox 1828 647 1913 695; x_wconf 92' lang='lat' dir='ltr'>sibi</span> 
     </span>
     <span class='ocr_line' id='line_1_7' title="bbox 235 721 1913 792; baseline -0.001 -19"><span class='ocrx_word' id='word_1_54' title='bbox 235 735 594 792; x_wconf 88' lang='lat' dir='ltr'>proposuerunt.</span> <span class='ocrx_word' id='word_1_55' title='bbox 637 727 777 772; x_wconf 87' lang='lat' dir='ltr'>Porro</span> <span class='ocrx_word' id='word_1_56' title='bbox 810 725 966 770; x_wconf 88' lang='lat' dir='ltr'>Patres</span> <span class='ocrx_word' id='word_1_57' title='bbox 993 759 1005 782; x_wconf 82' lang='grc'>.,</span> <span class='ocrx_word' id='word_1_58' title='bbox 1041 723 1120 787; x_wconf 87' lang='lat' dir='ltr'>qui</span> <span class='ocrx_word' id='word_1_59' title='bbox 1148 721 1280 769; x_wconf 88' lang='lat' dir='ltr'>nobis</span> <span class='ocrx_word' id='word_1_60' title='bbox 1311 723 1612 784; x_wconf 76' lang='lat' dir='ltr'>oinciuntur,</span> <span class='ocrx_word' id='word_1_61' title='bbox 1655 726 1705 771; x_wconf 89' lang='lat' dir='ltr'>in</span> <span class='ocrx_word' id='word_1_62' title='bbox 1738 741 1792 771; x_wconf 92' lang='lat' dir='ltr'>eo</span> <span class='ocrx_word' id='word_1_63' title='bbox 1828 726 1913 772; x_wconf 84' lang='lat' dir='ltr'>toti</span> 
     </span>
     <span class='ocr_line' id='line_1_8' title="bbox 237 799 1911 862; baseline -0.002 -12"><span class='ocrx_word' id='word_1_64' title='bbox 237 812 396 862; x_wconf 87' lang='lat' dir='ltr'>erant,</span> <span class='ocrx_word' id='word_1_65' title='bbox 424 812 477 849; x_wconf 88' lang='lat' dir='ltr'>ut</span> <span class='ocrx_word' id='word_1_66' title='bbox 493 802 880 849; x_wconf 88' lang='lat' dir='ltr'>Montanistarum</span> <span class='ocrx_word' id='word_1_67' title='bbox 899 809 945 846; x_wconf 90' lang='lat' dir='ltr'>et</span> <span class='ocrx_word' id='word_1_68' title='bbox 964 800 1329 846; x_wconf 86' lang='lat' dir='ltr'>Novatianorum</span> <span class='ocrx_word' id='word_1_69' title='bbox 1356 817 1559 847; x_wconf 85' lang='lat' dir='ltr'>errorem</span> <span class='ocrx_word' id='word_1_70' title='bbox 1572 799 1911 860; x_wconf 68' lang='lat' dir='ltr'>convellerent,</span> 
     </span>
     <span class='ocr_line' id='line_1_9' title="bbox 235 874 1913 940; baseline -0.001 -14"><span class='ocrx_word' id='word_1_71' title='bbox 235 896 339 926; x_wconf 88' lang='lat' dir='ltr'>cum</span> <span class='ocrx_word' id='word_1_72' title='bbox 371 880 498 925; x_wconf 88' lang='lat' dir='ltr'>enim</span> <span class='ocrx_word' id='word_1_73' title='bbox 532 879 608 924; x_wconf 84' lang='lat' dir='ltr'>isti</span> <span class='ocrx_word' id='word_1_74' title='bbox 645 876 847 923; x_wconf 83' lang='lat' dir='ltr'>haeretiei</span> <span class='ocrx_word' id='word_1_75' title='bbox 874 883 1125 938; x_wconf 81' lang='lat' dir='ltr'><strong>negarent,</strong></span> <span class='ocrx_word' id='word_1_76' title='bbox 1153 874 1399 922; x_wconf 80' lang='lat' dir='ltr'>Ecclesiam</span> <span class='ocrx_word' id='word_1_77' title='bbox 1435 876 1606 922; x_wconf 87' lang='lat' dir='ltr'>habere</span> <span class='ocrx_word' id='word_1_78' title='bbox 1636 884 1913 940; x_wconf 88' lang='lat' dir='ltr'>potestatem</span> 
     </span>
     <span class='ocr_line' id='line_1_10' title="bbox 234 949 1913 1017; baseline 0 -16"><span class='ocrx_word' id='word_1_79' title='bbox 234 954 499 1002; x_wconf 89' lang='lat' dir='ltr'>dimittendi</span> <span class='ocrx_word' id='word_1_80' title='bbox 527 954 732 1017; x_wconf 82' lang='lat' dir='ltr'>graviora</span> <span class='ocrx_word' id='word_1_81' title='bbox 760 953 951 998; x_wconf 88' lang='lat' dir='ltr'>crimina</span> <span class='ocrx_word' id='word_1_82' title='bbox 969 987 980 1009; x_wconf 82' lang='lat'>,</span> <span class='ocrx_word' id='word_1_83' title='bbox 1012 949 1382 1006; x_wconf 79' lang='lat' dir='ltr'>contendebant,</span> <span class='ocrx_word' id='word_1_84' title='bbox 1402 961 1683 1015; x_wconf 87' lang='lat' dir='ltr'>potestatem</span> <span class='ocrx_word' id='word_1_85' title='bbox 1714 952 1913 1001; x_wconf 84' lang='lat' dir='ltr'>clavium</span> 
     </span>
     <span class='ocr_line' id='line_1_11' title="bbox 235 1027 1916 1091; baseline -0.001 -14"><span class='ocrx_word' id='word_1_86' title='bbox 235 1030 391 1077; x_wconf 89' lang='lat' dir='ltr'>datam</span> <span class='ocrx_word' id='word_1_87' title='bbox 423 1032 559 1077; x_wconf 87' lang='lat' dir='ltr'>Petro</span> <span class='ocrx_word' id='word_1_88' title='bbox 583 1038 630 1075; x_wconf 88' lang='lat' dir='ltr'>et</span> <span class='ocrx_word' id='word_1_89' title='bbox 664 1027 889 1091; x_wconf 89' lang='lat' dir='ltr'>Apostolis</span> <span class='ocrx_word' id='word_1_90' title='bbox 909 1028 1046 1073; x_wconf 89' lang='lat' dir='ltr'>fuisse</span> <span class='ocrx_word' id='word_1_91' title='bbox 1063 1028 1398 1088; x_wconf 75' lang='lat' dir='ltr'>personaliter,</span> <span class='ocrx_word' id='word_1_92' title='bbox 1435 1036 1487 1073; x_wconf 91' lang='lat' dir='ltr'>ut</span> <span class='ocrx_word' id='word_1_93' title='bbox 1508 1027 1713 1091; x_wconf 87' lang='lat' dir='ltr'>loquitur</span> <span class='ocrx_word' id='word_1_94' title='bbox 1738 1029 1916 1075; x_wconf 89' lang='lat' dir='ltr'>Tertul-</span> 
     </span>
     <span class='ocr_line' id='line_1_12' title="bbox 232 1092 1918 1170; baseline -0.001 -17"><span class='ocrx_word' id='word_1_95' title='bbox 232 1107 410 1166; x_wconf 83' lang='lat' dir='ltr'>lianuS,</span> <span class='ocrx_word' id='word_1_96' title='bbox 442 1123 493 1153; x_wconf 87' lang='lat' dir='ltr'>ac</span> <span class='ocrx_word' id='word_1_97' title='bbox 515 1114 758 1170; x_wconf 85' lang='lat' dir='ltr'>propterea</span> <span class='ocrx_word' id='word_1_98' title='bbox 789 1121 892 1150; x_wconf 88' lang='lat' dir='ltr'>eum</span> <span class='ocrx_word' id='word_1_99' title='bbox 915 1104 1120 1167; x_wconf 88' lang='lat' dir='ltr'>ipsorum</span> <span class='ocrx_word' id='word_1_100' title='bbox 1149 1101 1278 1147; x_wconf 86' lang='lat' dir='ltr'>obitu</span> <span class='ocrx_word' id='word_1_101' title='bbox 1305 1119 1514 1149; x_wconf 79' lang='lat' dir='ltr'>cessasse.</span> <span class='ocrx_word' id='word_1_102' title='bbox 1551 1104 1619 1149; x_wconf 89' lang='lat' dir='ltr'>En</span> <span class='ocrx_word' id='word_1_103' title='bbox 1643 1092 1918 1151; x_wconf 85' lang='lat' dir='ltr'>Tertulliani</span> 
     </span>
     <span class='ocr_line' id='line_1_13' title="bbox 233 1179 1912 1244; baseline -0.001 -15"><span class='ocrx_word' id='word_1_104' title='bbox 233 1182 375 1230; x_wconf 88' lang='lat' dir='ltr'>verba</span> <span class='ocrx_word' id='word_1_105' title='bbox 423 1200 433 1228; x_wconf 93' lang='lat'>:</span> <span class='ocrx_word' id='word_1_106' title='bbox 467 1184 526 1227; x_wconf 79' lang='lat' dir='ltr'>Si</span> <span class='ocrx_word' id='word_1_107' title='bbox 566 1184 686 1244; x_wconf 79' lang='lat' dir='ltr'>quia</span> <span class='ocrx_word' id='word_1_108' title='bbox 719 1181 848 1226; x_wconf 68' lang='lat' dir='ltr'>dimit</span> <span class='ocrx_word' id='word_1_109' title='bbox 883 1180 1024 1225; x_wconf 79' lang='lat' dir='ltr'>Petro</span> <span class='ocrx_word' id='word_1_110' title='bbox 1064 1179 1300 1224; x_wconf 73' lang='lat' dir='ltr'>Dominus</span> <span class='ocrx_word' id='word_1_111' title='bbox 1332 1195 1478 1240; x_wconf 79' lang='lat' dir='ltr'>super</span> <span class='ocrx_word' id='word_1_112' title='bbox 1507 1179 1632 1224; x_wconf 75' lang='lat' dir='ltr'>hano</span> <span class='ocrx_word' id='word_1_113' title='bbox 1662 1187 1912 1240; x_wconf 77' lang='lat' dir='ltr'>petram...</span> 
     </span>
     <span class='ocr_line' id='line_1_14' title="bbox 232 1256 1916 1321; baseline -0.001 -17"><span class='ocrx_word' id='word_1_114' title='bbox 232 1260 392 1321; x_wconf 73' lang='lat' dir='ltr'>qualis</span> <span class='ocrx_word' id='word_1_115' title='bbox 421 1275 480 1318; x_wconf 84' lang='lat' dir='ltr'>es,</span> <span class='ocrx_word' id='word_1_116' title='bbox 507 1266 712 1304; x_wconf 76' lang='lat' dir='ltr'>evertens</span> <span class='ocrx_word' id='word_1_117' title='bbox 735 1265 873 1317; x_wconf 81' lang='lat' dir='ltr'>atque</span> <span class='ocrx_word' id='word_1_118' title='bbox 896 1263 1194 1301; x_wconf 78' lang='lat' dir='ltr'>commutans</span> <span class='ocrx_word' id='word_1_119' title='bbox 1211 1256 1520 1316; x_wconf 73' lang='lat' dir='ltr'>manifestam</span> <span class='ocrx_word' id='word_1_120' title='bbox 1541 1256 1742 1301; x_wconf 69' lang='lat' dir='ltr'>Domini</span> <span class='ocrx_word' id='word_1_121' title='bbox 1758 1258 1916 1303; x_wconf 73' lang='lat' dir='ltr'>inten-</span> 
     </span>
     <span class='ocr_line' id='line_1_15' title="bbox 231 1329 1913 1396; baseline -0.001 -16"><span class='ocrx_word' id='word_1_122' title='bbox 231 1337 405 1380; x_wconf 76' lang='lat' dir='ltr'>tionem</span> <span class='ocrx_word' id='word_1_123' title='bbox 424 1334 740 1396; x_wconf 75' lang='lat' dir='ltr'>personaliter</span> <span class='ocrx_word' id='word_1_124' title='bbox 769 1332 852 1377; x_wconf 75' lang='lat' dir='ltr'>hoc</span> <span class='ocrx_word' id='word_1_125' title='bbox 882 1332 1020 1377; x_wconf 81' lang='lat' dir='ltr'>Petro</span> <span class='ocrx_word' id='word_1_126' title='bbox 1048 1332 1362 1392; x_wconf 77' lang='lat' dir='ltr'>conferentem</span> <span class='ocrx_word' id='word_1_127' title='bbox 1387 1329 1493 1392; x_wconf 80' lang='lat' dir='ltr'>(l)&#39;?</span> <span class='ocrx_word' id='word_1_128' title='bbox 1522 1329 1584 1377; x_wconf 90' lang='lat' dir='ltr'>Ut</span> <span class='ocrx_word' id='word_1_129' title='bbox 1605 1330 1743 1392; x_wconf 82' lang='lat' dir='ltr'>igitur</span> <span class='ocrx_word' id='word_1_130' title='bbox 1757 1348 1804 1378; x_wconf 92' lang='lat' dir='ltr'>se</span> <span class='ocrx_word' id='word_1_131' title='bbox 1823 1331 1913 1378; x_wconf 88' lang='lat' dir='ltr'>illis</span> 
     </span>
     <span class='ocr_line' id='line_1_16' title="bbox 232 1404 1914 1474; baseline -0.001 -18"><span class='ocrx_word' id='word_1_132' title='bbox 232 1417 552 1474; x_wconf 86' lang='lat' dir='ltr'>opponerent,</span> <span class='ocrx_word' id='word_1_133' title='bbox 580 1407 866 1462; x_wconf 82' lang='lat' dir='ltr'>docuerunt,</span> <span class='ocrx_word' id='word_1_134' title='bbox 904 1414 1183 1471; x_wconf 88' lang='lat' dir='ltr'>potestatem</span> <span class='ocrx_word' id='word_1_135' title='bbox 1205 1404 1400 1454; x_wconf 89' lang='lat' dir='ltr'>clavium</span> <span class='ocrx_word' id='word_1_136' title='bbox 1427 1406 1564 1453; x_wconf 89' lang='lat' dir='ltr'>fuisse</span> <span class='ocrx_word' id='word_1_137' title='bbox 1585 1406 1801 1454; x_wconf 90' lang='lat' dir='ltr'>collatam</span> <span class='ocrx_word' id='word_1_138' title='bbox 1831 1409 1914 1454; x_wconf 86' lang='lat' dir='ltr'>Ec-</span> 
     </span>
     <span class='ocr_line' id='line_1_17' title="bbox 232 1481 1911 1550; baseline -0.002 -17"><span class='ocrx_word' id='word_1_139' title='bbox 232 1485 378 1533; x_wconf 83' lang='lat' dir='ltr'>clesiae</span> <span class='ocrx_word' id='word_1_140' title='bbox 402 1486 451 1532; x_wconf 90' lang='lat' dir='ltr'>in</span> <span class='ocrx_word' id='word_1_141' title='bbox 483 1501 680 1550; x_wconf 85' lang='lat' dir='ltr'>persona</span> <span class='ocrx_word' id='word_1_142' title='bbox 711 1481 1063 1548; x_wconf 86' lang='lat' dir='ltr'>Apostolorum,</span> <span class='ocrx_word' id='word_1_143' title='bbox 1098 1490 1143 1528; x_wconf 88' lang='lat' dir='ltr'>et</span> <span class='ocrx_word' id='word_1_144' title='bbox 1168 1481 1396 1545; x_wconf 91' lang='lat' dir='ltr'>Apostolis</span> <span class='ocrx_word' id='word_1_145' title='bbox 1430 1482 1480 1528; x_wconf 88' lang='lat' dir='ltr'>in</span> <span class='ocrx_word' id='word_1_146' title='bbox 1514 1499 1709 1547; x_wconf 87' lang='lat' dir='ltr'>persona</span> <span class='ocrx_word' id='word_1_147' title='bbox 1754 1483 1911 1543; x_wconf 81' lang='lat' dir='ltr'>Petri3</span> 
     </span>
     <span class='ocr_line' id='line_1_18' title="bbox 232 1555 1916 1625; baseline -0.002 -16"><span class='ocrx_word' id='word_1_148' title='bbox 232 1563 516 1621; x_wconf 89' lang='lat' dir='ltr'>docuerunt,</span> <span class='ocrx_word' id='word_1_149' title='bbox 539 1564 729 1609; x_wconf 86' lang='lat' dir='ltr'>Petrum</span> <span class='ocrx_word' id='word_1_150' title='bbox 750 1568 1100 1625; x_wconf 84' lang='lat' dir='ltr'>repraesentasse</span> <span class='ocrx_word' id='word_1_151' title='bbox 1123 1557 1365 1621; x_wconf 84' lang='lat' dir='ltr'>collegium</span> <span class='ocrx_word' id='word_1_152' title='bbox 1390 1555 1693 1624; x_wconf 86' lang='lat' dir='ltr'>apostolicum</span> <span class='ocrx_word' id='word_1_153' title='bbox 1711 1596 1722 1613; x_wconf 77' lang='lat'>,</span> <span class='ocrx_word' id='word_1_154' title='bbox 1740 1569 1787 1606; x_wconf 87' lang='lat' dir='ltr'>et</span> <span class='ocrx_word' id='word_1_155' title='bbox 1805 1561 1916 1623; x_wconf 81' lang='lat' dir='ltr'>figu-</span> 
     </span>
     <span class='ocr_line' id='line_1_19' title="bbox 231 1633 1916 1702; baseline -0.002 -16"><span class='ocrx_word' id='word_1_156' title='bbox 231 1656 332 1686; x_wconf 89' lang='lat' dir='ltr'>ram</span> <span class='ocrx_word' id='word_1_157' title='bbox 361 1639 549 1702; x_wconf 84' lang='lat' dir='ltr'>gessisse</span> <span class='ocrx_word' id='word_1_158' title='bbox 583 1636 817 1695; x_wconf 77' lang='lat' dir='ltr'>Ecclesiae,</span> <span class='ocrx_word' id='word_1_159' title='bbox 853 1653 960 1683; x_wconf 86' lang='lat' dir='ltr'>cum</span> <span class='ocrx_word' id='word_1_160' title='bbox 988 1634 1163 1699; x_wconf 87' lang='lat' dir='ltr'>accepit</span> <span class='ocrx_word' id='word_1_161' title='bbox 1192 1633 1344 1681; x_wconf 89' lang='lat' dir='ltr'>claves</span> <span class='ocrx_word' id='word_1_162' title='bbox 1376 1635 1507 1698; x_wconf 82' lang='lat' dir='ltr'>regni</span> <span class='ocrx_word' id='word_1_163' title='bbox 1536 1635 1776 1682; x_wconf 88' lang='lat' dir='ltr'>coelorum.</span> <span class='ocrx_word' id='word_1_164' title='bbox 1805 1637 1916 1694; x_wconf 85' lang='lat' dir='ltr'>Quae</span> 
     </span>
     <span class='ocr_line' id='line_1_20' title="bbox 234 1709 1915 1779; baseline -0.003 -17"><span class='ocrx_word' id='word_1_165' title='bbox 234 1715 423 1779; x_wconf 88' lang='lat' dir='ltr'>quidem</span> <span class='ocrx_word' id='word_1_166' title='bbox 447 1714 581 1762; x_wconf 87' lang='lat' dir='ltr'>effata</span> <span class='ocrx_word' id='word_1_167' title='bbox 614 1731 667 1760; x_wconf 91' lang='lat' dir='ltr'>eo</span> <span class='ocrx_word' id='word_1_168' title='bbox 696 1712 924 1770; x_wconf 90' lang='lat' dir='ltr'>tendunt,</span> <span class='ocrx_word' id='word_1_169' title='bbox 945 1720 998 1757; x_wconf 88' lang='lat' dir='ltr'>ut</span> <span class='ocrx_word' id='word_1_170' title='bbox 1018 1709 1252 1768; x_wconf 90' lang='lat' dir='ltr'>indicent,</span> <span class='ocrx_word' id='word_1_171' title='bbox 1273 1719 1551 1774; x_wconf 87' lang='lat' dir='ltr'>potestatem</span> <span class='ocrx_word' id='word_1_172' title='bbox 1564 1711 1702 1757; x_wconf 90' lang='lat' dir='ltr'>istam</span> <span class='ocrx_word' id='word_1_173' title='bbox 1715 1710 1774 1757; x_wconf 87' lang='lat' dir='ltr'>ad</span> <span class='ocrx_word' id='word_1_174' title='bbox 1792 1712 1915 1757; x_wconf 90' lang='lat' dir='ltr'>Petri</span> 
     </span>
     <span class='ocr_line' id='line_1_21' title="bbox 230 1786 1915 1856; baseline -0.003 -17"><span class='ocrx_word' id='word_1_175' title='bbox 230 1800 371 1856; x_wconf 88' lang='lat' dir='ltr'>atque</span> <span class='ocrx_word' id='word_1_176' title='bbox 400 1789 729 1856; x_wconf 89' lang='lat' dir='ltr'>Apostolorum</span> <span class='ocrx_word' id='word_1_177' title='bbox 765 1803 1046 1835; x_wconf 87' lang='lat' dir='ltr'>successores</span> <span class='ocrx_word' id='word_1_178' title='bbox 1074 1786 1331 1846; x_wconf 84' lang='lat' dir='ltr'>transiisse,</span> <span class='ocrx_word' id='word_1_179' title='bbox 1356 1803 1438 1833; x_wconf 91' lang='lat' dir='ltr'>seu</span> <span class='ocrx_word' id='word_1_180' title='bbox 1471 1788 1609 1833; x_wconf 85' lang='lat' dir='ltr'>Petro</span> <span class='ocrx_word' id='word_1_181' title='bbox 1637 1786 1787 1834; x_wconf 88' lang='lat' dir='ltr'>claves</span> <span class='ocrx_word' id='word_1_182' title='bbox 1818 1803 1915 1834; x_wconf 91' lang='lat' dir='ltr'>esse</span> 
     </span>
     <span class='ocr_line' id='line_1_22' title="bbox 229 1861 1913 1926; baseline -0.004 -12"><span class='ocrx_word' id='word_1_183' title='bbox 229 1866 420 1914; x_wconf 89' lang='lat' dir='ltr'>collatas</span> <span class='ocrx_word' id='word_1_184' title='bbox 444 1883 550 1912; x_wconf 90' lang='lat' dir='ltr'>cum</span> <span class='ocrx_word' id='word_1_185' title='bbox 572 1869 692 1926; x_wconf 77' lang='lat' dir='ltr'>jure</span> <span class='ocrx_word' id='word_1_186' title='bbox 725 1865 964 1921; x_wconf 73' lang='lat' dir='ltr'>traducis,</span> <span class='ocrx_word' id='word_1_187' title='bbox 990 1871 1043 1908; x_wconf 90' lang='lat' dir='ltr'>ut</span> <span class='ocrx_word' id='word_1_188' title='bbox 1065 1861 1413 1908; x_wconf 82' lang='lat' dir='ltr'>contendebant</span> <span class='ocrx_word' id='word_1_189' title='bbox 1444 1861 1666 1908; x_wconf 87' lang='lat' dir='ltr'>Catholici</span> <span class='ocrx_word' id='word_1_190' title='bbox 1692 1861 1913 1910; x_wconf 86' lang='lat' dir='ltr'>adversus</span> 
     </span>
     <span class='ocr_line' id='line_1_23' title="bbox 229 1938 1913 2006; baseline -0.002 -17"><span class='ocrx_word' id='word_1_191' title='bbox 229 1941 590 2001; x_wconf 85' lang='lat' dir='ltr'>Tertullianum,</span> <span class='ocrx_word' id='word_1_192' title='bbox 648 1950 895 2006; x_wconf 89' lang='lat' dir='ltr'>postquam</span> <span class='ocrx_word' id='word_1_193' title='bbox 938 1940 988 1985; x_wconf 88' lang='lat' dir='ltr'>in</span> <span class='ocrx_word' id='word_1_194' title='bbox 1034 1939 1419 1985; x_wconf 88' lang='lat' dir='ltr'>Montanistarum</span> <span class='ocrx_word' id='word_1_195' title='bbox 1456 1938 1665 1986; x_wconf 86' lang='lat' dir='ltr'>haeresim</span> <span class='ocrx_word' id='word_1_196' title='bbox 1710 1938 1913 2004; x_wconf 90' lang='lat' dir='ltr'>dilapsus</span> 
     </span>
     <span class='ocr_line' id='line_1_24' title="bbox 228 2014 1914 2080; baseline -0.003 -15"><span class='ocrx_word' id='word_1_197' title='bbox 228 2027 347 2066; x_wconf 82' lang='lat' dir='ltr'>esset</span> <span class='ocrx_word' id='word_1_198' title='bbox 369 2016 463 2080; x_wconf 79' lang='lat'>(2),</span> <span class='ocrx_word' id='word_1_199' title='bbox 498 2034 604 2063; x_wconf 91' lang='lat' dir='ltr'>cum</span> <span class='ocrx_word' id='word_1_200' title='bbox 639 2017 697 2063; x_wconf 89' lang='lat' dir='ltr'>ad</span> <span class='ocrx_word' id='word_1_201' title='bbox 726 2016 936 2063; x_wconf 82' lang='lat' dir='ltr'>Ecclesiae</span> <span class='ocrx_word' id='word_1_202' title='bbox 962 2014 1139 2061; x_wconf 90' lang='lat' dir='ltr'>bonum</span> <span class='ocrx_word' id='word_1_203' title='bbox 1167 2014 1249 2061; x_wconf 88' lang='lat' dir='ltr'>has</span> <span class='ocrx_word' id='word_1_204' title='bbox 1282 2014 1433 2062; x_wconf 88' lang='lat' dir='ltr'>claves</span> <span class='ocrx_word' id='word_1_205' title='bbox 1469 2015 1675 2062; x_wconf 87' lang='lat' dir='ltr'>Christus</span> <span class='ocrx_word' id='word_1_206' title='bbox 1706 2016 1846 2062; x_wconf 86' lang='lat' dir='ltr'>Petro</span> <span class='ocrx_word' id='word_1_207' title='bbox 1867 2024 1914 2060; x_wconf 91' lang='lat' dir='ltr'>et</span> 
     </span>
     <span class='ocr_line' id='line_1_25' title="bbox 228 2090 1913 2159; baseline -0.004 -18"><span class='ocrx_word' id='word_1_208' title='bbox 228 2094 459 2159; x_wconf 86' lang='lat' dir='ltr'>Apostolis</span> <span class='ocrx_word' id='word_1_209' title='bbox 483 2092 746 2141; x_wconf 83' lang='lat' dir='ltr'>contulerit.</span> <span class='ocrx_word' id='word_1_210' title='bbox 780 2093 842 2138; x_wconf 81' lang='lat' dir='ltr'>Ex</span> <span class='ocrx_word' id='word_1_211' title='bbox 872 2108 1029 2139; x_wconf 88' lang='lat' dir='ltr'>eorum</span> <span class='ocrx_word' id='word_1_212' title='bbox 1053 2090 1248 2155; x_wconf 89' lang='lat' dir='ltr'>proinde</span> <span class='ocrx_word' id='word_1_213' title='bbox 1271 2100 1454 2151; x_wconf 82' lang='lat' dir='ltr'>mente,</span> <span class='ocrx_word' id='word_1_214' title='bbox 1484 2109 1580 2137; x_wconf 83' lang='lat' dir='ltr'>non</span> <span class='ocrx_word' id='word_1_215' title='bbox 1604 2108 1723 2137; x_wconf 91' lang='lat' dir='ltr'>unus</span> <span class='ocrx_word' id='word_1_216' title='bbox 1749 2091 1913 2138; x_wconf 88' lang='lat' dir='ltr'>Petrus</span> 
     </span>
     <span class='ocr_line' id='line_1_26' title="bbox 226 2165 1911 2235; baseline -0.004 -18"><span class='ocrx_word' id='word_1_217' title='bbox 226 2179 275 2218; x_wconf 92' lang='lat' dir='ltr'>et</span> <span class='ocrx_word' id='word_1_218' title='bbox 295 2169 497 2235; x_wconf 87' lang='lat' dir='ltr'>Apostoli</span> <span class='ocrx_word' id='word_1_219' title='bbox 517 2177 796 2234; x_wconf 88' lang='lat' dir='ltr'>acceperunt</span> <span class='ocrx_word' id='word_1_220' title='bbox 819 2167 955 2214; x_wconf 89' lang='lat' dir='ltr'>hasce</span> <span class='ocrx_word' id='word_1_221' title='bbox 980 2167 1152 2226; x_wconf 87' lang='lat' dir='ltr'>claves,</span> <span class='ocrx_word' id='word_1_222' title='bbox 1171 2184 1330 2215; x_wconf 88' lang='lat' dir='ltr'>verum</span> <span class='ocrx_word' id='word_1_223' title='bbox 1348 2169 1484 2214; x_wconf 89' lang='lat' dir='ltr'>etiam</span> <span class='ocrx_word' id='word_1_224' title='bbox 1510 2166 1727 2227; x_wconf 86' lang='lat' dir='ltr'>Ecclesia,</span> <span class='ocrx_word' id='word_1_225' title='bbox 1745 2165 1793 2213; x_wconf 90' lang='lat' dir='ltr'>id</span> <span class='ocrx_word' id='word_1_226' title='bbox 1817 2174 1911 2224; x_wconf 87' lang='lat' dir='ltr'>est,</span> 
     </span>
     <span class='ocr_line' id='line_1_27' title="bbox 227 2242 1912 2311; baseline -0.002 -19"><span class='ocrx_word' id='word_1_227' title='bbox 227 2262 391 2311; x_wconf 88' lang='lat' dir='ltr'>corpus</span> <span class='ocrx_word' id='word_1_228' title='bbox 416 2246 746 2311; x_wconf 90' lang='lat' dir='ltr'>Episcoporum</span> <span class='ocrx_word' id='word_1_229' title='bbox 763 2279 775 2302; x_wconf 86' lang='lat'>,</span> <span class='ocrx_word' id='word_1_230' title='bbox 810 2252 860 2289; x_wconf 89' lang='lat' dir='ltr'>ut</span> <span class='ocrx_word' id='word_1_231' title='bbox 888 2261 971 2308; x_wconf 89' lang='lat' dir='ltr'>per</span> <span class='ocrx_word' id='word_1_232' title='bbox 993 2260 1071 2291; x_wconf 91' lang='lat' dir='ltr'>eas</span> <span class='ocrx_word' id='word_1_233' title='bbox 1099 2242 1299 2290; x_wconf 89' lang='lat' dir='ltr'>filiorum</span> <span class='ocrx_word' id='word_1_234' title='bbox 1326 2261 1514 2291; x_wconf 88' lang='lat' dir='ltr'>suorum</span> <span class='ocrx_word' id='word_1_235' title='bbox 1536 2242 1753 2302; x_wconf 87' lang='lat' dir='ltr'>crimina,</span> <span class='ocrx_word' id='word_1_236' title='bbox 1783 2258 1912 2307; x_wconf 50' lang='lat' dir='ltr'>quae‘</span> 
     </span>
    </p>
   </div>
   <div class='ocr_carea' id='block_1_3' title="bbox 232 2469 1906 2525">
    <p class='ocr_par' dir='ltr' id='par_1_3' title="bbox 232 2469 1906 2525">
     <span class='ocr_line' id='line_1_28' title="bbox 232 2469 1906 2525; baseline -0.001 -16"><span class='ocrx_word' id='word_1_237' title='bbox 232 2473 279 2522; x_wconf 77' lang='lat'>14</span> <span class='ocrx_word' id='word_1_238' title='bbox 305 2480 340 2511; x_wconf 89' lang='lat' dir='ltr'>et</span> <span class='ocrx_word' id='word_1_239' title='bbox 364 2470 410 2511; x_wconf 84' lang='lat'>15</span> <span class='ocrx_word' id='word_1_240' title='bbox 426 2502 436 2520; x_wconf 91' lang='lat'>,</span> <span class='ocrx_word' id='word_1_241' title='bbox 465 2472 602 2525; x_wconf 88' lang='lat' dir='ltr'>quibus</span> <span class='ocrx_word' id='word_1_242' title='bbox 630 2479 744 2510; x_wconf 84' lang='lat' dir='ltr'>totum</span> <span class='ocrx_word' id='word_1_243' title='bbox 768 2470 1027 2509; x_wconf 86' lang='lat' dir='ltr'>Rieherianum</span> <span class='ocrx_word' id='word_1_244' title='bbox 1094 2479 1205 2509; x_wconf 73' lang='lat' dir='ltr'>classe</span> <span class='ocrx_word' id='word_1_245' title='bbox 1218 2472 1375 2522; x_wconf 87' lang='lat' dir='ltr'>priorem</span> <span class='ocrx_word' id='word_1_246' title='bbox 1396 2472 1615 2509; x_wconf 83' lang='lat' dir='ltr'>sententiam</span> <span class='ocrx_word' id='word_1_247' title='bbox 1633 2470 1705 2520; x_wconf 89' lang='lat' dir='ltr'>,de</span> <span class='ocrx_word' id='word_1_248' title='bbox 1715 2469 1906 2509; x_wconf 86' lang='lat' dir='ltr'>collatione</span> 
     </span>
    </p>
   </div>
   <div class='ocr_carea' id='block_1_4' title="bbox 222 2535 1903 2719">
    <p class='ocr_par' dir='ltr' id='par_1_4' title="bbox 222 2535 1903 2719">
     <span class='ocr_line' id='line_1_29' title="bbox 225 2535 1903 2590; baseline -0.002 -16"><span class='ocrx_word' id='word_1_249' title='bbox 225 2544 385 2590; x_wconf 79' lang='lat' dir='ltr'>systema</span> <span class='ocrx_word' id='word_1_250' title='bbox 409 2539 483 2587; x_wconf 84' lang='lat' dir='ltr'>ipse</span> <span class='ocrx_word' id='word_1_251' title='bbox 507 2536 652 2575; x_wconf 85' lang='lat' dir='ltr'>evolvit.</span> <span class='ocrx_word' id='word_1_252' title='bbox 1094 2536 1251 2575; x_wconf 85' lang='lat' dir='ltr'>clavium</span> <span class='ocrx_word' id='word_1_253' title='bbox 1266 2536 1361 2574; x_wconf 85' lang='lat' dir='ltr'>facta</span> <span class='ocrx_word' id='word_1_254' title='bbox 1376 2535 1482 2575; x_wconf 88' lang='lat' dir='ltr'>Petro</span> <span class='ocrx_word' id='word_1_255' title='bbox 1498 2536 1712 2576; x_wconf 83' lang='lat' dir='ltr'>immediate</span> <span class='ocrx_word' id='word_1_256' title='bbox 1724 2550 1744 2574; x_wconf 83' lang='lat' dir='ltr'>a</span> <span class='ocrx_word' id='word_1_257' title='bbox 1757 2535 1903 2574; x_wconf 88' lang='lat' dir='ltr'>Christo</span> 
     </span>
     <span class='ocr_line' id='line_1_30' title="bbox 281 2599 1903 2655; baseline -0.001 -18"><span class='ocrx_word' id='word_1_258' title='bbox 281 2600 333 2652; x_wconf 92' lang='grc'>(1)</span> <span class='ocrx_word' id='word_1_259' title='bbox 366 2599 429 2639; x_wconf 88' lang='lat' dir='ltr'>De</span> <span class='ocrx_word' id='word_1_260' title='bbox 451 2601 619 2653; x_wconf 80' lang='lat' dir='ltr'>pudicit.</span> <span class='ocrx_word' id='word_1_261' title='bbox 644 2615 725 2653; x_wconf 89' lang='lat' dir='ltr'>cap.</span> <span class='ocrx_word' id='word_1_262' title='bbox 760 2613 826 2649; x_wconf 86' lang='lat'>21,</span> <span class='ocrx_word' id='word_1_263' title='bbox 850 2601 938 2639; x_wconf 89' lang='lat' dir='ltr'>edit.</span> <span class='ocrx_word' id='word_1_264' title='bbox 964 2600 1028 2639; x_wconf 91' lang='lat' dir='ltr'>Ri-</span> <span class='ocrx_word' id='word_1_265' title='bbox 1092 2602 1276 2648; x_wconf 87' lang='lat' dir='ltr'>Domino,</span> <span class='ocrx_word' id='word_1_266' title='bbox 1310 2603 1375 2641; x_wconf 91' lang='lat' dir='ltr'>sed</span> <span class='ocrx_word' id='word_1_267' title='bbox 1405 2603 1550 2651; x_wconf 90' lang='lat' dir='ltr'>solum,</span> <span class='ocrx_word' id='word_1_268' title='bbox 1581 2611 1770 2655; x_wconf 87' lang='lat' dir='ltr'>postquam</span> <span class='ocrx_word' id='word_1_269' title='bbox 1794 2599 1903 2637; x_wconf 83' lang='lat' dir='ltr'>Mon—</span> 
     </span>
     <span class='ocr_line' id='line_1_31' title="bbox 222 2664 1901 2719; baseline -0.001 -15"><span class='ocrx_word' id='word_1_270' title='bbox 222 2666 301 2719; x_wconf 84' lang='lat' dir='ltr'>gal.</span> <span class='ocrx_word' id='word_1_271' title='bbox 326 2680 362 2717; x_wconf 93' lang='lat' dir='ltr'>p.</span> <span class='ocrx_word' id='word_1_272' title='bbox 384 2664 477 2718; x_wconf 73' lang='grc'><strong>574.</strong></span> <span class='ocrx_word' id='word_1_273' title='bbox 1093 2666 1225 2705; x_wconf 81' lang='lat' dir='ltr'>tanista</span> <span class='ocrx_word' id='word_1_274' title='bbox 1259 2667 1412 2706; x_wconf 80' lang='lat' dir='ltr'>effectus</span> <span class='ocrx_word' id='word_1_275' title='bbox 1441 2676 1519 2715; x_wconf 90' lang='lat' dir='ltr'>est,</span> <span class='ocrx_word' id='word_1_276' title='bbox 1546 2675 1777 2711; x_wconf 82' lang='lat' dir='ltr'>retractasse,</span> <span class='ocrx_word' id='word_1_277' title='bbox 1801 2665 1901 2716; x_wconf 87' lang='lat' dir='ltr'>quod</span> 
     </span>
    </p>
   </div>
   <div class='ocr_carea' id='block_1_5' title="bbox 219 2728 1899 3044">
    <p class='ocr_par' dir='ltr' id='par_1_5' title="bbox 219 2728 1899 3044">
     <span class='ocr_line' id='line_1_32' title="bbox 274 2728 1899 2782; baseline -0.001 -14"><span class='ocrx_word' id='word_1_278' title='bbox 274 2730 344 2780; x_wconf 73' lang='lat'><strong>(2).</strong></span> <span class='ocrx_word' id='word_1_279' title='bbox 364 2730 442 2770; x_wconf 86' lang='lat' dir='ltr'>Cfr.</span> <span class='ocrx_word' id='word_1_280' title='bbox 465 2730 601 2769; x_wconf 85' lang='lat' dir='ltr'>Christ.</span> <span class='ocrx_word' id='word_1_281' title='bbox 621 2730 744 2782; x_wconf 85' lang='lat' dir='ltr'>Lupus</span> <span class='ocrx_word' id='word_1_282' title='bbox 760 2760 770 2777; x_wconf 86' lang='lat'>‚</span> <span class='ocrx_word' id='word_1_283' title='bbox 787 2732 825 2769; x_wconf 84' lang='lat' dir='ltr'>in</span> <span class='ocrx_word' id='word_1_284' title='bbox 844 2745 926 2770; x_wconf 88' lang='lat' dir='ltr'>can.</span> <span class='ocrx_word' id='word_1_285' title='bbox 948 2745 1025 2770; x_wconf 68' lang='lat' dir='ltr'>xix,</span> <span class='ocrx_word' id='word_1_286' title='bbox 1093 2740 1198 2770; x_wconf 86' lang='lat' dir='ltr'>antea</span> <span class='ocrx_word' id='word_1_287' title='bbox 1226 2731 1474 2780; x_wconf 82' lang='lat' dir='ltr'>adstruxerat,</span> <span class='ocrx_word' id='word_1_288' title='bbox 1512 2732 1660 2771; x_wconf 78' lang='lat' dir='ltr'>collatas</span> <span class='ocrx_word' id='word_1_289' title='bbox 1687 2743 1763 2769; x_wconf 84' lang='lat' dir='ltr'>esse</span> <span class='ocrx_word' id='word_1_290' title='bbox 1795 2728 1899 2767; x_wconf 81' lang='lat' dir='ltr'>Petro</span> 
     </span>
     <span class='ocr_line' id='line_1_33' title="bbox 219 2793 1896 2849; baseline -0.001 -16"><span class='ocrx_word' id='word_1_291' title='bbox 219 2796 374 2833; x_wconf 75' lang='lat' dir='ltr'>Dictati</span> <span class='ocrx_word' id='word_1_292' title='bbox 400 2796 523 2833; x_wconf 78' lang='lat' dir='ltr'>sancti</span> <span class='ocrx_word' id='word_1_293' title='bbox 557 2793 736 2846; x_wconf 75' lang='lat' dir='ltr'>Greqorii</span> <span class='ocrx_word' id='word_1_294' title='bbox 765 2809 814 2832; x_wconf 86' lang='lat' dir='ltr'>vn</span> <span class='ocrx_word' id='word_1_295' title='bbox 836 2826 845 2842; x_wconf 92' lang='lat'>‚</span> <span class='ocrx_word' id='word_1_296' title='bbox 871 2805 939 2835; x_wconf 83' lang='lat' dir='ltr'>art.</span> <span class='ocrx_word' id='word_1_297' title='bbox 977 2795 1027 2846; x_wconf 71' lang='grc'>4,</span> <span class='ocrx_word' id='word_1_298' title='bbox 1093 2797 1210 2834; x_wconf 87' lang='lat' dir='ltr'>claves</span> <span class='ocrx_word' id='word_1_299' title='bbox 1239 2811 1324 2834; x_wconf 87' lang='lat' dir='ltr'>cum</span> <span class='ocrx_word' id='word_1_300' title='bbox 1346 2796 1427 2849; x_wconf 84' lang='lat' dir='ltr'>jure</span> <span class='ocrx_word' id='word_1_301' title='bbox 1455 2798 1638 2843; x_wconf 83' lang='lat' dir='ltr'>traducis,</span> <span class='ocrx_word' id='word_1_302' title='bbox 1666 2797 1717 2832; x_wconf 89' lang='lat' dir='ltr'>ita</span> <span class='ocrx_word' id='word_1_303' title='bbox 1742 2802 1782 2832; x_wconf 90' lang='lat' dir='ltr'>ut</span> <span class='ocrx_word' id='word_1_304' title='bbox 1814 2809 1896 2833; x_wconf 93' lang='lat' dir='ltr'>mo-</span> 
     </span>
     <span class='ocr_line' id='line_1_34' title="bbox 219 2859 1899 2913; baseline 0.001 -16"><span class='ocrx_word' id='word_1_305' title='bbox 219 2859 282 2898; x_wconf 89' lang='lat' dir='ltr'>ubi</span> <span class='ocrx_word' id='word_1_306' title='bbox 311 2861 479 2911; x_wconf 80' lang='lat' dir='ltr'>patefacit</span> <span class='ocrx_word' id='word_1_307' title='bbox 501 2859 636 2898; x_wconf 87' lang='lat' dir='ltr'>malam</span> <span class='ocrx_word' id='word_1_308' title='bbox 666 2860 823 2912; x_wconf 79' lang='lat' dir='ltr'>Launoji</span> <span class='ocrx_word' id='word_1_309' title='bbox 855 2861 965 2900; x_wconf 87' lang='lat' dir='ltr'>fidem</span> <span class='ocrx_word' id='word_1_310' title='bbox 989 2864 1029 2899; x_wconf 89' lang='lat' dir='ltr'>in</span> <span class='ocrx_word' id='word_1_311' title='bbox 1093 2863 1208 2900; x_wconf 86' lang='lat' dir='ltr'>riente</span> <span class='ocrx_word' id='word_1_312' title='bbox 1235 2862 1340 2901; x_wconf 84' lang='lat' dir='ltr'>Petro</span> <span class='ocrx_word' id='word_1_313' title='bbox 1375 2864 1583 2901; x_wconf 86' lang='lat' dir='ltr'>transierint</span> <span class='ocrx_word' id='word_1_314' title='bbox 1608 2862 1725 2899; x_wconf 81' lang='lat' dir='ltr'>claves</span> <span class='ocrx_word' id='word_1_315' title='bbox 1746 2861 1790 2898; x_wconf 90' lang='lat' dir='ltr'>ad</span> <span class='ocrx_word' id='word_1_316' title='bbox 1819 2863 1899 2913; x_wconf 76' lang='lat' dir='ltr'>ejus</span> 
     </span>
     <span class='ocr_line' id='line_1_35' title="bbox 219 2925 1893 2979; baseline -0.001 -16"><span class='ocrx_word' id='word_1_317' title='bbox 219 2926 416 2965; x_wconf 84' lang='lat' dir='ltr'>referendis</span> <span class='ocrx_word' id='word_1_318' title='bbox 427 2926 641 2966; x_wconf 88' lang='lat' dir='ltr'>Tertulliani</span> <span class='ocrx_word' id='word_1_319' title='bbox 655 2929 889 2975; x_wconf 87' lang='lat' dir='ltr'>testimoniis,</span> <span class='ocrx_word' id='word_1_320' title='bbox 903 2937 1024 2966; x_wconf 89' lang='lat' dir='ltr'>osten·</span> <span class='ocrx_word' id='word_1_321' title='bbox 1090 2939 1325 2967; x_wconf 84' lang='lat' dir='ltr'>successores.</span> <span class='ocrx_word' id='word_1_322' title='bbox 1349 2927 1443 2979; x_wconf 90' lang='lat' dir='ltr'>Opp.</span> <span class='ocrx_word' id='word_1_323' title='bbox 1474 2927 1561 2965; x_wconf 86' lang='lat' dir='ltr'>edit.</span> <span class='ocrx_word' id='word_1_324' title='bbox 1592 2925 1723 2966; x_wconf 86' lang='lat' dir='ltr'>Venet.</span> <span class='ocrx_word' id='word_1_325' title='bbox 1744 2932 1838 2965; x_wconf 90' lang='lat' dir='ltr'>tom.</span> <span class='ocrx_word' id='word_1_326' title='bbox 1856 2938 1893 2973; x_wconf 84' lang='lat' dir='ltr'>v,</span> 
     </span>
     <span class='ocr_line' id='line_1_36' title="bbox 219 2990 1460 3044; baseline 0.001 -16"><span class='ocrx_word' id='word_1_327' title='bbox 219 2990 344 3043; x_wconf 83' lang='lat' dir='ltr'>ditque</span> <span class='ocrx_word' id='word_1_328' title='bbox 361 3020 371 3038; x_wconf 96' lang='lat'><strong><em>‚</em></strong></span> <span class='ocrx_word' id='word_1_329' title='bbox 400 3006 589 3044; x_wconf 88' lang='lat' dir='ltr'>nunquam</span> <span class='ocrx_word' id='word_1_330' title='bbox 619 2992 888 3031; x_wconf 86' lang='lat' dir='ltr'>Tertullianum</span> <span class='ocrx_word' id='word_1_331' title='bbox 922 3002 1027 3031; x_wconf 86' lang='lat' dir='ltr'>retra·</span> <span class='ocrx_word' id='word_1_332' title='bbox 1091 3004 1172 3043; x_wconf 81' lang='lat' dir='ltr'>pag.</span> <span class='ocrx_word' id='word_1_333' title='bbox 1195 2991 1274 3044; x_wconf 87' lang='lat'>289</span> <span class='ocrx_word' id='word_1_334' title='bbox 1299 3002 1334 3031; x_wconf 87' lang='lat' dir='ltr'>et</span> <span class='ocrx_word' id='word_1_335' title='bbox 1358 3007 1460 3044; x_wconf 83' lang='lat' dir='ltr'>seqq.</span> 
     </span>
    </p>
   </div>
  </div>
 </body>
</html>
