2028 3354
253 180 347 229 432
728 201 884 229 TnAc'r.
924 203 977 230 nu
1013 201 1133 231 LOCIS
1168 205 1467 237 mnoioaims.

318 316 427 363 621.
468 316 529 360 Ac
567 315 617 360 1⁰
646 313 834 379 quidem
858 315 1298 380 animadvertimu8‚
1321 321 1441 369 hanc
1470 323 1831 381 controversiam
1853 326 1942 390 agi—

248 392 341 438 tari
379 389 436 437 de
469 406 686 454 suprema
733 391 1032 452 auctoritate,
1077 409 1159 439 seu
1197 402 1251 440 ul:
1287 406 1451 444 vocant
1489 402 1825 462 superioritate
1861 417 1942 448 seu

248 465 599 531 praeeminentia
630 483 749 513 rom.
790 467 1021 514 Pontificis
1057 469 1170 515 certi
1189 505 1201 528 a
1231 469 1423 533 legitimi
1450 491 1501 520 ac
1536 475 1766 534 viventis„
1802 493 1941 541 supra

248 539 506 589 Concilium
543 540 784 606 generale3
827 560 922 589 non
960 551 1118 590 autem
1148 545 1381 593 Pontificis
1420 547 1681 612 illegitimi,
1715 550 1844 598 dubii
1872 552 1941 615 (l)

245 625 326 664 aut
353 616 573 666 defuncti.

313 693 425 740 622.
466 695 519 738 20
545 693 973 743 Animadvertimus
990 732 1003 755 7
1027 695 1101 743 hic
1118 714 1213 744 non
1244 700 1313 761 agi
1333 698 1390 746 de
1408 699 1610 749 Concilio
1631 705 1942 763 oecumenico,

245 770 317 816 cui
350 769 617 834 pr-aesederit
658 788 775 817 rom.
817 771 1028 819 Pontifex
1062 781 1143 818 aut
1175 791 1259 837 per
1295 792 1341 821 se
1372 784 1452 821 aut
1482 794 1565 840 per
1595 777 1769 843 legatos
1800 798 1938 840 suos,

246 844 463 910 quodque
503 846 602 911 ipse
641 848 1015 906 confirmaverit3
1056 847 1142 894 hac
1174 849 1300 896 enim
1338 852 1517 899 ratione
1563 855 1769 919 exposita
1801 856 1943 904 thesis

242 921 429 969 nullum
464 940 652 969 sensum
686 921 907 981 haberet,
951 923 1145 988 perinde
1180 926 1303 972 enim
1346 937 1467 974 esset
1506 938 1645 995 atque
1677 930 1941 992 adstruere,

242 1015 360 1046 rom.
389 999 659 1046 Pontificem
677 1034 689 1057 ,
719 1015 744 1044 a
763 1016 856 1063 quo
879 1016 1069 1046 omnem
1092 1000 1362 1048 firmitatem
1380 1038 1393 1061 7
1418 1013 1472 1049 ut
1496 1005 1635 1069 paulo
1655 1016 1761 1072 post
1784 1015 1945 1055 osten—

234 1076 438 1139 demus,
481 1078 715 1142 accipiunt
761 1077 1074 1124 Conciliorum
1119 1076 1333 1137 decreta,
1376 1096 1473 1128 esse
1512 1082 1600 1129 sibi
1641 1086 1941 1150 superiorem.

243 1152 379 1213 Quod
417 1153 455 1199 si
480 1152 662 1201 decreta
680 1190 693 1213 7
724 1154 961 1218 pontificia
983 1154 1258 1201 auctoritate
1285 1155 1468 1202 firmata
1486 1192 1499 1215 ,
1535 1159 1633 1206 vim
1654 1160 1854 1224 liabent,
1877 1164 1946 1210 uti

243 1229 460 1278 nonnulli
495 1230 794 1290 existimant,
836 1230 895 1277 ad
935 1229 1197 1294 cogendum
1234 1231 1392 1296 ipsum
1422 1233 1722 1295 Pontificem,
1762 1238 1810 1284 id
1845 1257 1942 1286 non

238 1308 486 1356 intrinseca
505 1343 517 1366 ,
552 1317 604 1354 ut
639 1308 704 1354 ita
725 1306 876 1354 dicam
893 1344 905 1366 ,
928 1324 1091 1354 eorum
1110 1308 1286 1356 virtute
1306 1309 1523 1373 provenit
1539 1346 1551 1368 a
1587 1311 1666 1359 sed
1688 1311 1745 1358 ab
1762 1320 1941 1360 extrin—

238 1402 360 1443 seca,
392 1383 451 1430 ab
475 1384 626 1431 altiori
668 1383 839 1431 scilicet
861 1383 1062 1432 naturali
1080 1384 1334 1449 divinoque
1355 1388 1485 1446 jure,
1522 1387 1589 1433 uti
1607 1386 1838 1453 explicant
1861 1392 1943 1455 qui

236 1462 300 1510 ita
321 1462 531 1510 sentiunt
560 1462 654 1525 (2);
682 1460 757 1507 alii
789 1461 963 1526 quippe
981 1471 1192 1521 censent,
1227 1461 1539 1509 Conciliorum
1568 1464 1706 1511 etiam
1739 1482 1942 1514 oecume-

238 1539 451 1586 nicorum
479 1555 679 1585 canones
713 1547 760 1584 et
791 1537 974 1584 decreta
998 1537 1339 1602 disciplinali-ia,
1371 1537 1430 1585 de
1460 1538 1627 1603 quibus
1662 1549 1844 1588 tantum
1873 1551 1943 1589 est

238 1632 393 1664 sermo
409 1651 421 1675 ,
445 1632 688 1680 nunquam
711 1613 883 1661 habere
915 1615 963 1661 in
985 1614 1231 1661 Pontifices
1255 1616 1350 1663 vim
1371 1620 1659 1673 coactivam,
1688 1617 1769 1665 sed
1792 1617 1943 1665 solum

236 1694 524 1741 directz'vam
550 1692 634 1757 (3).
671 1693 831 1756 Itaque
870 1692 1186 1738 controversia
1232 1701 1448 1740 movetur
1483 1693 1541 1740 de
1574 1693 1766 1741 relativa
1800 1712 1943 1760 supe-

236 1770 443 1817 rioritate
472 1787 591 1816 rom.
644 1768 876 1816 Pontificis
913 1785 1121 1815 seorsum
1151 1770 1325 1834 sumpti
1364 1787 1503 1835 supra
1534 1771 1790 1817 Concilium
1812 1789 1939 1819 seor-

237 1863 341 1893 sum
363 1846 539 1910 pariter
571 1853 830 1911 spectatum
857 1862 882 1891 a
906 1862 1027 1891 rom.
1059 1845 1305 1904 Pontifice3
1346 1846 1409 1892 sic
1446 1846 1573 1892 enim
1597 1864 1699 1893 eam
1719 1849 1939 1912 proponit

237 1921 413 1969 Natalis
449 1921 737 1981 Alexander,
775 1931 991 1968 strenuus
1025 1923 1266 1970 sententiae
1304 1923 1362 1970 de
1394 1924 1716 1988 superioritate
1750 1924 1941 1971 Concilii

236 2015 375 2064 supra
411 1998 681 2046 Pontificem
703 2007 1022 2063 propugnator
1050 1998 1150 2061 (4);
1186 1999 1322 2061 hujus
1342 2001 1469 2047 enim
1494 1999 1717 2048 doctrinae
1750 2001 1940 2065 patroni

236 2083 512 2134 autumant,
538 2092 656 2122 rom.
693 2075 883 2140 quidem
918 2075 1187 2123 Pontificem
1217 2076 1503 2141 superiorem
1534 2093 1657 2134 esse,
1691 2092 1748 2122 ex
1780 2075 1938 2125 divina

292 2229 344 2279 (l)
377 2227 459 2280 Quo
473 2229 512 2265 in
536 2241 620 2266 casu
648 2241 783 2265 munus
804 2227 960 2266 Concilii
988 2230 1054 2266 erit

237 2299 385 2334 tantum
398 2295 584 2346 inquirere
600 2295 639 2331 in
657 2293 848 2346 qualitates
867 2295 1051 2332 conditio-

236 2374 374 2413 nesque
396 2360 585 2398 electionis
602 2390 612 2408 ‚
640 2361 731 2412 quin
753 2368 919 2397 exerceat
937 2359 1052 2398 ullam

235 2430 451 2476 potestatem
480 2440 543 2464 seu
572 2426 828 2464 auctoritatem
863 2426 903 2462 in
932 2425 1050 2463 detri-

236 2500 405 2528 mentum
414 2492 638 2528 auctoritatis
648 2490 860 2541 pontificiae‚
872 2492 912 2529 in
923 2504 1050 2542 quam,

236 2563 276 2594 ut
294 2553 505 2594 videbimus
523 2585 533 2602 ‚
557 2556 765 2595 Concilium
791 2556 884 2593 nihil
907 2564 1039 2607 potest.

292 2621 342 2672 (2)
371 2619 426 2658 Ita
449 2620 665 2660 Ballerinius
679 2651 689 2668 ‚
718 2623 757 2659 in
771 2635 834 2673 op.
852 2620 914 2659 De
921 2629 1050 2673 poles-

235 2693 309 2724 tate
332 2684 587 2724 ecclesiastica
604 2716 614 2733 ‚
642 2702 724 2739 cap.
752 2687 791 2725 3.

288 2751 340 2804 (3)
370 2750 448 2790 Cfr.
484 2751 662 2803 Bolgeni,
698 2765 759 2802 op.
786 2754 849 2791 cit.
877 2766 960 2805 cap.
996 2752 1046 2804 4,

235 2827 306 2859 art.
337 2832 360 2857 2
377 2847 389 2864 ,
418 2819 597 2868 praecipue
622 2831 706 2854 vero
728 2816 836 2855 Card.
867 2817 976 2866 Orsi,
999 2821 1049 2857 'in

236 2898 298 2936 op.
332 2883 396 2922 De
425 2896 521 2921 rom.
560 2879 761 2933 Pontifiois
794 2885 1017 2922 auctoritate
1035 2913 1045 2931 ‚

234 2950 302 2989 lib.
327 2962 379 2989 vn
393 2975 405 2996 ,
428 2961 511 2999 cap.
535 2946 561 2997 4
576 2955 612 2986 et
631 2961 734 3000 seqq.
754 2947 818 2986 ubi
836 2949 1047 3000 plenissime

234 3015 306 3054 hoc
326 3021 584 3066 argumentum
603 3014 744 3053 evolvit.

1175 2228 1224 2278 (14)
1256 2228 1353 2267 Diss.
1381 2242 1439 2276 iv,
1461 2242 1533 2266 sec.
1560 2242 1606 2265 xv
1632 2233 1669 2267 et
1697 2241 1782 2275 xw,
1806 2236 1878 2267 art.
1904 2227 1940 2276 3,

1120 2293 1140 2346 §
1163 2293 1185 2331 3
1200 2324 1210 2342 ,
1236 2294 1301 2332 ubi
1323 2307 1432 2345 agens
1454 2294 1500 2332 de
1516 2294 1668 2332 decretis
1693 2292 1782 2331 sess'.
1802 2305 1839 2332 lv
1868 2302 1902 2332 et
1921 2309 1942 2332 v

1118 2359 1565 2398 eonciliiConstantiensis
1579 2390 1588 2407 ,
1603 2361 1733 2398 nititur
1746 2359 1936 2398 ostendere

1117 2424 1291 2462 adversus
1306 2423 1547 2471 Schelstrate‚
1572 2425 1628 2475 agi
1643 2427 1681 2463 in
1696 2424 1767 2462 illis
1788 2424 1940 2463 decretis

1116 2492 1162 2530 de
1199 2489 1367 2529 Concilio
1393 2502 1562 2527 seorsum
1601 2497 1751 2543 sumpto
1786 2505 1806 2529 a
1841 2503 1934 2527 rom.

1116 2555 1298 2594 Pontifice
1314 2586 1324 2603 ‚
1362 2564 1395 2593 et
1428 2558 1488 2593 cui
1513 2555 1683 2595 Pontifex
1709 2554 1932 2593 collaborare

1114 2620 1251 2669 nollet,
1282 2623 1436 2673 ejusque
1455 2620 1649 2659 mandatis
1663 2633 1830 2673 parere5
1855 2620 1931 2657 imo

1115 2689 1340 2725 contrarium
1372 2700 1521 2724 sensum
1549 2686 1663 2725 veluti
1688 2684 1931 2735 nugatorium

1114 2766 1157 2790 ac
1175 2751 1387 2790 ridiculum
1409 2751 1590 2790 traducit.
1616 2751 1694 2789 Gfr.
1711 2751 1821 2787 etiam
1843 2748 1925 2787 Bel-

1112 2817 1261 2855 larmin.
1291 2814 1350 2856 Dc
1376 2815 1553 2864 Ecclesia
1573 2821 1609 2853 et
1630 2813 1746 2853 Cone.
1775 2813 1843 2852 lib.
1871 2825 1922 2863 11,

1113 2895 1194 2933 cap.
1235 2883 1279 2921 13
1296 2912 1306 2930 ,
1334 2897 1375 2921 n.
1401 2880 1427 2931 4
1451 2890 1485 2920 et
1507 2895 1611 2933 seqq.
1638 2893 1723 2919 cum
1755 2880 1924 2919 vindiciis
1945 2879 1950 2884 ’

1112 2947 1372 2987 Erbermanni.
