2028 3354
1774 158 1838 204 29

445 174 569 202 PART.
607 173 636 201 1.
677 171 770 203 CAP.
808 173 860 201 11.
891 172 946 202 DE
981 170 1152 202 CHRISTI
1186 171 1304 203 EGCL.
1342 171 1539 203 CONSTIT.

160 295 210 333 ut
230 286 288 332 ad
304 284 515 331 intimam
533 292 673 348 atque
696 283 987 331 essentialem
1013 282 1218 347 ejusdem
1231 282 1439 332 Ecclesiae
1456 283 1837 334 constitutionem

158 379 244 409 nee
274 379 371 407 non
398 359 457 406 ad
479 359 622 424 ipsius
652 359 851 406 formam
874 359 973 423 (1),
1006 368 1057 405 ut
1092 368 1290 419 vocant⁷
1322 360 1594 409 exteriorem
1624 372 1836 410 accurato

159 438 369 485 examine
388 435 745 500 expendendam
777 435 1062 482 accedamus.
1097 436 1271 483 Passim
1301 434 1547 482 Ecclesiam
1569 438 1835 485 societatem

158 512 527 577 nuncupavimus
550 529 574 558 a
600 511 780 558 Christo
801 512 1079 558 institutam.
1106 513 1214 558 Haec
1234 528 1373 575 porro
1388 512 1613 558 societatis
1633 513 1762 561 notio
1787 515 1836 561 in

156 589 290 637 nobis
312 591 480 636 excitat
501 589 653 637 ideam
678 588 880 653 corporis
906 588 1116 645 moralis,
1149 604 1229 634 seu
1256 587 1441 634 moralis
1464 605 1700 652 personae,
1730 609 1832 657 quae

156 665 380 713 adinstar
399 666 602 713 hominis
626 682 705 712 seu
733 662 959 710 individui
989 662 1183 708 humani
1207 662 1409 709 viventis
1429 672 1533 726 agat
1558 675 1697 730 atque
1720 685 1834 733 ope„

156 751 300 789 retur.
343 743 390 788 Si
419 741 478 788 de
517 740 723 806 qualibet
757 738 959 785 humana
997 738 1212 785 societate
1251 737 1503 787 haberetur
1535 758 1713 802 sermo,
1759 745 1834 792 hic

155 818 412 865 sistendum
435 817 553 864 foret
571 852 583 874 ,
614 831 718 861 cum
736 813 834 860 haec
852 813 955 861 idea
978 815 1087 861 satis
1115 814 1333 862 foecunda
1354 816 1439 875 sit,
1466 834 1644 882 nosque
1671 829 1833 884 suapte

155 903 319 941 natura
339 892 476 939 ducat
492 892 549 938 ad
568 889 907 952 agnoscendam
925 890 1130 937 animam
1154 908 1235 938 seu
1255 892 1539 958 principium
1558 893 1698 942 vitale
1718 899 1835 957 ejus-

154 969 261 1016 dem
287 967 507 1015 societatis
529 974 608 1012 aut
629 965 817 1013 moralis
844 983 1055 1031 personae
1069 1003 1082 1028 ‚
1112 985 1198 1033 per
1229 968 1352 1032 quod
1374 986 1477 1016 suas
1499 978 1657 1017 exerat
1680 971 1801 1019 vires
1818 1009 1830 1032 ,

153 1061 205 1091 ac
240 1051 422 1090 moveat
456 1042 652 1102 molem,
701 1045 827 1104 cujus
861 1043 1002 1090 vitale
1039 1044 1321 1109 principium
1359 1054 1446 1092 est.
1487 1047 1579 1093 Nos
1607 1055 1832 1112 praeterea

153 1119 292 1166 trahit
318 1118 414 1165 haec
442 1119 541 1182 ipsa
566 1118 668 1166 idea
698 1119 757 1165 ad
785 1118 1126 1167 admittendam
1166 1122 1367 1167 formam
1405 1123 1710 1182 exteriorem,
1750 1141 1833 1172 seu

148 1211 348 1259 corpus⁷
384 1193 510 1259 quod
537 1195 687 1260 capite
728 1211 780 1242 ac
828 1195 1050 1243 membris
1102 1205 1209 1261 apte
1254 1197 1379 1244 inter
1422 1215 1470 1244 se
1507 1197 1740 1264 dispositis
1783 1209 1832 1249 et

148 1278 271 1317 arcto
298 1287 422 1318 nexu
446 1272 712 1319 consociatis
749 1281 929 1319 constat
949 1309 961 1329 ,
992 1289 1192 1337 quorum
1222 1272 1405 1323 diversa
1442 1276 1603 1322 munia
1646 1277 1741 1323 sint
1780 1294 1833 1324 ac

148 1346 318 1406 officia3
350 1357 453 1395 tum
475 1348 677 1413 denique
703 1366 788 1396 nos
818 1348 996 1396 inducit
1027 1349 1086 1397 ad
1105 1349 1321 1397 intimam
1348 1367 1400 1397 ac
1433 1360 1645 1399 mutuam
1664 1353 1831 1401 animae

147 1433 194 1471 et
234 1426 435 1490 corporis
492 1425 899 1473 internoscendam
936 1427 1407 1475 communicationem
1458 1428 1555 1476 sive
1598 1446 1833 1478 commer-

148 1500 285 1547 cium.
321 1502 472 1565 Atque
502 1501 598 1549 haec
630 1502 822 1567 quidem
849 1503 1005 1549 omnia
1032 1505 1082 1549 in
1112 1504 1326 1551 societate
1352 1521 1378 1550 a
1405 1504 1589 1551 Christo
1619 1505 1831 1554 ,instituta

148 1577 404 1623 necessario
434 1576 619 1624 admitti
650 1577 848 1638 debent,
888 1595 992 1626 cum
1022 1580 1121 1626 sine
1155 1580 1209 1625 iis
1228 1615 1239 1637 ,
1275 1580 1669 1645 quemadmodum
1701 1582 1830 1630 nulla

151 1652 312 1700 vivens
342 1669 540 1717 persona
565 1653 836 1713 individua,
862 1654 924 1701 sic
948 1671 1034 1702 nee
1051 1654 1146 1701 ulla
1168 1672 1367 1720 persona
1390 1656 1577 1703 moralis
1615 1674 1696 1705 seu
1718 1653 1830 1723 pro—

149 1728 248 1792 prie
269 1728 388 1775 dicta
406 1728 595 1776 societas
621 1731 679 1777 sit
700 1739 778 1778 aut
796 1731 992 1794 intelligi
1016 1731 1176 1797 possit.

213 1802 291 1853 44.
332 1805 393 1851 Ac
423 1822 507 1852 nos
542 1804 730 1871 quidem
758 1806 833 1854 hic
855 1808 1015 1854 sistere
1041 1824 1315 1873 possumus,
1345 1825 1451 1855 cum
1483 1809 1639 1855 omnia
1663 1809 1832 1858 exinde

150 1878 430 1941 habeamus,
462 1899 564 1947 quae
597 1884 852 1930 necessaria
883 1893 991 1931 sunt
1028 1901 1079 1931 ac
1114 1884 1349 1932 sufficiunt
1380 1885 1441 1932 ad
1468 1902 1628 1933 veram
1662 1886 1832 1933 Christi

150 1957 396 2006 Ecclesiam
429 1959 816 2007 constituendam.
852 1961 957 2007 Non
994 1960 1246 2008 defuerunt
1282 1971 1443 2009 tamen
1466 1998 1478 2020 .,
1519 1962 1599 2027 qui
1638 1961 1830 2010 ulterius

151 2034 404 2098 progressi,
439 2034 527 2081 sibi
557 2036 607 2081 in
635 2035 830 2083 Ecclesia
871 2037 1125 2101 quamdam
1165 2037 1312 2085 veluti
1350 2039 1685 2086 Incarnationis
1719 2056 1832 2086 con-

150 2109 459 2158 tinuationem
501 2111 659 2159 videre
696 2112 781 2159 visi
819 2121 945 2167 sunt.
989 2114 1130 2160 Juxta
1164 2113 1248 2160 hos
1287 2113 1495 2161 Christus
1538 2115 1831 2162 Deus-homo

158 2184 299 2232 voluit
323 2187 372 2232 in
397 2204 448 2234 ea
477 2187 731 2252 perfectam
759 2188 828 2234 sui
854 2188 994 2252 ipsius
1023 2189 1272 2252 imaginem
1299 2207 1351 2236 ac
1380 2190 1733 2238 similitudinem
1764 2208 1834 2238 re—

152 2259 394 2325 linquere,
440 2265 490 2309 in
520 2280 613 2328 qua
648 2272 695 2310 et
723 2280 808 2328 per
849 2281 991 2329 quam
1031 2265 1231 2330 ipsemet
1283 2266 1441 2315 vivere
1481 2265 1829 2331 quodammodo

154 2409 331 2462 quilibre.
353 2412 405 2452 Ex
419 2413 559 2466 judicio
581 2414 735 2465 proinde
747 2414 859 2467 hujus
874 2405 960 2454 aue·¹
1024 2417 1215 2456 semialcm
1231 2417 1395 2469 ejusdem
1410 2419 1709 2459 constitutionem
1729 2450 1740 2468 ‚
1761 2423 1830 2459 mi·

1023 2483 1123 2520 nime
1140 2482 1371 2521 intendimus
1384 2483 1537 2523 alteram
1560 2485 1606 2524 ab
1626 2485 1737 2525 altera
1758 2486 1832 2525 dis-

1023 2561 1169 2598 pescere
1185 2562 1196 2598 3
1212 2562 1298 2586 cum
1310 2551 1418 2601 juxta
1430 2558 1648 2601 praesentem
1663 2552 1834 2591 Ecclesiae

1023 2621 1173 2661 statum,
1192 2614 1238 2652 de
1252 2628 1326 2666 quo
1335 2615 1561 2664 disserimus,
1576 2616 1834 2669 inseparabiles

1024 2680 1113 2718 sint.
1128 2678 1271 2719 Verum
1280 2668 1487 2732 significare
1506 2690 1649 2720 tantum
1665 2683 1835 2724 volumus

154 2480 238 2516 toris
249 2506 262 2526 ,
285 2481 349 2531 qui
372 2483 569 2520 acerrimus
591 2490 643 2519 est
657 2482 883 2521 adversarius
898 2497 959 2521 ca—

153 2544 371 2591 tholicismi‚
400 2552 437 2582 et
460 2549 546 2586 satis
564 2555 722 2586 versatus
745 2548 785 2586 in
812 2549 957 2599 scriptis

153 2610 478 2657 rationalistarum,
493 2624 534 2649 ex
548 2611 680 2664 quibus
693 2612 797 2664 plura
810 2621 957 2652 mutua-

158 2687 212 2716 lus
232 2686 285 2716 est
303 2691 345 2715 ac
366 2692 430 2716 sua
445 2679 530 2716 fecit
543 2707 553 2726 ‚
571 2687 691 2730 patet,
708 2682 957 2731 protestantis-

156 2757 259 2781 mum
284 2744 369 2782 ferri
386 2746 425 2782 in
446 2744 727 2784 destructionem
750 2745 956 2784 christianae

154 2809 352 2860 religionis.

212 2872 272 2925 (l)
301 2874 401 2913 Dum
434 2875 496 2915 hic
531 2889 863 2917 commemoramus
898 2890 958 2916 ex-

157 2941 322 2979 teriorem
341 2939 510 2981 Ecclesiae
535 2942 693 2981 formam
710 2971 721 2990 ‚
747 2942 959 2985 distinctam

156 3006 203 3045 ab
226 3020 267 3046 ea
285 3021 395 3060 quam
411 3010 621 3048 vocavimus
643 3003 811 3048 intimam
824 3039 835 3058 ‚
851 3023 891 3048 ao
907 3024 961 3050 es-

1024 2744 1298 2784 distinctionem
1317 2775 1332 2791 „
1371 2761 1450 2799 qum
1496 2748 1692 2787 intercedit
1738 2749 1834 2788 inter

1025 2809 1193 2860 ejusdem
1219 2811 1388 2851 Ecclesiae
1422 2816 1585 2853 animam
1614 2822 1650 2853 et
1669 2828 1829 2866 corpus,

1025 2884 1130 2927 prout
1157 2877 1292 2917 clarius
1319 2891 1363 2917 ex
1388 2886 1464 2919 tota
1486 2868 1721 2933 expositionis
1743 2880 1834 2918 serie

1028 2942 1182 2993 patebit.
