<?xml version="1.0" encoding="UTF-8"?>
<!DOCTYPE html PUBLIC "-//W3C//DTD XHTML 1.0 Transitional//EN"
    "http://www.w3.org/TR/xhtml1/DTD/xhtml1-transitional.dtd">
<html xmlns="http://www.w3.org/1999/xhtml" xml:lang="en" lang="en">
 <head>
  <title>
</title>
<meta http-equiv="Content-Type" content="text/html;charset=utf-8" />
  <meta name='ocr-system' content='tesseract 3.04.00' />
  <meta name='ocr-capabilities' content='ocr_page ocr_carea ocr_par ocr_line ocrx_word'/>
</head>
<body>
  <div class='ocr_page' id='page_1' title='image "./praelectionestheo08perruoft/praelectionestheo08perruoft_0019.png"; bbox 0 0 2028 3354; ppageno 0'>
   <div class='ocr_carea' id='block_1_1' title="bbox 339 173 1857 219">
    <p class='ocr_par' dir='ltr' id='par_1_1' title="bbox 339 173 1857 219">
     <span class='ocr_line' id='line_1_1' title="bbox 339 173 1857 219; baseline 0.009 -13"><span class='ocrx_word' id='word_1_1' title='bbox 339 175 466 208; x_wconf 66' lang='lat' dir='ltr'>mur.</span> <span class='ocrx_word' id='word_1_2' title='bbox 508 180 537 208; x_wconf 88' lang='lat'>1.</span> <span class='ocrx_word' id='word_1_3' title='bbox 581 181 677 209; x_wconf 53' lang='lat' dir='ltr'>cir.</span> <span class='ocrx_word' id='word_1_4' title='bbox 714 180 745 208; x_wconf 73' lang='grc' dir='ltr'>ι.</span> <span class='ocrx_word' id='word_1_5' title='bbox 786 180 840 210; x_wconf 72' lang='lat' dir='ltr'>ne</span> <span class='ocrx_word' id='word_1_6' title='bbox 875 180 1047 211; x_wconf 74' lang='lat' dir='ltr'>cumsri</span> <span class='ocrx_word' id='word_1_7' title='bbox 1083 183 1201 213; x_wconf 69' lang='lat' dir='ltr'>noct.</span> <span class='ocrx_word' id='word_1_8' title='bbox 1230 184 1447 215; x_wconf 65' lang='lat' dir='ltr'>merirum.</span> <span class='ocrx_word' id='word_1_9' title='bbox 1487 185 1538 216; x_wconf 79' lang='lat' dir='ltr'>ET</span> <span class='ocrx_word' id='word_1_10' title='bbox 1572 187 1688 217; x_wconf 74' lang='lat' dir='ltr'>ome.</span> <span class='ocrx_word' id='word_1_11' title='bbox 1827 173 1857 219; x_wconf 88' lang='grc'>7</span> 
     </span>
    </p>
   </div>
   <div class='ocr_carea' id='block_1_2' title="bbox 173 291 1929 1274">
    <p class='ocr_par' dir='ltr' id='par_1_2' title="bbox 173 291 1929 1274">
     <span class='ocr_line' id='line_1_2' title="bbox 178 291 1856 364; baseline 0.007 -28"><span class='ocrx_word' id='word_1_12' title='bbox 178 291 356 353; x_wconf 88' lang='lat' dir='ltr'>ligionis</span> <span class='ocrx_word' id='word_1_13' title='bbox 386 292 568 341; x_wconf 85' lang='lat' dir='ltr'>motivis</span> <span class='ocrx_word' id='word_1_14' title='bbox 587 328 599 351; x_wconf 40' lang='grc' dir='ltr'><em>Ἴ</em></span> <span class='ocrx_word' id='word_1_15' title='bbox 645 309 763 357; x_wconf 43' lang='lat' dir='ltr'>quae-</span> <span class='ocrx_word' id='word_1_16' title='bbox 784 302 952 343; x_wconf 81' lang='lat' dir='ltr'>vocant</span> <span class='ocrx_word' id='word_1_17' title='bbox 1001 294 1349 356; x_wconf 81' lang='lat' dir='ltr'>credibilitatis,</span> <span class='ocrx_word' id='word_1_18' title='bbox 1392 313 1583 364; x_wconf 85' lang='lat' dir='ltr'>quaeque</span> <span class='ocrx_word' id='word_1_19' title='bbox 1634 319 1716 347; x_wconf 87' lang='lat' dir='ltr'>suo</span> <span class='ocrx_word' id='word_1_20' title='bbox 1758 300 1856 348; x_wconf 86' lang='lat' dir='ltr'>loco</span> 
     </span>
     <span class='ocr_line' id='line_1_3' title="bbox 176 366 1854 437; baseline 0.005 -22"><span class='ocrx_word' id='word_1_21' title='bbox 176 366 432 415; x_wconf 86' lang='lat' dir='ltr'><strong>evolvimus</strong></span> <span class='ocrx_word' id='word_1_22' title='bbox 461 376 507 414; x_wconf 89' lang='lat' dir='ltr'>et</span> <span class='ocrx_word' id='word_1_23' title='bbox 528 369 925 433; x_wconf 79' lang='lat' dir='ltr'>propugnavimus</span> <span class='ocrx_word' id='word_1_24' title='bbox 950 370 1035 432; x_wconf 79' lang='lat' dir='ltr'>(l)</span> <span class='ocrx_word' id='word_1_25' title='bbox 1067 372 1185 417; x_wconf 88' lang='lat' dir='ltr'>Nam</span> <span class='ocrx_word' id='word_1_26' title='bbox 1211 373 1245 418; x_wconf 90' lang='lat' dir='ltr'>si</span> <span class='ocrx_word' id='word_1_27' title='bbox 1269 371 1364 419; x_wconf 86' lang='lat' dir='ltr'>haec</span> <span class='ocrx_word' id='word_1_28' title='bbox 1395 374 1566 424; x_wconf 84' lang='lat' dir='ltr'>motiva</span> <span class='ocrx_word' id='word_1_29' title='bbox 1591 376 1698 423; x_wconf 83' lang='lat' dir='ltr'>talia</span> <span class='ocrx_word' id='word_1_30' title='bbox 1722 387 1854 437; x_wconf 85' lang='lat' dir='ltr'>sunt,</span> 
     </span>
     <span class='ocr_line' id='line_1_4' title="bbox 178 441 1855 518; baseline 0.008 -31"><span class='ocrx_word' id='word_1_31' title='bbox 178 441 570 507; x_wconf 81' lang='lat' dir='ltr'>quemadmodum</span> <span class='ocrx_word' id='word_1_32' title='bbox 593 444 703 490; x_wconf 78' lang='lat' dir='ltr'>alias</span> <span class='ocrx_word' id='word_1_33' title='bbox 737 445 1051 503; x_wconf 30' lang='lat' dir='ltr'>ostendimus.)</span> <span class='ocrx_word' id='word_1_34' title='bbox 1083 455 1134 492; x_wconf 86' lang='lat' dir='ltr'>ut</span> <span class='ocrx_word' id='word_1_35' title='bbox 1163 446 1366 495; x_wconf 87' lang='lat' dir='ltr'>divinam</span> <span class='ocrx_word' id='word_1_36' title='bbox 1393 466 1579 514; x_wconf 90' lang='lat' dir='ltr'>prorsus</span> <span class='ocrx_word' id='word_1_37' title='bbox 1601 468 1698 500; x_wconf 88' lang='lat' dir='ltr'>esse</span> <span class='ocrx_word' id='word_1_38' title='bbox 1719 462 1855 518; x_wconf 83' lang='lat' dir='ltr'>pate-</span> 
     </span>
     <span class='ocr_line' id='line_1_5' title="bbox 175 518 1855 586; baseline 0.007 -21"><span class='ocrx_word' id='word_1_39' title='bbox 175 519 342 565; x_wconf 80' lang='lat' dir='ltr'>faciant</span> <span class='ocrx_word' id='word_1_40' title='bbox 374 518 642 582; x_wconf 78' lang='lat' dir='ltr'><strong>religionem</strong></span> <span class='ocrx_word' id='word_1_41' title='bbox 674 538 699 566; x_wconf 89' lang='lat' dir='ltr'>a</span> <span class='ocrx_word' id='word_1_42' title='bbox 727 520 910 567; x_wconf 82' lang='lat' dir='ltr'>Christo</span> <span class='ocrx_word' id='word_1_43' title='bbox 935 522 1197 568; x_wconf 88' lang='lat' dir='ltr'>institutam</span> <span class='ocrx_word' id='word_1_44' title='bbox 1217 558 1231 581; x_wconf 92' lang='lat'>‚</span> <span class='ocrx_word' id='word_1_45' title='bbox 1260 524 1396 570; x_wconf 90' lang='lat' dir='ltr'>simul</span> <span class='ocrx_word' id='word_1_46' title='bbox 1416 526 1696 586; x_wconf 83' lang='lat' dir='ltr'>patefaciunt</span> <span class='ocrx_word' id='word_1_47' title='bbox 1716 530 1855 575; x_wconf 86' lang='lat' dir='ltr'>insti-</span> 
     </span>
     <span class='ocr_line' id='line_1_6' title="bbox 175 594 1855 668; baseline 0.008 -29"><span class='ocrx_word' id='word_1_48' title='bbox 175 594 400 640; x_wconf 73' lang='lat' dir='ltr'>tutionem</span> <span class='ocrx_word' id='word_1_49' title='bbox 431 605 479 642; x_wconf 80' lang='lat' dir='ltr'>et</span> <span class='ocrx_word' id='word_1_50' title='bbox 509 597 732 659; x_wconf 83' lang='lat' dir='ltr'>originem</span> <span class='ocrx_word' id='word_1_51' title='bbox 765 594 972 642; x_wconf 86' lang='lat' dir='ltr'>Ecclesiae</span> <span class='ocrx_word' id='word_1_52' title='bbox 990 630 1002 645; x_wconf 71' lang='grc'>,</span> <span class='ocrx_word' id='word_1_53' title='bbox 1036 613 1141 659; x_wconf 81' lang='lat' dir='ltr'>quae</span> <span class='ocrx_word' id='word_1_54' title='bbox 1166 596 1477 646; x_wconf 85' lang='lat' dir='ltr'>identificatur</span> <span class='ocrx_word' id='word_1_55' title='bbox 1503 618 1608 649; x_wconf 88' lang='lat' dir='ltr'>cum</span> <span class='ocrx_word' id='word_1_56' title='bbox 1640 604 1855 668; x_wconf 81' lang='lat' dir='ltr'>religione</span> 
     </span>
     <span class='ocr_line' id='line_1_7' title="bbox 175 670 1856 740; baseline 0.007 -24"><span class='ocrx_word' id='word_1_57' title='bbox 175 671 287 733; x_wconf 88' lang='lat' dir='ltr'>ipsa.</span> <span class='ocrx_word' id='word_1_58' title='bbox 323 670 548 735; x_wconf 85' lang='lat' dir='ltr'>Equidem</span> <span class='ocrx_word' id='word_1_59' title='bbox 582 670 708 717; x_wconf 82' lang='lat' dir='ltr'>haud</span> <span class='ocrx_word' id='word_1_60' title='bbox 737 671 1002 732; x_wconf 84' lang='lat' dir='ltr'>ignoramus</span> <span class='ocrx_word' id='word_1_61' title='bbox 1012 705 1030 727; x_wconf 88' lang='lat'><em>,</em></span> <span class='ocrx_word' id='word_1_62' title='bbox 1059 688 1110 718; x_wconf 84' lang='lat' dir='ltr'>re</span> <span class='ocrx_word' id='word_1_63' title='bbox 1143 674 1193 718; x_wconf 77' lang='lat' dir='ltr'>in</span> <span class='ocrx_word' id='word_1_64' title='bbox 1215 674 1450 721; x_wconf 75' lang='lat' dir='ltr'>abstracto</span> <span class='ocrx_word' id='word_1_65' title='bbox 1470 686 1673 740; x_wconf 80' lang='lat' dir='ltr'>spectata</span> <span class='ocrx_word' id='word_1_66' title='bbox 1691 715 1703 737; x_wconf 73' lang='grc'><em>,</em></span> <span class='ocrx_word' id='word_1_67' title='bbox 1730 679 1856 727; x_wconf 88' lang='lat' dir='ltr'>aliud</span> 
     </span>
     <span class='ocr_line' id='line_1_8' title="bbox 175 743 1853 816; baseline 0.007 -26"><span class='ocrx_word' id='word_1_68' title='bbox 175 745 457 808; x_wconf 78' lang='lat' dir='ltr'>Religionem</span> <span class='ocrx_word' id='word_1_69' title='bbox 492 763 617 804; x_wconf 69' lang='lat' dir='ltr'>esse,</span> <span class='ocrx_word' id='word_1_70' title='bbox 659 744 783 792; x_wconf 86' lang='lat' dir='ltr'>aliud</span> <span class='ocrx_word' id='word_1_71' title='bbox 823 743 1096 807; x_wconf 76' lang='lat' dir='ltr'>Ecclesiam,</span> <span class='ocrx_word' id='word_1_72' title='bbox 1135 744 1278 812; x_wconf 75' lang='lat' dir='ltr'>quum</span> <span class='ocrx_word' id='word_1_73' title='bbox 1311 749 1387 796; x_wconf 86' lang='lat' dir='ltr'>illa</span> <span class='ocrx_word' id='word_1_74' title='bbox 1420 752 1631 816; x_wconf 81' lang='lat' dir='ltr'>respiciat</span> <span class='ocrx_word' id='word_1_75' title='bbox 1670 764 1853 802; x_wconf 82' lang='lat' dir='ltr'>tantum</span> 
     </span>
     <span class='ocr_line' id='line_1_9' title="bbox 174 818 1853 895; baseline 0.007 -28"><span class='ocrx_word' id='word_1_76' title='bbox 174 820 374 879; x_wconf 85' lang='lat' dir='ltr'>cultum,</span> <span class='ocrx_word' id='word_1_77' title='bbox 401 831 482 868; x_wconf 89' lang='lat' dir='ltr'>aut</span> <span class='ocrx_word' id='word_1_78' title='bbox 505 822 661 879; x_wconf 69' lang='lat' dir='ltr'>etiam,</span> <span class='ocrx_word' id='word_1_79' title='bbox 682 820 719 866; x_wconf 93' lang='lat' dir='ltr'>si</span> <span class='ocrx_word' id='word_1_80' title='bbox 742 818 871 866; x_wconf 87' lang='lat' dir='ltr'>lubet</span> <span class='ocrx_word' id='word_1_81' title='bbox 888 857 899 868; x_wconf 66' lang='grc'><em>,</em></span> <span class='ocrx_word' id='word_1_82' title='bbox 927 819 1078 868; x_wconf 81' lang='lat' dir='ltr'>latiori</span> <span class='ocrx_word' id='word_1_83' title='bbox 1100 823 1300 887; x_wconf 88' lang='lat' dir='ltr'>quodam</span> <span class='ocrx_word' id='word_1_84' title='bbox 1318 843 1457 873; x_wconf 88' lang='lat' dir='ltr'>sensu</span> <span class='ocrx_word' id='word_1_85' title='bbox 1482 828 1715 890; x_wconf 81' lang='lat' dir='ltr'>veritateS‚</span> <span class='ocrx_word' id='word_1_86' title='bbox 1741 848 1853 895; x_wconf 85' lang='lat' dir='ltr'>quas</span> 
     </span>
     <span class='ocr_line' id='line_1_10' title="bbox 177 894 1857 962; baseline 0.006 -19"><span class='ocrx_word' id='word_1_87' title='bbox 177 896 349 959; x_wconf 82' lang='lat' dir='ltr'>Religio</span> <span class='ocrx_word' id='word_1_88' title='bbox 384 897 624 962; x_wconf 80' lang='lat' dir='ltr'>proponit,</span> <span class='ocrx_word' id='word_1_89' title='bbox 662 894 760 942; x_wconf 83' lang='lat' dir='ltr'>haec</span> <span class='ocrx_word' id='word_1_90' title='bbox 790 904 945 943; x_wconf 85' lang='lat' dir='ltr'>autem</span> <span class='ocrx_word' id='word_1_91' title='bbox 973 905 1158 957; x_wconf 76' lang='lat' dir='ltr'>tantum</span> <span class='ocrx_word' id='word_1_92' title='bbox 1187 900 1454 949; x_wconf 89' lang='lat' dir='ltr'>societatem</span> <span class='ocrx_word' id='word_1_93' title='bbox 1483 903 1735 953; x_wconf 89' lang='lat' dir='ltr'>colentium</span> <span class='ocrx_word' id='word_1_94' title='bbox 1776 916 1857 953; x_wconf 80' lang='lat' dir='ltr'>aut</span> 
     </span>
     <span class='ocr_line' id='line_1_11' title="bbox 179 969 1929 1041; baseline 0.006 -23"><span class='ocrx_word' id='word_1_95' title='bbox 179 969 500 1036; x_wconf 85' lang='lat' dir='ltr'>profitentium</span> <span class='ocrx_word' id='word_1_96' title='bbox 514 973 733 1019; x_wconf 87' lang='lat' dir='ltr'>veritates</span> <span class='ocrx_word' id='word_1_97' title='bbox 751 1007 763 1030; x_wconf 60' lang='lat' dir='ltr'>a</span> <span class='ocrx_word' id='word_1_98' title='bbox 785 989 898 1036; x_wconf 87' lang='lat' dir='ltr'>quas</span> <span class='ocrx_word' id='word_1_99' title='bbox 927 972 1100 1036; x_wconf 84' lang='lat' dir='ltr'>Religio</span> <span class='ocrx_word' id='word_1_100' title='bbox 1122 976 1472 1041; x_wconf 73' lang='lat' dir='ltr'>complectitur3</span> <span class='ocrx_word' id='word_1_101' title='bbox 1496 996 1657 1027; x_wconf 85' lang='lat' dir='ltr'>verum</span> <span class='ocrx_word' id='word_1_102' title='bbox 1673 990 1719 1028; x_wconf 87' lang='lat' dir='ltr'>et</span> <span class='ocrx_word' id='word_1_103' title='bbox 1741 981 1856 1029; x_wconf 86' lang='lat' dir='ltr'>illud</span> <span class='ocrx_word' id='word_1_104' title='bbox 1921 995 1929 1002; x_wconf 84' lang='grc'><em>“</em></span> 
     </span>
     <span class='ocr_line' id='line_1_12' title="bbox 178 1047 1855 1121; baseline 0.008 -29"><span class='ocrx_word' id='word_1_105' title='bbox 178 1064 358 1110; x_wconf 88' lang='lat' dir='ltr'>quoque</span> <span class='ocrx_word' id='word_1_106' title='bbox 388 1047 631 1106; x_wconf 69' lang='lat' dir='ltr'>novimus,</span> <span class='ocrx_word' id='word_1_107' title='bbox 660 1052 710 1094; x_wconf 73' lang='lat' dir='ltr'>in</span> <span class='ocrx_word' id='word_1_108' title='bbox 741 1057 949 1095; x_wconf 76' lang='lat' dir='ltr'>concreto</span> <span class='ocrx_word' id='word_1_109' title='bbox 966 1066 1067 1095; x_wconf 89' lang='lat' dir='ltr'>rem</span> <span class='ocrx_word' id='word_1_110' title='bbox 1086 1051 1132 1096; x_wconf 92' lang='lat' dir='ltr'>in</span> <span class='ocrx_word' id='word_1_111' title='bbox 1158 1050 1284 1099; x_wconf 87' lang='lat' dir='ltr'>idem</span> <span class='ocrx_word' id='word_1_112' title='bbox 1303 1053 1520 1102; x_wconf 87' lang='lat' dir='ltr'>recidere.</span> <span class='ocrx_word' id='word_1_113' title='bbox 1547 1057 1707 1121; x_wconf 89' lang='lat' dir='ltr'>Neque</span> <span class='ocrx_word' id='word_1_114' title='bbox 1732 1060 1855 1105; x_wconf 88' lang='lat' dir='ltr'>enim</span> 
     </span>
     <span class='ocr_line' id='line_1_13' title="bbox 175 1123 1849 1196; baseline 0.008 -28"><span class='ocrx_word' id='word_1_115' title='bbox 175 1139 381 1187; x_wconf 87' lang='lat' dir='ltr'>unquam</span> <span class='ocrx_word' id='word_1_116' title='bbox 396 1123 568 1186; x_wconf 86' lang='lat' dir='ltr'>Religio</span> <span class='ocrx_word' id='word_1_117' title='bbox 586 1124 835 1171; x_wconf 84' lang='lat' dir='ltr'>consistere</span> <span class='ocrx_word' id='word_1_118' title='bbox 846 1133 1002 1188; x_wconf 87' lang='lat' dir='ltr'>potest</span> <span class='ocrx_word' id='word_1_119' title='bbox 1018 1125 1255 1191; x_wconf 89' lang='lat' dir='ltr'>absqueiis</span> <span class='ocrx_word' id='word_1_120' title='bbox 1270 1166 1281 1187; x_wconf 62' lang='lat'>7</span> <span class='ocrx_word' id='word_1_121' title='bbox 1304 1131 1385 1194; x_wconf 88' lang='lat' dir='ltr'>qui</span> <span class='ocrx_word' id='word_1_122' title='bbox 1406 1148 1508 1178; x_wconf 86' lang='lat' dir='ltr'>eam</span> <span class='ocrx_word' id='word_1_123' title='bbox 1530 1133 1849 1196; x_wconf 84' lang='lat' dir='ltr'>profiteantur.</span> 
     </span>
     <span class='ocr_line' id='line_1_14' title="bbox 173 1198 1920 1274; baseline 0.008 -30"><span class='ocrx_word' id='word_1_124' title='bbox 173 1198 289 1245; x_wconf 89' lang='lat' dir='ltr'>Cum</span> <span class='ocrx_word' id='word_1_125' title='bbox 319 1199 474 1264; x_wconf 84' lang='lat' dir='ltr'>itaque</span> <span class='ocrx_word' id='word_1_126' title='bbox 511 1201 683 1247; x_wconf 82' lang='lat' dir='ltr'>motiva</span> <span class='ocrx_word' id='word_1_127' title='bbox 712 1199 1031 1248; x_wconf 84' lang='lat' dir='ltr'>credibilitatis</span> <span class='ocrx_word' id='word_1_128' title='bbox 1060 1203 1279 1274; x_wconf 74' lang='lat' dir='ltr'>evincant</span> <span class='ocrx_word' id='word_1_129' title='bbox 1313 1206 1520 1254; x_wconf 85' lang='lat' dir='ltr'>divinam</span> <span class='ocrx_word' id='word_1_130' title='bbox 1552 1209 1775 1271; x_wconf 83' lang='lat' dir='ltr'>originem</span> <span class='ocrx_word' id='word_1_131' title='bbox 1810 1220 1857 1257; x_wconf 87' lang='lat' dir='ltr'>et</span> <span class='ocrx_word' id='word_1_132' title='bbox 1914 1222 1920 1229; x_wconf 88' lang='lat'>&#39;</span> 
     </span>
    </p>
   </div>
   <div class='ocr_carea' id='block_1_3' title="bbox 56 1274 1856 1348">
    <p class='ocr_par' dir='ltr' id='par_1_3' title="bbox 56 1274 1856 1348">
     <span class='ocr_line' id='line_1_15' title="bbox 56 1274 1856 1348; baseline 0.008 -30"><span class='ocrx_word' id='word_1_133' title='bbox 56 1282 59 1284; x_wconf 78' lang='grc'><strong>’</strong></span> <span class='ocrx_word' id='word_1_134' title='bbox 109 1298 116 1304; x_wconf 60' lang='grc'><strong>»</strong></span> <span class='ocrx_word' id='word_1_135' title='bbox 172 1274 510 1322; x_wconf 88' lang='lat' dir='ltr'>institutionem</span> <span class='ocrx_word' id='word_1_136' title='bbox 530 1275 1052 1339; x_wconf 86' lang='lat' dir='ltr'>Religionischristianae</span> <span class='ocrx_word' id='word_1_137' title='bbox 1072 1278 1120 1324; x_wconf 91' lang='lat' dir='ltr'>in</span> <span class='ocrx_word' id='word_1_138' title='bbox 1140 1290 1354 1328; x_wconf 86' lang='lat' dir='ltr'>concreto</span> <span class='ocrx_word' id='word_1_139' title='bbox 1372 1319 1384 1341; x_wconf 63' lang='lat' dir='ltr'>a</span> <span class='ocrx_word' id='word_1_140' title='bbox 1413 1283 1500 1330; x_wconf 90' lang='lat' dir='ltr'>hoc</span> <span class='ocrx_word' id='word_1_141' title='bbox 1517 1285 1617 1348; x_wconf 81' lang='lat' dir='ltr'>ipso</span> <span class='ocrx_word' id='word_1_142' title='bbox 1633 1287 1856 1332; x_wconf 83' lang='lat' dir='ltr'>evincunt</span> 
     </span>
    </p>
   </div>
   <div class='ocr_carea' id='block_1_4' title="bbox 174 1350 1860 2706">
    <p class='ocr_par' dir='ltr' id='par_1_4' title="bbox 174 1350 1856 2310">
     <span class='ocr_line' id='line_1_16' title="bbox 175 1350 1854 1415; baseline 0.007 -19"><span class='ocrx_word' id='word_1_143' title='bbox 175 1350 379 1398; x_wconf 79' lang='lat' dir='ltr'>divinam</span> <span class='ocrx_word' id='word_1_144' title='bbox 406 1353 628 1415; x_wconf 86' lang='lat' dir='ltr'>originem</span> <span class='ocrx_word' id='word_1_145' title='bbox 659 1361 706 1399; x_wconf 89' lang='lat' dir='ltr'>et</span> <span class='ocrx_word' id='word_1_146' title='bbox 726 1353 1068 1400; x_wconf 87' lang='lat' dir='ltr'>institutionem</span> <span class='ocrx_word' id='word_1_147' title='bbox 1099 1355 1305 1403; x_wconf 74' lang='lat' dir='ltr'>Ecclesiae</span> <span class='ocrx_word' id='word_1_148' title='bbox 1326 1357 1606 1407; x_wconf 82' lang='lat' dir='ltr'>christianae.</span> <span class='ocrx_word' id='word_1_149' title='bbox 1641 1362 1748 1409; x_wconf 84' lang='lat' dir='ltr'>Haec</span> <span class='ocrx_word' id='word_1_150' title='bbox 1771 1379 1854 1407; x_wconf 64' lang='lat' dir='ltr'>eiu-</span> 
     </span>
     <span class='ocr_line' id='line_1_17' title="bbox 178 1428 1855 1502; baseline 0.008 -30"><span class='ocrx_word' id='word_1_151' title='bbox 178 1435 273 1472; x_wconf 88' lang='lat' dir='ltr'>tem</span> <span class='ocrx_word' id='word_1_152' title='bbox 302 1431 524 1488; x_wconf 75' lang='lat' dir='ltr'>maJ&#39;orem</span> <span class='ocrx_word' id='word_1_153' title='bbox 552 1428 705 1474; x_wconf 85' lang='lat' dir='ltr'>adhuc</span> <span class='ocrx_word' id='word_1_154' title='bbox 731 1428 1000 1475; x_wconf 80' lang='lat' dir='ltr'>firmitatem</span> <span class='ocrx_word' id='word_1_155' title='bbox 1026 1446 1078 1475; x_wconf 89' lang='lat' dir='ltr'>ac</span> <span class='ocrx_word' id='word_1_156' title='bbox 1102 1429 1246 1478; x_wconf 85' lang='lat' dir='ltr'>robur</span> <span class='ocrx_word' id='word_1_157' title='bbox 1274 1433 1531 1498; x_wconf 64' lang='lat' dir='ltr'>accipiunt,</span> <span class='ocrx_word' id='word_1_158' title='bbox 1563 1453 1620 1484; x_wconf 85' lang='lat' dir='ltr'>ex</span> <span class='ocrx_word' id='word_1_159' title='bbox 1651 1454 1704 1484; x_wconf 91' lang='lat' dir='ltr'>eo</span> <span class='ocrx_word' id='word_1_160' title='bbox 1732 1438 1855 1502; x_wconf 87' lang='lat' dir='ltr'>quod</span> 
     </span>
     <span class='ocr_line' id='line_1_18' title="bbox 176 1501 1856 1573; baseline 0.008 -26"><span class='ocrx_word' id='word_1_161' title='bbox 176 1501 394 1566; x_wconf 80' lang='lat' dir='ltr'>pleraque</span> <span class='ocrx_word' id='word_1_162' title='bbox 415 1503 731 1550; x_wconf 84' lang='lat' dir='ltr'>credibilitatis</span> <span class='ocrx_word' id='word_1_163' title='bbox 758 1504 933 1551; x_wconf 87' lang='lat' dir='ltr'>motiva</span> <span class='ocrx_word' id='word_1_164' title='bbox 958 1504 1160 1551; x_wconf 86' lang='lat' dir='ltr'>afficiant</span> <span class='ocrx_word' id='word_1_165' title='bbox 1185 1508 1452 1556; x_wconf 80' lang='lat' dir='ltr'>societatem</span> <span class='ocrx_word' id='word_1_166' title='bbox 1486 1511 1634 1573; x_wconf 85' lang='lat' dir='ltr'>ipsam</span> <span class='ocrx_word' id='word_1_167' title='bbox 1666 1530 1747 1560; x_wconf 87' lang='lat' dir='ltr'>seu</span> <span class='ocrx_word' id='word_1_168' title='bbox 1771 1514 1856 1561; x_wconf 88' lang='lat' dir='ltr'>Ec—</span> 
     </span>
     <span class='ocr_line' id='line_1_19' title="bbox 174 1575 1855 1650; baseline 0.008 -27"><span class='ocrx_word' id='word_1_169' title='bbox 174 1575 359 1624; x_wconf 83' lang='lat' dir='ltr'>clesiam</span> <span class='ocrx_word' id='word_1_170' title='bbox 395 1595 420 1624; x_wconf 87' lang='lat' dir='ltr'>a</span> <span class='ocrx_word' id='word_1_171' title='bbox 460 1578 643 1625; x_wconf 86' lang='lat' dir='ltr'>Christo</span> <span class='ocrx_word' id='word_1_172' title='bbox 677 1577 945 1639; x_wconf 79' lang='lat' dir='ltr'>fundatam3</span> <span class='ocrx_word' id='word_1_173' title='bbox 987 1581 1216 1642; x_wconf 84' lang='lat' dir='ltr'>ejusmodi</span> <span class='ocrx_word' id='word_1_174' title='bbox 1241 1593 1350 1629; x_wconf 87' lang='lat' dir='ltr'>sunt</span> <span class='ocrx_word' id='word_1_175' title='bbox 1371 1620 1383 1644; x_wconf 62' lang='lat'><em>7</em></span> <span class='ocrx_word' id='word_1_176' title='bbox 1410 1602 1513 1650; x_wconf 86' lang='lat' dir='ltr'>quae</span> <span class='ocrx_word' id='word_1_177' title='bbox 1543 1597 1770 1650; x_wconf 84' lang='lat' dir='ltr'>petuntur</span> <span class='ocrx_word' id='word_1_178' title='bbox 1798 1606 1855 1636; x_wconf 81' lang='lat' dir='ltr'>ex</span> 
     </span>
     <span class='ocr_line' id='line_1_20' title="bbox 177 1654 1853 1722; baseline 0.008 -24"><span class='ocrx_word' id='word_1_179' title='bbox 177 1654 506 1717; x_wconf 82' lang='lat' dir='ltr'>propagatione</span> <span class='ocrx_word' id='word_1_180' title='bbox 528 1654 786 1701; x_wconf 77' lang='lat' dir='ltr'>christianae</span> <span class='ocrx_word' id='word_1_181' title='bbox 805 1654 1049 1717; x_wconf 88' lang='lat' dir='ltr'>Religionis</span> <span class='ocrx_word' id='word_1_182' title='bbox 1065 1692 1077 1715; x_wconf 60' lang='lat'><em>7</em></span> <span class='ocrx_word' id='word_1_183' title='bbox 1107 1674 1162 1703; x_wconf 81' lang='lat' dir='ltr'>ex</span> <span class='ocrx_word' id='word_1_184' title='bbox 1193 1668 1448 1722; x_wconf 80' lang='lat' dir='ltr'>martyrum</span> <span class='ocrx_word' id='word_1_185' title='bbox 1477 1661 1772 1722; x_wconf 65' lang='lat' dir='ltr'>fortitudine,</span> <span class='ocrx_word' id='word_1_186' title='bbox 1798 1682 1853 1711; x_wconf 85' lang='lat' dir='ltr'>ex</span> 
     </span>
     <span class='ocr_line' id='line_1_21' title="bbox 175 1728 1854 1804; baseline 0.008 -31"><span class='ocrx_word' id='word_1_187' title='bbox 175 1728 383 1775; x_wconf 83' lang='lat' dir='ltr'>Ecclesiae</span> <span class='ocrx_word' id='word_1_188' title='bbox 417 1729 529 1776; x_wconf 86' lang='lat' dir='ltr'>item</span> <span class='ocrx_word' id='word_1_189' title='bbox 556 1739 777 1794; x_wconf 84' lang='lat' dir='ltr'>perpetua</span> <span class='ocrx_word' id='word_1_190' title='bbox 811 1732 1159 1780; x_wconf 85' lang='lat' dir='ltr'>conservatione</span> <span class='ocrx_word' id='word_1_191' title='bbox 1177 1769 1189 1792; x_wconf 32' lang='grc' dir='ltr'><strong><em>ἡ</em></strong></span> <span class='ocrx_word' id='word_1_192' title='bbox 1221 1750 1321 1798; x_wconf 82' lang='lat' dir='ltr'>quae</span> <span class='ocrx_word' id='word_1_193' title='bbox 1348 1734 1520 1800; x_wconf 84' lang='lat' dir='ltr'>duplex</span> <span class='ocrx_word' id='word_1_194' title='bbox 1545 1754 1731 1803; x_wconf 86' lang='lat' dir='ltr'>semper</span> <span class='ocrx_word' id='word_1_195' title='bbox 1758 1757 1854 1804; x_wconf 87' lang='lat' dir='ltr'>prae</span> 
     </span>
     <span class='ocr_line' id='line_1_22' title="bbox 175 1804 1855 1873; baseline 0.008 -24"><span class='ocrx_word' id='word_1_196' title='bbox 175 1820 222 1850; x_wconf 90' lang='lat' dir='ltr'>se</span> <span class='ocrx_word' id='word_1_197' title='bbox 248 1804 403 1851; x_wconf 88' lang='lat' dir='ltr'>ferunt</span> <span class='ocrx_word' id='word_1_198' title='bbox 425 1823 508 1869; x_wconf 90' lang='lat' dir='ltr'>pro</span> <span class='ocrx_word' id='word_1_199' title='bbox 532 1805 689 1853; x_wconf 84' lang='lat' dir='ltr'>divina</span> <span class='ocrx_word' id='word_1_200' title='bbox 715 1806 973 1854; x_wconf 77' lang='lat' dir='ltr'>christianae</span> <span class='ocrx_word' id='word_1_201' title='bbox 996 1807 1204 1855; x_wconf 81' lang='lat' dir='ltr'>Ecclesiae</span> <span class='ocrx_word' id='word_1_202' title='bbox 1238 1811 1412 1873; x_wconf 86' lang='lat' dir='ltr'>origine</span> <span class='ocrx_word' id='word_1_203' title='bbox 1449 1812 1746 1862; x_wconf 87' lang='lat' dir='ltr'>ineluctabile</span> <span class='ocrx_word' id='word_1_204' title='bbox 1776 1833 1855 1862; x_wconf 84' lang='lat' dir='ltr'>ar·-</span> 
     </span>
     <span class='ocr_line' id='line_1_23' title="bbox 175 1881 1853 1948; baseline 0.007 -23"><span class='ocrx_word' id='word_1_205' title='bbox 175 1889 444 1943; x_wconf 80' lang='lat' dir='ltr'>gumentum</span> <span class='ocrx_word' id='word_1_206' title='bbox 477 1899 486 1926; x_wconf 89' lang='lat'><strong>:</strong></span> <span class='ocrx_word' id='word_1_207' title='bbox 523 1881 721 1928; x_wconf 89' lang='lat' dir='ltr'>alterum</span> <span class='ocrx_word' id='word_1_208' title='bbox 743 1881 932 1946; x_wconf 89' lang='lat' dir='ltr'>quidem</span> <span class='ocrx_word' id='word_1_209' title='bbox 964 1899 1020 1929; x_wconf 84' lang='lat' dir='ltr'>ex</span> <span class='ocrx_word' id='word_1_210' title='bbox 1042 1884 1142 1948; x_wconf 84' lang='lat' dir='ltr'>ipsa</span> <span class='ocrx_word' id='word_1_211' title='bbox 1167 1886 1234 1931; x_wconf 88' lang='lat' dir='ltr'>rei</span> <span class='ocrx_word' id='word_1_212' title='bbox 1255 1890 1421 1933; x_wconf 66' lang='lat' dir='ltr'>natui-*a</span> <span class='ocrx_word' id='word_1_213' title='bbox 1448 1888 1497 1932; x_wconf 90' lang='lat' dir='ltr'>in</span> <span class='ocrx_word' id='word_1_214' title='bbox 1518 1889 1733 1936; x_wconf 86' lang='lat' dir='ltr'>omnibus</span> <span class='ocrx_word' id='word_1_215' title='bbox 1762 1892 1853 1938; x_wconf 87' lang='lat' dir='ltr'>suis</span> 
     </span>
     <span class='ocr_line' id='line_1_24' title="bbox 175 1951 1853 2029; baseline 0.007 -28"><span class='ocrx_word' id='word_1_216' title='bbox 175 1955 400 2018; x_wconf 68' lang='lat' dir='ltr'>adiunctis</span> <span class='ocrx_word' id='word_1_217' title='bbox 423 1966 627 2021; x_wconf 82' lang='lat' dir='ltr'>spectata</span> <span class='ocrx_word' id='word_1_218' title='bbox 646 1994 659 2017; x_wconf 59' lang='lat' dir='ltr'>a</span> <span class='ocrx_word' id='word_1_219' title='bbox 685 1957 884 2004; x_wconf 85' lang='lat' dir='ltr'>alterum</span> <span class='ocrx_word' id='word_1_220' title='bbox 908 1951 1018 2006; x_wconf 81' lang='lat' dir='ltr'>vero</span> <span class='ocrx_word' id='word_1_221' title='bbox 1036 1959 1092 2006; x_wconf 80' lang='lat' dir='ltr'>ex</span> <span class='ocrx_word' id='word_1_222' title='bbox 1110 1960 1371 2026; x_wconf 84' lang='lat' dir='ltr'>adimpletis</span> <span class='ocrx_word' id='word_1_223' title='bbox 1395 1962 1542 2011; x_wconf 87' lang='lat' dir='ltr'>divini</span> <span class='ocrx_word' id='word_1_224' title='bbox 1566 1965 1708 2029; x_wconf 91' lang='lat' dir='ltr'>ipsius</span> <span class='ocrx_word' id='word_1_225' title='bbox 1729 1966 1853 2013; x_wconf 87' lang='lat' dir='ltr'>Con-</span> 
     </span>
     <span class='ocr_line' id='line_1_25' title="bbox 176 2032 1853 2099; baseline 0.006 -20"><span class='ocrx_word' id='word_1_226' title='bbox 176 2032 338 2080; x_wconf 86' lang='lat' dir='ltr'>ditoris</span> <span class='ocrx_word' id='word_1_227' title='bbox 360 2034 610 2093; x_wconf 73' lang='lat' dir='ltr'>vaticiniis,</span> <span class='ocrx_word' id='word_1_228' title='bbox 647 2034 814 2099; x_wconf 89' lang='lat' dir='ltr'>quibus</span> <span class='ocrx_word' id='word_1_229' title='bbox 839 2052 891 2081; x_wconf 87' lang='lat' dir='ltr'>ea</span> <span class='ocrx_word' id='word_1_230' title='bbox 919 2037 1258 2099; x_wconf 80' lang='lat' dir='ltr'>praenunciavit</span> <span class='ocrx_word' id='word_1_231' title='bbox 1287 2038 1441 2086; x_wconf 86' lang='lat' dir='ltr'>futura</span> <span class='ocrx_word' id='word_1_232' title='bbox 1468 2057 1520 2086; x_wconf 92' lang='lat' dir='ltr'>ac</span> <span class='ocrx_word' id='word_1_233' title='bbox 1549 2050 1674 2088; x_wconf 85' lang='lat' dir='ltr'>certo</span> <span class='ocrx_word' id='word_1_234' title='bbox 1701 2042 1853 2089; x_wconf 79' lang='lat' dir='ltr'>adim-</span> 
     </span>
     <span class='ocr_line' id='line_1_26' title="bbox 174 2108 1854 2177; baseline 0.006 -22"><span class='ocrx_word' id='word_1_235' title='bbox 174 2108 360 2174; x_wconf 86' lang='lat' dir='ltr'>plenda.</span> <span class='ocrx_word' id='word_1_236' title='bbox 379 2111 463 2157; x_wconf 86' lang='lat' dir='ltr'>Tot</span> <span class='ocrx_word' id='word_1_237' title='bbox 476 2111 615 2174; x_wconf 84' lang='lat' dir='ltr'>igitur</span> <span class='ocrx_word' id='word_1_238' title='bbox 628 2118 885 2176; x_wconf 82' lang='lat' dir='ltr'>suppetunt</span> <span class='ocrx_word' id='word_1_239' title='bbox 906 2121 1177 2175; x_wconf 81' lang='lat' dir='ltr'>argumenta</span> <span class='ocrx_word' id='word_1_240' title='bbox 1195 2130 1281 2177; x_wconf 91' lang='lat' dir='ltr'>pro</span> <span class='ocrx_word' id='word_1_241' title='bbox 1299 2114 1474 2177; x_wconf 83' lang='lat' dir='ltr'>origine</span> <span class='ocrx_word' id='word_1_242' title='bbox 1494 2125 1541 2162; x_wconf 88' lang='lat' dir='ltr'>et</span> <span class='ocrx_word' id='word_1_243' title='bbox 1564 2116 1854 2172; x_wconf 84' lang='lat' dir='ltr'>institutione</span> 
     </span>
     <span class='ocr_line' id='line_1_27' title="bbox 177 2185 1848 2255; baseline 0.005 -24"><span class='ocrx_word' id='word_1_244' title='bbox 177 2185 380 2233; x_wconf 74' lang='lat' dir='ltr'>Ecclesiae</span> <span class='ocrx_word' id='word_1_245' title='bbox 409 2205 431 2233; x_wconf 87' lang='lat' dir='ltr'>a</span> <span class='ocrx_word' id='word_1_246' title='bbox 468 2187 647 2234; x_wconf 81' lang='lat' dir='ltr'>Christo</span> <span class='ocrx_word' id='word_1_247' title='bbox 683 2187 821 2247; x_wconf 80' lang='lat' dir='ltr'>facta,</span> <span class='ocrx_word' id='word_1_248' title='bbox 849 2196 962 2252; x_wconf 90' lang='lat' dir='ltr'>quot</span> <span class='ocrx_word' id='word_1_249' title='bbox 987 2198 1096 2234; x_wconf 87' lang='lat' dir='ltr'>sunt</span> <span class='ocrx_word' id='word_1_250' title='bbox 1129 2190 1299 2237; x_wconf 86' lang='lat' dir='ltr'>motiva</span> <span class='ocrx_word' id='word_1_251' title='bbox 1328 2191 1580 2238; x_wconf 87' lang='lat' dir='ltr'>certissima</span> <span class='ocrx_word' id='word_1_252' title='bbox 1618 2192 1848 2255; x_wconf 85' lang='lat' dir='ltr'>religionis</span> 
     </span>
     <span class='ocr_line' id='line_1_28' title="bbox 177 2260 451 2310; baseline 0.011 -3"><span class='ocrx_word' id='word_1_253' title='bbox 177 2260 451 2310; x_wconf 84' lang='lat' dir='ltr'>christianae.</span> 
     </span>
    </p>

    <p class='ocr_par' dir='ltr' id='par_1_5' title="bbox 180 2338 1860 2706">
     <span class='ocr_line' id='line_1_29' title="bbox 245 2338 1854 2404; baseline 0.004 -20"><span class='ocrx_word' id='word_1_254' title='bbox 245 2338 319 2384; x_wconf 88' lang='lat'>17.</span> <span class='ocrx_word' id='word_1_255' title='bbox 357 2338 539 2403; x_wconf 86' lang='lat' dir='ltr'>Duplici</span> <span class='ocrx_word' id='word_1_256' title='bbox 563 2355 617 2386; x_wconf 77' lang='lat' dir='ltr'>ex</span> <span class='ocrx_word' id='word_1_257' title='bbox 649 2338 735 2386; x_wconf 84' lang='lat' dir='ltr'>hac</span> <span class='ocrx_word' id='word_1_258' title='bbox 759 2340 856 2397; x_wconf 66' lang='lat' dir='ltr'>via7</span> <span class='ocrx_word' id='word_1_259' title='bbox 881 2357 1078 2404; x_wconf 87' lang='lat' dir='ltr'>quarum</span> <span class='ocrx_word' id='word_1_260' title='bbox 1096 2340 1238 2388; x_wconf 86' lang='lat' dir='ltr'>altera</span> <span class='ocrx_word' id='word_1_261' title='bbox 1264 2358 1288 2386; x_wconf 91' lang='lat' dir='ltr'>a</span> <span class='ocrx_word' id='word_1_262' title='bbox 1315 2341 1447 2388; x_wconf 87' lang='lat' dir='ltr'>nobis</span> <span class='ocrx_word' id='word_1_263' title='bbox 1480 2342 1769 2391; x_wconf 84' lang='lat' dir='ltr'>ascendimus</span> <span class='ocrx_word' id='word_1_264' title='bbox 1795 2343 1854 2390; x_wconf 85' lang='lat' dir='ltr'>ad</span> 
     </span>
     <span class='ocr_line' id='line_1_30' title="bbox 183 2410 1857 2483; baseline 0.005 -27"><span class='ocrx_word' id='word_1_265' title='bbox 183 2410 413 2476; x_wconf 82' lang='lat' dir='ltr'>Christum</span> <span class='ocrx_word' id='word_1_266' title='bbox 435 2431 603 2479; x_wconf 84' lang='lat' dir='ltr'>usque,</span> <span class='ocrx_word' id='word_1_267' title='bbox 633 2415 774 2462; x_wconf 84' lang='lat' dir='ltr'>altera</span> <span class='ocrx_word' id='word_1_268' title='bbox 807 2426 963 2462; x_wconf 86' lang='lat' dir='ltr'>autem</span> <span class='ocrx_word' id='word_1_269' title='bbox 995 2433 1017 2462; x_wconf 84' lang='lat' dir='ltr'>a</span> <span class='ocrx_word' id='word_1_270' title='bbox 1047 2416 1228 2463; x_wconf 86' lang='lat' dir='ltr'>Christo</span> <span class='ocrx_word' id='word_1_271' title='bbox 1253 2417 1311 2464; x_wconf 88' lang='lat' dir='ltr'>ad</span> <span class='ocrx_word' id='word_1_272' title='bbox 1339 2435 1423 2464; x_wconf 89' lang='lat' dir='ltr'>nos</span> <span class='ocrx_word' id='word_1_273' title='bbox 1445 2435 1589 2483; x_wconf 88' lang='lat' dir='ltr'>usque</span> <span class='ocrx_word' id='word_1_274' title='bbox 1612 2418 1857 2467; x_wconf 85' lang='lat' dir='ltr'>descendi-</span> 
     </span>
     <span class='ocr_line' id='line_1_31' title="bbox 185 2488 1857 2556; baseline 0.006 -24"><span class='ocrx_word' id='word_1_275' title='bbox 185 2504 286 2533; x_wconf 90' lang='lat' dir='ltr'>mus</span> <span class='ocrx_word' id='word_1_276' title='bbox 302 2526 315 2546; x_wconf 78' lang='grc'><em>,</em></span> <span class='ocrx_word' id='word_1_277' title='bbox 343 2488 530 2549; x_wconf 56' lang='lat' dir='ltr'>factum„</span> <span class='ocrx_word' id='word_1_278' title='bbox 554 2491 678 2554; x_wconf 89' lang='lat' dir='ltr'>quod</span> <span class='ocrx_word' id='word_1_279' title='bbox 703 2491 1071 2551; x_wconf 67' lang='lat' dir='ltr'>enunciavimus,</span> <span class='ocrx_word' id='word_1_280' title='bbox 1092 2492 1382 2550; x_wconf 83' lang='lat' dir='ltr'>ineluctabili</span> <span class='ocrx_word' id='word_1_281' title='bbox 1407 2493 1523 2541; x_wconf 88' lang='lat' dir='ltr'>adeo</span> <span class='ocrx_word' id='word_1_282' title='bbox 1541 2495 1735 2556; x_wconf 77' lang='lat' dir='ltr'>ratione,</span> <span class='ocrx_word' id='word_1_283' title='bbox 1764 2495 1857 2541; x_wconf 89' lang='lat' dir='ltr'>imo</span> 
     </span>
     <span class='ocr_line' id='line_1_32' title="bbox 180 2563 1860 2636; baseline 0.004 -27"><span class='ocrx_word' id='word_1_284' title='bbox 180 2563 409 2610; x_wconf 82' lang='lat' dir='ltr'>evidentia</span> <span class='ocrx_word' id='word_1_285' title='bbox 443 2575 647 2626; x_wconf 82' lang='lat' dir='ltr'>constat,</span> <span class='ocrx_word' id='word_1_286' title='bbox 685 2575 736 2613; x_wconf 89' lang='lat' dir='ltr'>ut</span> <span class='ocrx_word' id='word_1_287' title='bbox 762 2567 902 2631; x_wconf 87' lang='lat' dir='ltr'>plane</span> <span class='ocrx_word' id='word_1_288' title='bbox 932 2567 1134 2615; x_wconf 84' lang='lat' dir='ltr'>confecta</span> <span class='ocrx_word' id='word_1_289' title='bbox 1163 2586 1235 2615; x_wconf 89' lang='lat' dir='ltr'>res</span> <span class='ocrx_word' id='word_1_290' title='bbox 1268 2570 1352 2628; x_wconf 72' lang='lat' dir='ltr'>sit3</span> <span class='ocrx_word' id='word_1_291' title='bbox 1389 2568 1528 2635; x_wconf 89' lang='lat' dir='ltr'>idque</span> <span class='ocrx_word' id='word_1_292' title='bbox 1554 2570 1728 2636; x_wconf 88' lang='lat' dir='ltr'>absque</span> <span class='ocrx_word' id='word_1_293' title='bbox 1765 2570 1860 2617; x_wconf 90' lang='lat' dir='ltr'>ullo</span> 
     </span>
     <span class='ocr_line' id='line_1_33' title="bbox 182 2639 980 2706; baseline 0.005 -21"><span class='ocrx_word' id='word_1_294' title='bbox 182 2639 520 2704; x_wconf 82' lang='lat' dir='ltr'>Scripturarum</span> <span class='ocrx_word' id='word_1_295' title='bbox 550 2641 720 2688; x_wconf 82' lang='lat' dir='ltr'>adscito</span> <span class='ocrx_word' id='word_1_296' title='bbox 747 2643 980 2706; x_wconf 63' lang='lat' dir='ltr'>praesidio.</span> 
     </span>
    </p>
   </div>
   <div class='ocr_carea' id='block_1_5' title="bbox 187 2791 1864 3043">
    <p class='ocr_par' dir='ltr' id='par_1_6' title="bbox 187 2791 1864 3043">
     <span class='ocr_line' id='line_1_34' title="bbox 238 2791 1864 2849; baseline 0.004 -20"><span class='ocrx_word' id='word_1_297' title='bbox 238 2791 290 2841; x_wconf 78' lang='lat'>(1)</span> <span class='ocrx_word' id='word_1_298' title='bbox 321 2791 365 2829; x_wconf 83' lang='lat' dir='ltr'>ln</span> <span class='ocrx_word' id='word_1_299' title='bbox 390 2798 493 2830; x_wconf 74' lang='lat' dir='ltr'>tract.</span> <span class='ocrx_word' id='word_1_300' title='bbox 522 2791 586 2830; x_wconf 86' lang='lat' dir='ltr'>De</span> <span class='ocrx_word' id='word_1_301' title='bbox 604 2804 692 2830; x_wconf 81' lang='lat' dir='ltr'>vera</span> <span class='ocrx_word' id='word_1_302' title='bbox 705 2791 828 2844; x_wconf 75' lang='lat' dir='ltr'>Reliy.</span> <span class='ocrx_word' id='word_1_303' title='bbox 848 2802 942 2845; x_wconf 84' lang='lat' dir='ltr'>part.</span> <span class='ocrx_word' id='word_1_304' title='bbox 961 2806 972 2831; x_wconf 88' lang='lat'>1</span> <span class='ocrx_word' id='word_1_305' title='bbox 979 2824 988 2841; x_wconf 84' lang='lat'><em>‚</em></span> <span class='ocrx_word' id='word_1_306' title='bbox 1058 2793 1191 2834; x_wconf 80' lang='lat' dir='ltr'>Christi</span> <span class='ocrx_word' id='word_1_307' title='bbox 1204 2798 1413 2836; x_wconf 86' lang='lat' dir='ltr'>missionem</span> <span class='ocrx_word' id='word_1_308' title='bbox 1433 2826 1442 2841; x_wconf 85' lang='grc'>,</span> <span class='ocrx_word' id='word_1_309' title='bbox 1459 2810 1500 2836; x_wconf 83' lang='lat' dir='ltr'>ac</span> <span class='ocrx_word' id='word_1_310' title='bbox 1513 2797 1697 2849; x_wconf 79' lang='lat' dir='ltr'>religionis</span> <span class='ocrx_word' id='word_1_311' title='bbox 1714 2797 1864 2849; x_wconf 83' lang='lat' dir='ltr'>proinde</span> 
     </span>
     <span class='ocr_line' id='line_1_35' title="bbox 187 2856 1863 2908; baseline 0.004 -15"><span class='ocrx_word' id='word_1_312' title='bbox 187 2869 265 2908; x_wconf 85' lang='lat' dir='ltr'>cap.</span> <span class='ocrx_word' id='word_1_313' title='bbox 289 2858 330 2895; x_wconf 86' lang='lat' dir='ltr'>ui</span> <span class='ocrx_word' id='word_1_314' title='bbox 353 2866 387 2895; x_wconf 86' lang='lat' dir='ltr'>et</span> <span class='ocrx_word' id='word_1_315' title='bbox 419 2868 453 2896; x_wconf 74' lang='grc' dir='ltr'>ιν</span> <span class='ocrx_word' id='word_1_316' title='bbox 475 2887 487 2907; x_wconf 82' lang='lat'>,</span> <span class='ocrx_word' id='word_1_317' title='bbox 516 2858 581 2896; x_wconf 85' lang='lat' dir='ltr'>ubi</span> <span class='ocrx_word' id='word_1_318' title='bbox 605 2871 651 2897; x_wconf 83' lang='lat' dir='ltr'>cx</span> <span class='ocrx_word' id='word_1_319' title='bbox 678 2856 865 2897; x_wconf 74' lang='lat' dir='ltr'>miraculis</span> <span class='ocrx_word' id='word_1_320' title='bbox 881 2867 917 2897; x_wconf 84' lang='lat' dir='ltr'>et</span> <span class='ocrx_word' id='word_1_321' title='bbox 932 2874 994 2898; x_wconf 80' lang='lat' dir='ltr'>va·</span> <span class='ocrx_word' id='word_1_322' title='bbox 1060 2868 1096 2898; x_wconf 81' lang='lat' dir='ltr'>et</span> <span class='ocrx_word' id='word_1_323' title='bbox 1115 2860 1283 2900; x_wconf 84' lang='lat' dir='ltr'>Ecclesiae</span> <span class='ocrx_word' id='word_1_324' title='bbox 1300 2861 1347 2900; x_wconf 84' lang='lat' dir='ltr'>ab</span> <span class='ocrx_word' id='word_1_325' title='bbox 1373 2876 1415 2902; x_wconf 82' lang='lat' dir='ltr'>eo</span> <span class='ocrx_word' id='word_1_326' title='bbox 1441 2864 1615 2901; x_wconf 61' lang='lat' dir='ltr'>instituta}</span> <span class='ocrx_word' id='word_1_327' title='bbox 1637 2863 1863 2901; x_wconf 78' lang='lat' dir='ltr'>divinitatem</span> 
     </span>
     <span class='ocr_line' id='line_1_36' title="bbox 188 2918 1303 2974; baseline 0.007 -17"><span class='ocrx_word' id='word_1_328' title='bbox 188 2918 324 2960; x_wconf 62' lang='lat' dir='ltr'>liciniis</span> <span class='ocrx_word' id='word_1_329' title='bbox 338 2950 350 2970; x_wconf 88' lang='lat'><em>‚</em></span> <span class='ocrx_word' id='word_1_330' title='bbox 380 2926 581 2974; x_wconf 74' lang='lat' dir='ltr'>praesertim</span> <span class='ocrx_word' id='word_1_331' title='bbox 601 2937 682 2962; x_wconf 78' lang='lat' dir='ltr'>vero</span> <span class='ocrx_word' id='word_1_332' title='bbox 705 2923 840 2963; x_wconf 81' lang='lat' dir='ltr'>Christi</span> <span class='ocrx_word' id='word_1_333' title='bbox 855 2939 874 2963; x_wconf 84' lang='lat' dir='ltr'>a</span> <span class='ocrx_word' id='word_1_334' title='bbox 898 2939 998 2964; x_wconf 86' lang='lat' dir='ltr'>mor·</span> <span class='ocrx_word' id='word_1_335' title='bbox 1064 2926 1303 2965; x_wconf 75' lang='lat' dir='ltr'>ostendimus.</span> 
     </span>
     <span class='ocr_line' id='line_1_37' title="bbox 189 2988 999 3043; baseline 0.007 -21"><span class='ocrx_word' id='word_1_336' title='bbox 189 2988 258 3024; x_wconf 81' lang='lat' dir='ltr'>tuis</span> <span class='ocrx_word' id='word_1_337' title='bbox 297 2991 559 3028; x_wconf 64' lang='lat' dir='ltr'>resurrectione</span> <span class='ocrx_word' id='word_1_338' title='bbox 582 3019 592 3037; x_wconf 92' lang='lat'>‚</span> <span class='ocrx_word' id='word_1_339' title='bbox 629 2989 792 3029; x_wconf 82' lang='lat' dir='ltr'>divinam</span> <span class='ocrx_word' id='word_1_340' title='bbox 835 2990 999 3043; x_wconf 82' lang='lat' dir='ltr'>ejusdem</span> 
     </span>
    </p>
   </div>
  </div>
 </body>
</html>
