2028 3354
1688 229 1779 275 411·

339 250 463 279 PART.
501 250 531 278 1.
570 249 694 279 SEGT.
734 249 783 279 11.
819 249 919 279 GAP.
967 250 1016 278 11.
1052 249 1106 279 DE
1149 248 1327 279 PRIMAT.
1366 247 1544 277 PERPET-

91 361 315 409 ducendis
357 361 581 424 longiores
626 361 783 408 simus.
827 362 891 408 Ex
933 360 1109 426 quibus,
1131 370 1344 420 constat,
1377 361 1486 407 satis
1512 377 1606 406 non
1642 358 1783 406 fuisse

91 438 303 486 Patribus
354 455 514 486 vocare
545 456 662 484 rom.
701 439 942 485 Pontifices
977 455 1255 485 successores
1292 438 1451 497 Petri,
1491 451 1786 483 successores

88 512 138 561 in
162 515 386 561 cathedra
423 515 572 571 Petri3
611 531 769 561 verum
801 515 840 561 ei
871 524 1093 579 praeterea
1123 513 1414 570 tribuerunt,
1449 530 1553 578 quae
1593 509 1779 558 nonnisi

90 591 172 636 uni
207 589 415 637 Ecclesiae
452 591 640 653 primati
675 599 936 654 competere
975 597 1166 654 queunt.
1216 590 1323 635 Haec
1361 590 1485 635 enim
1518 587 1785 635 testimonia

91 675 272 712 tantam
294 667 391 713 vim
420 666 623 716 habent.
639 675 692 712 ut
711 666 1001 713 adversarius
1023 674 1203 712 coactus
1227 664 1364 710 fuerit
1377 665 1467 711 suis
1481 665 1607 711 illam
1629 664 1789 727 glossis

90 752 364 802 extenuare7
387 753 524 807 prout
550 744 762 806 praestitit
781 743 828 787 in
851 742 1116 787 testimonio
1138 742 1378 805 Cyprianig
1412 759 1520 788 nam
1544 742 1630 788 hoc
1649 743 1748 805 ipso
1771 777 1783 800 ἢ

90 819 214 883 quod
247 820 505 884 Cyprianus
553 821 742 865 Romam
791 817 1060 880 navigantes
1094 816 1319 865 admonet
1361 819 1410 865 in
1452 817 1548 864 solo
1580 817 1789 880 legitimo

91 897 215 943 Petri
245 913 500 943 successore
533 894 743 941 Cornelio
778 895 1115 956 agnoscendam
1140 913 1237 942 esse
1267 913 1320 942 ac
1350 893 1602 941 tenendam
1626 894 1787 941 Eccle-

90 976 173 1018 sz‘oe
208 973 445 1018 catholicoe
475 972 688 1018 radicem
722 979 765 1017 et
793 973 1040 1017 matricem
1060 1007 1070 1029 a
1093 980 1247 1036 patet,
1283 988 1338 1018 ex
1360 974 1456 1033 ejus
1478 978 1638 1016 mente
1666 968 1786 1016 hanc

91 1040 187 1095 esse
211 1049 332 1095 Petri
365 1063 671 1094 successorum
706 1047 1071 1110 praerogativam.
1108 1047 1237 1094 Idem
1270 1047 1344 1095 dic
1383 1048 1441 1094 de
1472 1047 1615 1093 altera
1637 1046 1785 1110 glossa

93 1124 248 1173 verbis
290 1126 474 1186 Patrum
516 1122 962 1170 Chalcedonensium
1004 1127 1240 1189 opposita,
1283 1141 1387 1190 quae
1419 1123 1784 1171 luculentissima

92 1210 222 1261 sunt3
260 1200 346 1263 ipsi
375 1199 501 1246 enim
522 1207 778 1263 agnoscunt
796 1216 820 1246 a
852 1200 1088 1247 Salvatore
1119 1203 1267 1247 vitzeoe
1310 1217 1388 1247 seu
1413 1199 1621 1264 Ecclesiae
1644 1202 1785 1247 totius

92 1275 341 1323 custodiam
376 1292 493 1321 rom.
532 1275 742 1321 Pontifici
791 1277 860 1322 uti
893 1278 1016 1323 Petri
1054 1277 1299 1324 successori
1347 1278 1670 1334 commissam7
1711 1276 1785 1323 cui

93 1352 373 1416 profitentur
407 1369 455 1398 se
484 1360 706 1416 tanquam
731 1351 943 1400 membra
969 1354 1107 1419 capiti
1140 1354 1353 1417 conjungi
1370 1390 1382 1408 ,
1408 1370 1489 1400 seu
1512 1352 1639 1418 quod
1658 1352 1785 1401 idem

89 1437 186 1486 est,
216 1427 304 1475 sibi
339 1445 444 1474 eum
478 1433 601 1475 sicut
624 1431 851 1476 membris
881 1440 1028 1493 caput
1049 1447 1246 1493 proeesse
1268 1430 1358 1493 (l).
1396 1430 1527 1489 Quod
1549 1447 1659 1477 vero
1676 1446 1785 1495 spe-

90 1513 184 1551 ctat
223 1504 280 1551 ad
316 1522 616 1551 romanorum
643 1506 916 1553 Pontificum
938 1524 1195 1572 eorumque
1222 1507 1509 1570 legatorum,
1542 1523 1622 1553 seu
1650 1524 1784 1571 pres—

89 1579 361 1644 byterorum
399 1598 694 1628 romanorum
725 1583 889 1642 effata,
925 1582 1092 1647 quibus
1119 1582 1224 1629 Sedi
1247 1582 1504 1648 apostolicae
1529 1584 1784 1648 primatum

85 1658 189 1717 jure
209 1657 369 1704 divino
387 1657 680 1716 adscribunt„
703 1658 950 1705 ridiculum
968 1676 1076 1706 sane
1098 1668 1184 1717 est,
1205 1660 1329 1721 quod
1347 1659 1635 1707 adversarius
1657 1675 1785 1706 asse-

89 1733 179 1790 rit,
221 1732 269 1778 id
306 1749 382 1780 eos
419 1751 474 1780 ex
520 1733 739 1782 veniabili
777 1735 1004 1783 desiderio
1040 1733 1291 1782 extollendi
1336 1751 1579 1783 romanam
1616 1734 1785 1783 Sedem

92 1809 374 1873 praestitisse.
414 1811 532 1857 Nam
553 1812 591 1857 si
607 1815 712 1873 jura
745 1811 833 1858 sibi
853 1810 1060 1859 indebita
1085 1820 1406 1876 usurpassent,
1437 1829 1499 1858 an
1522 1812 1659 1859 ceteri
1688 1828 1784 1857 non

91 1884 417 1933 reclamassent
449 1887 658 1952 Episcopi
682 1889 729 1934 in
763 1888 965 1935 Concilio
985 1888 1236 1953 praesertim
1263 1889 1545 1952 congregati,
1583 1889 1784 1935 maxime

93 1977 204 2011 vero
235 1961 399 2024 graeci‘?
445 1964 526 2010 Ast
548 1981 688 2011 nemo
715 1966 922 2030 profecto
958 1982 1166 2030 unquam
1195 1966 1482 2013 reclamavit.
1518 1965 1652 2011 Certe
1681 1982 1786 2013 aca-

92 2036 250 2085 tholici
267 2073 280 2098 ,
309 2039 386 2103 qui
409 2041 719 2105 usurpationis
742 2050 957 2089 accusant
975 2059 1093 2088 rom.
1118 2040 1449 2102 Pontifices7ad
1469 2040 1619 2088 sidera
1639 2058 1785 2106 usque

93 2131 252 2162 vocem
284 2115 542 2174 extollunt3
578 2116 767 2166 evidens
790 2118 927 2181 igitur
956 2127 1025 2164 est
1054 2135 1129 2165 eos
1156 2117 1213 2164 ab
1244 2118 1534 2183 antiquitatis
1565 2126 1613 2164 et
1637 2116 1785 2164 tradi-

96 2191 233 2238 tionis
265 2190 473 2239 doctrina
498 2193 565 2239 uti.
593 2194 641 2240 in
666 2193 764 2240 aliis
791 2204 837 2241 et
868 2195 917 2240 in
940 2193 1027 2241 hoc
1045 2194 1150 2242 fidei
1179 2195 1372 2243 articulo
1395 2194 1653 2242 descivisse.

163 2265 272 2314 595.
308 2269 371 2314 Ex
404 2268 529 2316 hisce
573 2278 733 2334 patet,
758 2288 843 2317 nos
873 2270 999 2318 haud
1031 2271 1239 2335 indigere
1279 2272 1553 2319 testimoniis
1589 2269 1782 2336 spuriis,

95 2357 196 2406 quae
226 2343 275 2389 in
314 2355 475 2410 quarta
521 2345 662 2393 classe
700 2346 758 2393 ab
792 2346 1055 2395 adversario
1094 2357 1425 2407 recensentur,
1471 2363 1668 2413 quaeque
1697 2345 1785 2410 ipsi

154 2516 207 2566 (l)
237 2513 438 2568 Singularis
458 2521 567 2571 plane
587 2522 902 2573 est'agendiratio‚

99 2595 211 2634 quam
242 2590 339 2621 tenet
365 2583 533 2632 Palmer,
567 2589 631 2638 qui
668 2601 752 2624 cum
777 2591 908 2640 praevi—

96 2647 196 2686 deret
215 2676 227 2695 ,
254 2651 441 2688 assertioni
465 2664 539 2689 suae
569 2651 615 2690 de
646 2651 722 2690 alto
758 2653 909 2691 silentio

97 2712 301 2752 traditionis
334 2716 469 2766 opponi
491 2731 511 2754 a
537 2715 733 2756 Catholicis
755 2720 911 2769 potuisse

97 2780 504 2819 auctoritatemPatrum
522 2780 884 2821 chalcedonensium
897 2814 906 2830 ‚

98 2845 163 2895 qui
174 2851 296 2896 aperte
324 2847 544 2898 profitentur
559 2879 570 2893 ‚
598 2847 759 2887 Leonem
781 2879 791 2896 ,
815 2849 911 2888 Petri

101 2910 140 2946 in
163 2911 332 2950 cathedra
357 2926 602 2951 successorem
619 2944 629 2960 ‚
652 2914 731 2953 sihi
747 2927 912 2966 proeesse

100 2981 144 3011 ut
172 2983 288 3027 caput
323 2979 524 3026 membris,
560 2979 672 3032 idque
695 2994 736 3019 ex
775 2980 911 3019 Christi

36 3046 42 3055 ’
99 3040 356 3090 dispositione,
372 3046 435 3096 qui
445 3046 477 3082 ei
493 3046 603 3083 totius
615 3047 757 3091 vinem,
779 3059 911 3098 nempe

973 2521 1149 2563 Ecclesiae
1164 2524 1375 2563 custodiam
1387 2524 1668 2564 demandaverat
1685 2528 1786 2578 3ipse

975 2602 1035 2626 eos
1066 2592 1238 2640 praevenit
1264 2590 1394 2628 fucatis
1417 2591 1697 2643 glossematibus
1724 2606 1786 2630 ex-

976 2656 1163 2693 tenuando
1184 2658 1257 2693 vim
1271 2656 1383 2708 hujus
1396 2659 1595 2695 testimonii
1613 2657 1705 2696 adeo
1729 2671 1786 2694 so·

976 2718 1124 2760 lemnis.
1139 2720 1242 2759 Idem
1253 2720 1312 2759 dic
1325 2721 1369 2760 de
1383 2729 1480 2760 textu
1495 2722 1533 2760 S.
1549 2721 1782 2775 Hieronymi=

975 2783 1100 2837 Super
1117 2785 1216 2824 hanc
1227 2792 1373 2838 petram
1387 2816 1400 2836 ,
1420 2792 1504 2827 etc.·
1516 2786 1547 2826 O
1569 2796 1687 2826 artem
1702 2802 1784 2827 vere

976 2850 1183 2900 praeclaram
1202 2853 1210 2889 l
1245 2850 1391 2891 Verum
1429 2853 1505 2891 haec
1530 2855 1599 2905 ipsi
1633 2867 1690 2891 ars
1717 2867 1785 2891 ne-

977 2919 1129 2955 cessaria
1154 2919 1277 2956 estad
1301 2917 1544 2958 collabentem
1568 2919 1786 2971 anglicanis-

978 2995 1081 3020 mum
1093 2983 1264 3022 adversus
1284 2983 1499 3023 dissidentes
1515 2990 1552 3024 et
1575 2984 1783 3023 catholicos

978 3061 1212 3101 quacumque
1220 3048 1370 3088 demum
1380 3051 1522 3089 ratione
1534 3049 1778 3088 fulciendum!
