2028 3354
1760 220 1827 252 Vll

201 346 361 410 Neque
381 359 492 393 vero
512 343 683 389 mirum
702 340 866 405 cuique
888 338 1035 389 videri
1055 335 1196 386 debet
1214 372 1226 396 ,
1253 336 1378 403 quod
1401 336 1627 384 Locorum
1650 333 1827 382 theolo-

138 444 342 508 gicorum
374 440 752 507 explanationem
790 436 971 485 duobus
1005 433 1321 484 voluminibus
1358 434 1438 482 vix
1462 433 1822 482 exhauserimus.

137 544 282 601 Nam,
307 541 554 607 quominus
577 538 806 604 parciores
826 537 876 583 in
898 534 1145 583 scribendo
1176 549 1279 581 esse
1312 548 1582 596 possemus,
1621 542 1725 580 tum
1762 533 1831 581 rei

137 641 335 705 gravitas
366 649 506 704 atque
531 638 660 702 copia
681 671 694 695 ‚
724 643 826 681 tum
860 631 1063 679 instituti
1084 630 1234 678 nostri
1268 629 1412 688 ratio,
1447 646 1534 677 nec
1566 648 1665 678 non
1686 632 1833 680 aetatis

141 757 243 805 quae
261 755 388 786 nunc
410 747 482 785 est
506 734 711 783 conditio
734 729 1091 798 prohibuerunt.
1129 728 1408 777 Incredibile
1439 730 1568 777 enim
1585 729 1712 778 dictu
1735 741 1804 780 est
1818 769 1832 792 a

138 846 315 904 quanto
342 836 542 888 vesaniae
571 849 623 880 ac
637 830 802 878 furoris
822 837 935 876 aestu
960 827 1236 876 heterodoxi
1260 827 1475 875 homines
1490 865 1503 887 ‚
1533 846 1627 893 quo
1648 828 1838 877 inclina-

145 944 247 983 tum
274 944 319 981 et
344 948 489 999 prope
517 928 768 994 collapsum
803 928 1242 993 protestantismum
1261 935 1519 992 utcumque
1545 928 1837 988 sustentent,

141 1033 191 1078 in
233 1027 550 1078 labefactanda
587 1025 822 1075 catholicae
856 1024 1063 1073 Ecclesiae
1102 1024 1427 1090 imprimisque
1458 1042 1577 1074 rom.
1603 1025 1840 1073 Pontificis

145 1128 441 1187 auctoritate,
468 1127 725 1191 ceterisque
761 1141 897 1172 sacrae
931 1123 1187 1187 Theologiae
1233 1122 1439 1171 fontibus
1481 1123 1842 1190 corrumpendis

145 1227 386 1275 unanimes
407 1223 697 1273 adlaborent.
723 1225 818 1272 Nee
840 1223 975 1270 facile
1004 1221 1220 1288 explicari
1240 1230 1411 1287 potest,
1436 1238 1579 1286 quam
1601 1221 1841 1270 fallacibus

143 1327 297 1392 eisque
323 1325 460 1375 variis
479 1342 531 1372 ac
550 1322 887 1389 multiplicibus
915 1320 1093 1369 artibus
1112 1329 1334 1380 utantur,
1356 1330 1562 1386 quotque
1580 1322 1631 1368 in
1657 1321 1755 1378 dies
1779 1331 1842 1370 te-

144 1423 355 1472 terrimas
393 1423 758 1471 machinationes
812 1418 1077 1468 moliantur.
1101 1419 1512 1485 *Quandoquidem
1540 1420 1680 1484 igitur
1726 1411 1843 1468 illud

144 1531 375 1588 perpetuo
396 1522 552 1569 animo
567 1521 872 1568 constitutum
887 1519 1159 1582 gesserimus
1174 1554 1186 1576 ,
1214 1527 1266 1565 ut
1289 1535 1385 1583 prae
1402 1518 1620 1567 obsoletis
1635 1519 1845 1582 jamdiu-

144 1636 234 1683 que
262 1619 470 1684 protritis
494 1634 707 1665 errorum
723 1654 736 1677 ,
763 1618 845 1682 qui
873 1617 922 1663 in
948 1617 1198 1681 praesentia
1231 1626 1526 1680 grassantur,
1555 1618 1846 1682 potissimam

148 1714 428 1762 haberemus
467 1714 726 1774 rationem„
762 1714 1055 1761 committere
1082 1732 1179 1761 non
1210 1715 1474 1779 potuimus,
1510 1724 1563 1761 ut
1597 1715 1733 1763 hasce
1762 1733 1846 1766 va-

149 1814 443 1861 ferrimorum
475 1812 722 1860 hominum
763 1812 953 1860 technas
984 1812 1124 1877 paulo
1152 1812 1406 1861 studiosius
1443 1830 1541 1859 non
1570 1823 1848 1862 consectare·

149 1930 282 1972 mur,
317 1930 408 1978 quo
448 1912 544 1976 ipsa
579 1911 951 1959 manifestatione
983 1910 1232 1959 debilitatae
1264 1921 1311 1959 et
1343 1912 1500 1959 fractae
1529 1912 1842 1961 conciderent.

216 2107 433 2155 Ceterum
446 2106 565 2155 nihil
586 2107 695 2155 inde
709 2117 974 2155 nostrarum
988 2106 1338 2173 praelectionum
1355 2108 1499 2155 moles
1511 2112 1638 2170 justo
1650 2110 1849 2175 amplius

151 2206 386 2254 excrescit.
419 2205 505 2253 Hic
532 2206 657 2253 enim
686 2206 766 2271 qui
799 2205 856 2254 de
886 2205 1012 2253 Locis
1039 2215 1108 2253 est
1137 2205 1404 2270 theologicis
1427 2243 1439 2265 7
1466 2216 1606 2272 atque
1632 2207 1750 2255 alter
1791 2208 1851 2255 de

154 2320 262 2351 vera
288 2303 509 2368 religione
528 2312 777 2365 tractatus,
810 2313 1058 2370 apparatus
1074 2304 1174 2353 loco
1197 2304 1257 2352 ad
1271 2306 1543 2353 universam
1569 2304 1851 2370 theologiam

159 2398 320 2448 haberi
341 2400 546 2461 debent,
572 2401 807 2468 iidemque
829 2412 1077 2468 propterea
1107 2420 1313 2450 seorsum
1338 2419 1364 2450 a
1387 2402 1577 2467 reliquis
1603 2402 1680 2450 edi
1708 2413 1848 2470 atque

167 2499 216 2543 in
235 2514 371 2546 usum
398 2499 561 2549 deduci
588 2510 798 2566 possunt.

222 2692 377 2740 Nihilo
397 2701 557 2741 tamen
580 2694 723 2740 secius
747 2730 759 2754 ‚
795 2704 848 2742 ut
876 2695 930 2742 iis
961 2694 1103 2743 etiam
1139 2694 1337 2761 collegiis
1368 2712 1548 2744 morem
1568 2714 1781 2761 geramus
1803 2717 1855 2746 ac

159 2791 429 2840 clericorum
459 2791 676 2858 ephebeis
692 2828 706 2851 ‚
732 2793 784 2839 in
803 2792 970 2858 quibus
989 2792 1175 2842 brevior
1206 2811 1346 2841 usura
1376 2796 1600 2860 temporis
1628 2796 1689 2843 ad
1719 2796 1853 2845 theo-

161 2889 296 2954 logiae
325 2888 606 2938 curriculum
631 2889 972 2940 absolvendum
991 2908 1077 2956 pro
1108 2908 1188 2939 sua
1214 2891 1473 2941 studiorum
1499 2894 1679 2943 ratione
1700 2911 1857 2942 conce-

162 2987 287 3036 ditur
305 3025 319 3049 ,
352 2988 490 3038 simul
510 3007 563 3038 ac
579 2989 778 3039 alterum
808 2990 1095 3039 tractationis
1115 2989 1252 3054 huJ‘us
1285 2991 1510 3044 volumen
1542 2991 1716 3057 publici
1741 2992 1857 3055 juris
