2028 3354
1694 170 1782 219 117

463 189 585 220 PART.
623 188 654 218 1.
693 189 792 220 CAP.
827 188 894 219 11-1.
930 188 985 219 DE
1018 187 1230 221 ECCLESIAE
1264 189 1403 220 nous.

119 303 364 350 audiantur
380 338 393 362 a
414 301 671 367 praesertim
696 301 906 349 damnari
922 319 1017 348 non
1043 301 1214 349 debent
1236 301 1294 349 ab
1317 302 1370 348 iis
1399 302 1707 366 quifspectant
1724 301 1783 348 ad

116 379 374 426 Romanam
404 378 810 435 communioncm3
843 377 922 424 sed
958 377 1147 441 quaestio
1177 378 1363 424 actualis
1408 377 1674 424 schismatis.
1703 393 1785 424 seu

115 453 482 520 separationisab
496 452 690 500 Ecclesia
705 453 924 500 catholica
938 452 1132 499 candide
1150 462 1220 500 est
1234 452 1536 500 examinanda
1549 452 1640 515 (l).
1655 453 1785 515 Ergo.

179 530 290 575 200.
330 531 467 593 Resp.
499 528 570 575 Ad
602 529 693 586 1111,
729 528 847 591 Ney.
882 528 1092 573 Christus
1123 527 1248 572 enim
1279 528 1529 591 perfectam
1560 527 1788 574 unitatem

114 612 336 668 tanquam
368 604 698 668 proprietatem
727 602 1015 650 essentialem
1055 617 1106 646 ac
1135 600 1537 648 tesseram'voluit
1571 618 1667 648 esse
1700 603 1785 649 Ec-

82 674 84 676 *
113 678 260 727 clesiae
291 697 410 738 suae,
450 688 502 724 ut
533 687 710 725 constat
747 695 802 724 ex
840 675 988 722 allatis
1022 672 1403 738 probationibus,
1446 693 1547 739 quae
1588 676 1784 740 proinde

113 770 354 819 nunquam
394 755 667 815 formaliter
706 750 980 813 interrumpi
1018 756 1169 813 potest
1184 783 1198 807 a
1236 750 1348 814 quin
1390 759 1551 814 pereat
1589 750 1786 800 Ecclesia

109 830 208 892 ipsa
227 866 239 888 7
275 846 325 875 ac
360 828 712 884 deficiat'nota,
748 842 837 889 qua
869 842 893 870 a
918 824 1051 871 sectis
1078 825 1241 888 quovis
1267 833 1477 891 tempore
1510 826 1643 873 unica
1679 843 1786 874 vera

110 903 305 950 Ecclesia
336 902 530 949 discerni
553 899 711 964 possit.

173 980 286 1026 201.
323 978 393 1025 Ad
421 979 505 1035 2111,
531 993 611 1023 seu
633 975 693 1022 ad
714 977 776 1022 1m
792 975 927 1041 prob.
948 977 1072 1024 Dz'st.
1091 976 1144 1022 Id
1162 985 1248 1036 est,
1271 995 1454 1025 necesse
1474 987 1558 1037 est,
1583 986 1786 1042 spectata

108 1054 315 1100 humana
329 1052 596 1098 infirmitate
612 1086 626 1110 ,
648 1060 706 1097 ut
726 1056 921 1098 veniant
942 1052 1173 1098 scandala
1191 1069 1248 1099 ex
1267 1062 1401 1118 parte
1419 1052 1784 1113 individuorum,

107 1137 154 1176 et
176 1137 382 1191 oporteat
402 1129 596 1175 haereses
619 1144 699 1174 seu
726 1128 974 1174 schismata
998 1144 1237 1192 esse‚-quae
1263 1137 1419 1175 tamen
1442 1128 1608 1175 idoneo
1629 1128 1784 1176 medio

106 1203 325 1253 divinitus
342 1203 554 1249 instituto
575 1212 926 1268 compescantur
942 1239 955 1262 ,
976 1220 1126 1261 cone.,·
1148 1219 1248 1267 quae
1266 1202 1489 1250 inducant
1510 1203 1785 1251 divisionem

106 1278 346 1326 formalem
368 1280 417 1325 in
440 1279 538 1343 ipsa
570 1279 743 1326 unitate
771 1279 1006 1337 Ecclesiae,
1040 1269 1141 1342 neq.
1178 1280 1275 1325 Hoc
1301 1280 1426 1349 enim
1458 1279 1687 1344 posterius
1709 1297 1786 1327 re-

104 1363 281 1419 pugnat
312 1363 358 1401 et
385 1362 454 1400 est
483 1362 641 1418 aperte
670 1353 1109 1411 contradictorium3
1149 1363 1268 1400 esset
1300 1356 1424 1400 enim
1459 1354 1656 1401 Ecclesia
1692 1372 1784 1402 una

105 1438 153 1476 ct
169 1447 264 1477 non
287 1437 428 1487 esset,
453 1438 572 1475 esset
593 1429 723 1475 unita
737 1438 796 1478 ¹et
820 1430 964 1476 divisa
981 1465 993 1487 .,
1013 1428 1213 1475 identica
1240 1437 1287 1474 et
1306 1427 1501 1475 diversa.
1525 1430 1572 1474 Si
1594 1429 1782 1492 itaque,

103 1513 310 1569 spectata
329 1505 535 1550 humana
552 1503 902 1553 individuorum
917 1512 996 1550 aut
1008 1504 1147 1550 etiam
1160 1503 1472 1550 multitudinis
1494 1503 1784 1564 infirmitate,

158 1652 215 1706 (l)
240 1654 292 1692 Ita
316 1667 459 1691 rursum
485 1653 551 1691 Dr.
571 1652 715 1692 Palmcr
732 1683 743 1702 ,
762 1655 826 1706 qui
849 1667 910 1705 op.

103 1720 168 1761 cit.
192 1727 283 1771 part.
308 1732 350 1765 1,
376 1732 458 1769 cap.
483 1718 535 1768 4,
561 1726 646 1756 sect.
672 1716 720 1765 3,
746 1731 829 1771 pag.
861 1731 907 1769 71

102 1792 138 1822 et
166 1798 267 1836 seqq.
303 1784 480 1834 prolixam
515 1783 584 1820 hac
617 1782 662 1820 de
691 1796 729 1821 re
752 1783 913 1821 instituit

100 1849 388 1901 disputationem
408 1876 418 1896 ‚
445 1861 558 1899 quam
588 1860 656 1884 nos
681 1848 720 1885 in
742 1861 911 1898 compen·

101 1914 205 1951 dium
231 1915 436 1964 redegimus
450 1942 461 1957 ,
483 1921 525 1950 ut
553 1912 659 1950 nobis
681 1913 906 1963 persuadeat,

101 1977 299 2017 Ecclesiam
329 1978 544 2016 catholicam
573 1977 777 2015 coalescere
799 1979 915 2015 etiam.

100 2057 143 2082 ex
165 2043 409 2091 societatibus,
434 2056 525 2095 quas
545 2056 611 2080 nos
634 2044 685 2080 uti
706 2044 909 2080 schismati-

101 2121 160 2146 cas
182 2110 399 2147 damnamus
420 2136 431 2157 ‚
458 2121 500 2145 ac
535 2116 721 2158 propterea
752 2108 906 2154 inferat,

102 2177 310 2214 societatem
350 2174 586 2226 anglicanam
629 2174 679 2211 ad>
706 2173 908 2211 Ecclesiam

102 2239 314 2278 catholicam
335 2242 513 2291 pertinere
529 2268 540 2286 ,
569 2240 737 2290 quamvis
766 2238 907 2276 nullam

104 2317 189 2341 cum
229 2306 405 2343 catholica
441 2305 632 2351 Ecclesia,
667 2304 704 2341 id
745 2312 822 2351 est,
849 2317 908 2341 ro-

103 2382 242 2415 mana,
273 2372 571 2407 communionem
605 2368 730 2407 habet.
759 2369 807 2407 Ut
838 2368 908 2405 hoc

103 2435 329 2484 paradoxum
349 2435 529 2483 adstruat,
544 2434 688 2471 nullum
701 2448 775 2471 non
789 2441 908 2472 movet

100 2500 264 2551 lapidem
284 2530 294 2547 ‚
329 2508 438 2551 atque
476 2516 517 2538 ex
555 2509 650 2538 statu
691 2500 908 2539 accidentali

103 2579 145 2605 ac
171 2567 387 2616 temporario
401 2594 411 2611 ‚
436 2567 474 2601 in
498 2579 571 2616 quo
590 2567 694 2616 juxta
715 2567 834 2616 ipsum
853 2567 909 2603 vi-

105 2631 182 2682 guit
217 2628 257 2669 in
285 2630 444 2668 Ecclesia
482 2630 604 2681 aliqua
639 2630 798 2677 divisio,
831 2643 910 2681 quae

105 2698 243 2747 pacatis
276 2696 384 2734 rebus
434 2695 575 2732 sublata
604 2701 681 2741 cst,
710 2697 786 2745 ipse
822 2707 911 2732 con-

105 2762 221 2800 cludit
235 2762 281 2801 ad
297 2769 435 2799 statum
458 2761 648 2798 divisionis
662 2761 911 2810 permanentis

113 2834 148 2865 ct
161 2841 243 2866 vere
258 2828 517 2874 schismaticae,
535 2838 615 2877 quae
627 2839 647 2863 a
662 2825 777 2863 tribus
797 2825 913 2863 ferme

114 2893 243 2930 seculis
265 2892 403 2931 obtinet
427 2895 522 2931 inter
542 2889 780 2935 Ecclesiam,
802 2904 913 2943 quam

113 2965 220 2996 vocat
246 2957 489 2997 britannicam
513 2971 576 2996 seu
595 2956 825 3007 anglicanam
842 2985 853 3004 ‚
879 2963 915 2995 ct

982 1654 1185 1693 Ecclesiam
1225 1669 1421 1693 romanam>
1450 1670 1513 1694 seu
1550 1655 1783 1696 catholicam.

981 1718 1050 1758 Ast
1070 1733 1138 1757 nec
1163 1733 1248 1758 vera
1271 1728 1356 1757 sunt
1389 1721 1480 1758 facta
1500 1750 1510 1768 ‚
1540 1734 1624 1773 quae
1642 1720 1787 1760 Palmer

981 1784 1106 1836 objicit
1124 1799 1169 1822 ex
1189 1784 1336 1822 historia
1361 1786 1599 1823 ecclesiastica
1616 1815 1626 1833 ‚
1643 1785 1689 1823 ad
1704 1799 1786 1824 sen-

980 1862 1062 1887 sum
1080 1857 1114 1886 et
1133 1862 1300 1899 scopum,
1316 1863 1426 1900 quem
1443 1850 1623 1896 intendit,
1638 1857 1678 1887 ut
1690 1857 1788 1900 patet

978 1927 1023 1952 ex
1061 1914 1389 1964 responsionibus,
1415 1928 1506 1965 quas
1540 1912 1782 1965 subjecimus.

977 1978 1148 2016 Ceterum
1176 1975 1251 2017 hoc
1269 1979 1490 2030 paradoxum
1512 1978 1656 2030 jamdiu
1679 1990 1786 2017 exco-

977 2045 1151 2095 gitaverat
1173 2042 1337 2081 Jacobus
1358 2043 1401 2090 I,
1425 2043 1563 2094 Angliae
1595 2042 1691 2090 Rex,
1717 2045 1782 2095 qui

977 2109 1075 2159 apud
1110 2107 1220 2147 Card.
1252 2108 1303 2146 du
1335 2107 1495 2156 Perron,
1538 2106 1720 2158 Replique
1757 2107 1783 2145 ὰ

976 2172 1013 2210 la
1052 2176 1204 2224 repense
1257 2173 1310 2210 du
1338 2172 1444 2223 Roy,
1482 2170 1541 2209 ch.
1578 2184 1621 2208 tx
1642 2198 1653 2218 ‚
1690 2169 1780 2209 edit.

976 2238 1090 2276 Paris.
1119 2237 1243 2285 1633,
1268 2252 1351 2290 pag.
1373 2235 1476 2287 474,
1500 2235 1644 2276 aiebat:
1668 2233 1781 2274 L’E-

973 2302 1067 2353 qliae
1098 2303 1282 2341 Romaine
1303 2332 1314 2350 ‚
1352 2302 1444 2339 dom
1483 2300 1520 2338 Ia
1566 2299 1738 2351 Grecque
1766 2330 1778 2348 ‚

975 2368 1279 2407 l‘Amiochienne
1303 2395 1316 2416 ,
1352 2361 1648 2418 l'E'qyptvienne,
1690 2364 1780 2404 I'A-

976 2435 1125 2486 byssine
1140 2464 1150 2482 ‚
1172 2433 1210 2471 Ia
1231 2433 1509 2483 M‘oscovitique
1532 2439 1568 2469 et
1584 2430 1778 2483 plusieurs

976 2507 1100 2538 autres
1127 2506 1211 2537 sont
1232 2498 1412 2536 membres
1428 2527 1438 2545 ‚
1460 2496 1550 2548 plus
1583 2494 1779 2534 excellente

978 2568 1002 2602 ὰ
1024 2563 1061 2602 la
1086 2565 1203 2602 verite
1222 2577 1269 2602 en
1284 2563 1453 2601 doctrine
1469 2568 1503 2598 et
1522 2574 1569 2598 en
1596 2561 1776 2598 sincerae

979 2627 1024 2665 de
1041 2628 1108 2680 foy
1135 2628 1186 2667 les
1219 2642 1293 2666 um
1325 2641 1397 2679 que
1428 2626 1478 2664 les
1501 2631 1650 2672 auum,
1677 2625 1777 2661 maie

979 2693 1149 2743 toutefois
1169 2693 1350 2731 membres
1374 2692 1420 2729 de
1450 2688 1610 2741 I'quise
1650 2687 1777 2726 catho-

981 2758 1080 2810 lique
1094 2787 1106 2807 ,
1124 2758 1169 2797 de
1189 2757 1344 2811 laquelle
1364 2756 1402 2796 lc
1427 2769 1548 2794 masse
1575 2761 1610 2793 et
1628 2753 1666 2792 la
1686 2766 1774 2792 eon-

982 2830 1124 2862 texture
1137 2853 1149 2873 ‚
1188 2830 1307 2875 quam
1329 2822 1353 2860 ὰ
1372 2821 1410 2858 la
1439 2821 1562 2871 forme
1585 2827 1735 2858 eoeteme
1756 2846 1767 2865 ‚

982 2894 1036 2927 ese
1060 2888 1113 2940 ja
1140 2887 1381 2940 long-tempe
1407 2885 1570 2924 diseouce
1616 2889 1652 2921 et
1694 2880 1775 2918 des-

979 2951 1147 2992 semblee.
1198 2950 1200 2954 ’
