2028 3354
424 225 546 255 PART.
584 226 616 252 1.
656 222 754 253 cn.
794 223 845 252 11.
881 223 935 251 mi
969 222 1148 252 cnms‘n
1182 222 1302 253 neor..
1341 222 1537 252 consur.
1757 203 1819 250 75

148 340 195 385 in
219 339 432 387 universo
451 337 628 384 mundo
646 337 731 401 (l).
755 338 952 384 Demum
979 334 1222 402 Apostolus
1239 335 1443 401 loquitur
1458 335 1515 384 de
1531 333 1820 401 plenitudine

148 415 352 477 gentium
375 413 434 460 ad
455 413 688 459 Christum
714 412 1028 460 convertenda
1053 412 1135 476 (2).

217 490 322 538 128.
362 490 406 536 Si
424 489 560 552 igitur
586 488 915 536 charismatum
934 488 1165 535 affluentia
1185 524 1197 547 .,
1216 486 1395 552 'quibus
1425 486 1669 534 Ecclesiam
1692 504 1820 535 suam

148 565 379 612 cumulare
410 564 615 611 Christus
645 565 885 630 promisit,
920 564 959 610 si
990 562 1263 611 foecunditas
1287 562 1505 627 perennis
1534 562 1584 608 in
1611 561 1821 626 gentibus

147 639 328 687 Christo
359 640 683 705 procreandis³
721 657 810 705 qua
844 639 1070 687 divinitus
1104 637 1299 684 Ecclesia
1333 636 1528 701 proedita
1556 648 1655 699 est,
1686 656 1822 702 argu-

144 725 302 762 mento
325 714 607 763 ineluctabili
635 724 744 761 sunt
769 713 981 761 eamdem
1019 712 1173 760 vivere
1198 713 1288 761 vita
1320 714 1660 775 supernaturali
1682 724 1822 779 atque

143 790 299 838 divina
331 809 413 856 per
435 791 646 837 intimam
670 788 876 851 ejusdem
897 805 1002 834 cum
1023 787 1206 835 Christo
1224 787 1448 834 unionem
1466 824 1478 847 ‚
1509 797 1640 853 patet
1656 826 1668 849 7
1700 790 1823 838 inter

142 867 345 913 animam
368 875 415 913 et
434 883 596 929 corpus
617 863 823 911 Ecclesiae
836 862 952 909 illud
969 862 1258 911 intercedere
1272 873 1511 922 mutuum,
1527 863 1651 929 quod
1677 880 1822 913 enun-

143 942 389 1001 ciavimus‚
434 939 786 1000 commercium,
831 956 923 1004 quo
952 939 1125 1002 jugiter
1155 955 1257 987 eam
1288 940 1447 988 vivere
1478 940 1821 1005 supernaturali

143 1017 282 1065 modo
311 1027 357 1064 et
380 1032 509 1079 agere
534 1016 788 1062 certissime
809 1014 1194 1081 deprehenditur.

208 1093 314 1140 129.
355 1093 417 1137 Ex
454 1090 539 1137 hac
567 1092 631 1138 sic
656 1092 906 1138 constituta
932 1091 1054 1138 thesi
1078 1092 1175 1138 non
1204 1092 1354 1139 solum
1387 1091 1687 1155 intelligimus
1714 1108 1824 1140 sen-

140 1185 238 1215 sum
264 1166 432 1213 Christi
459 1165 709 1214 verborum
739 1166 905 1233 quibus
932 1167 1030 1214 haee
1062 1168 1156 1216 vita
1188 1168 1397 1216 Ecclesiae
1418 1167 1709 1228 declaratur,
1739 1185 1824 1217 ve-

138 1260 242 1288 rum
263 1243 400 1289 etiam
424 1260 723 1305 germanum,
748 1261 934 1291 sensum
959 1243 1245 1308 assequimur
1267 1243 1488 1309 loquendi
1515 1262 1650 1304 usus,
1682 1260 1824 1310 quem

135 1318 371 1366 interdum
401 1321 559 1366 Patres
592 1319 924 1367 adhibuerunt.
954 1321 1075 1366 Sane
1106 1319 1312 1366 Christus
1343 1321 1407 1368 ita
1443 1320 1686 1386 Apostolos
1716 1338 1821 1369 suos

135 1393 385 1459 alloquitur
414 1412 424 1441 :
466 1396 552 1444 Vos
574 1405 731 1443 autem
762 1397 928 1443 videtis
951 1413 1053 1452 me,
1084 1399 1201 1458 quia
1229 1414 1308 1460 eqo
1332 1399 1434 1444 vivo
1463 1406 1507 1443 et
1531 1414 1607 1444 vos
1632 1399 1822 1451 vivetis;

133 1472 186 1516 in
212 1472 290 1517 illo
320 1472 396 1517 die
416 1488 491 1518 vos
519 1476 812 1535 eoqnoseetis,
837 1475 954 1534 quia
978 1488 1054 1535 eyo
1074 1489 1183 1518 sum
1204 1477 1258 1518 in
1276 1473 1423 1518 Patre
1441 1490 1572 1530 meo,
1601 1482 1644 1520 et
1671 1490 1747 1520 vos
1766 1479 1821 1520 in

135 1563 207 1592 me
235 1555 279 1592 et
302 1564 378 1610 eyo
406 1551 461 1592 in
489 1549 672 1594 vohis...
698 1550 757 1594 Si
782 1550 890 1610 quis
913 1548 1075 1610 diliyz't
1099 1564 1197 1603 me,
1233 1565 1491 1595 sermonem
1525 1565 1686 1596 meum
1716 1566 1821 1595 ser-

134 1623 291 1677 vabit,
313 1630 356 1668 et
375 1623 525 1669 Pater
544 1641 671 1671 meus
694 1625 862 1687 diliqet
879 1641 1013 1678 eum,
1041 1631 1084 1669 et
1107 1623 1296 1670 adeum
1320 1627 1578 1683 veniemus,
1611 1632 1655 1670 et
1680 1641 1821 1673 man-

134 1701 308 1744 sionem
335 1700 474 1760 apud
495 1716 600 1746 eum
623 1702 855 1762 faciemus
875 1699 962 1762 (3)
996 1700 1096 1757 Quo
1119 1716 1256 1745 sensu
1278 1698 1511 1746 scribebat
1541 1699 1785 1764 Apostolus
1806 1720 1817 1749 ε

133 1775 346 1836 Spiritus
377 1776 495 1821 vivit
523 1784 722 1838 propter
745 1776 1200 1837 justificationem...
1242 1777 1288 1822 si
1320 1777 1586 1822 seeundum
1625 1793 1820 1826 earnem

133 1850 348 1896 vixeritis
365 1885 377 1908 a
408 1853 686 1898 moriemini
699 1868 714 1905 ;
741 1855 787 1897 si
814 1860 973 1897 autem
996 1854 1177 1913 spiritu
1204 1854 1340 1914 facta
1371 1856 1540 1898 earnis
1559 1854 1820 1915 mortifica·

133 1927 321 1981 veritis,
359 1929 535 1973 vivetis.
577 1928 877 1991 Quicumque
903 1929 1082 1991 spiritu
1113 1928 1207 1974 Dei
1238 1938 1481 1992 affinitur,
1513 1931 1560 1974 ii
1584 1938 1701 1976 sunt
1721 1931 1822 1992 filii

133 2002 229 2047 Dei
247 2000 334 2063 (4).
360 2001 447 2059 Qui
470 2012 718 2068 propterea
740 2003 797 2050 de
817 2021 864 2051 se
887 2004 986 2068 ipso
1003 2002 1198 2068 loquens
1217 2040 1229 2063 7
1254 2005 1317 2050 ait
1338 2021 1349 2050 ε
1385 2005 1500 2053 Vivo
1526 2014 1687 2053 autem
1702 2010 1820 2068 jam

133 2093 228 2122 non
259 2094 360 2140 eqo,
389 2080 508 2125 vivit
535 2096 639 2126 vero
664 2084 719 2126 in
743 2097 815 2126 me
842 2080 1061 2128 Christus
1092 2080 1181 2143 (5).
1212 2080 1275 2127 Ut
1300 2080 1386 2127 alia
1417 2098 1538 2145 pene
1569 2082 1818 2131 innumera

135 2161 438 2216 praeteream,
477 2154 644 2219 quibus
673 2155 813 2220 plena
844 2163 954 2201 sunt
987 2172 1113 2202 sacra
1144 2154 1340 2221 eloquia.
1373 2158 1475 2205 Huc
1493 2158 1667 2221 pariter
1696 2159 1818 2207 refe-

133 2237 301 2275 runtur
320 2265 333 2288 7
353 2247 457 2295 quae
481 2232 635 2278 Patres
654 2231 941 2278 unanimiter
966 2231 1173 2278 scribunt
1190 2269 1202 2291 ‚
1229 2234 1485 2298 praesertim
1511 2250 1622 2281 vero
1656 2234 1702 2279 S.
1723 2234 1818 2281 Au—

139 2303 344 2364 gustinus
359 2341 372 2364 ⁷
404 2306 531 2371 quod
550 2307 600 2366 ii,
630 2307 710 2372 qui
731 2316 840 2355 sunt
859 2316 986 2354 extra
1015 2324 1177 2373 corpus
1200 2309 1389 2367 Christi7
1409 2327 1506 2356 non
1527 2310 1818 2358 vivificantur

137 2395 163 2422 a
186 2378 350 2442 spiritu
365 2381 562 2429 Christi:
590 2382 672 2432 Vis
690 2401 818 2448 erqo,
835 2384 987 2449 inquit
1004 2419 1016 2442 a
1036 2393 1081 2430 et
1096 2394 1146 2432 tu
1164 2389 1317 2432 vivere
1335 2387 1389 2431 de
1409 2388 1590 2448 spiritu
1608 2386 1788 2433 Christi
1795 2387 1818 2434 52

137 2453 200 2499 In
228 2470 417 2517 corpore
438 2466 527 2505 esto
558 2460 795 2508 Christi...
821 2460 935 2508 Non
955 2469 1107 2524 potest
1124 2464 1273 2508 vivere
1295 2478 1468 2524 corpus
1492 2462 1696 2518 Christi,
1717 2464 1821 2511 nisi

135 2528 194 2576 de
214 2532 397 2592 spiritu
427 2533 607 2581 Christi
620 2536 707 2599 (6).

189 2726 243 2776 (1)
270 2724 404 2765 Matth.
422 2739 531 2774 xxvn,
553 2728 599 2767 13
618 2741 631 2779 ;
651 2728 762 2770 Mare.
781 2743 872 2779 xlv,
892 2743 933 2784 9.
1057 2730 1110 2782 (6)
1139 2730 1262 2771 Tract.
1298 2733 1429 2780 xxxvi,
1463 2734 1502 2771 in
1527 2731 1635 2772 Joan.
1665 2747 1706 2773 n.
1751 2732 1814 2775 13.

190 2790 244 2842 (2)
271 2790 377 2830 Rom.
398 2792 470 2831 loc.
496 2794 559 2831 cit.
1002 2795 1054 2834 Ex
1084 2796 1141 2835 his
1169 2798 1306 2837 elarius
1327 2798 1612 2849 intelliguntur,
1647 2813 1730 2852 quae
1756 2813 1817 2838 su-

191 2855 245 2905 (3)
271 2855 382 2897 Joan.
412 2868 473 2896 xlv
486 2886 497 2906 ,
523 2860 663 2899 20-23.
1000 2862 1123 2912 petius
1141 2863 1432 2915 explanavimus,
1455 2862 1494 2903 S.
1515 2862 1683 2903 Doctoris
1701 2864 1813 2912 dicta,

193 2921 242 2969 (h)
269 2921 378 2962 Rom.
399 2924 487 2973 viii,
524 2924 656 2977 11-14.
1001 2926 1137 2979 quibus
1152 2929 1309 2969 affirmat
1322 2958 1333 2977 ‚
1347 2938 1549 2982 peccatores
1563 2943 1640 2969 esse
1664 2928 1815 2981 quidem

193 2984 249 3037 (5)
277 2986 393 3028 Galat.
415 2990 466 3037 ii,
497 3001 560 3028 20.
1001 2994 1041 3032 in
1070 3006 1217 3046 corpore
1254 2995 1422 3036 Ecclesiae
1446 3025 1456 3045 ‚
1491 3010 1568 3036 non
1606 3003 1728 3036 autem
1766 2994 1814 3035 de
