2028 3354
314 223 442 253 PART.
482 224 515 254 1.
555 222 673 253 sEcT.
710 221 759 252 11.
800 220 897 251 cAP.
936 220 1007 249 111.
1047 219 1100 248 DE
1136 217 1238 250 NAT.
1274 220 1326 249 ET
1363 220 1464 251 JUR.
1503 219 1627 251 rRffl.

1708 206 1804 253 489

121 352 174 382 eo
213 335 352 382 etiam
392 336 539 399 capite
575 333 701 398 quod
739 332 797 379 ad
835 341 1052 380 naturam
1092 332 1320 397 primatus
1351 332 1477 380 haud
1508 332 1804 398 pertineant,

120 410 180 457 ab
210 429 355 476 eoque
382 411 539 458 abesse
570 411 760 458 omnino
779 411 960 474 possint
977 408 1065 473 (l).
1090 408 1142 456 3⁰
1163 408 1379 474 Alioquin
1404 417 1607 473 potestas
1630 409 1808 476 prima-

118 488 238 535 tialis
259 525 271 547 ,
303 487 442 534 nullis
478 487 821 551 circumscripta
839 484 1064 533 limitibus
1084 521 1097 543 a
1114 502 1246 547 agere
1272 495 1429 550 posset
1449 522 1461 544 7
1491 496 1632 551 prout
1658 485 1809 534 libue-

117 564 206 624 rit,
229 581 280 610 ac
305 563 562 629 Episcopis.,
587 578 702 627 quos
721 562 916 627 Spiritus
932 562 977 608 S.
996 560 1055 607 ad
1081 560 1334 623 regendam
1357 560 1604 609 Ecclesiam
1627 562 1807 627 posuit,

118 638 214 684 sola
245 636 531 703 obsequendi
560 638 716 686 relicta
735 637 969 703 provincia
990 673 1002 690 ,
1036 653 1154 682 unus
1177 636 1387 683 Ecclesiae
1411 637 1609 697 primas,
1625 655 1711 703 pro
1732 638 1810 686 in-

120 712 312 761 definita
344 715 616 762 auctoritate
641 732 722 762 sua
739 750 752 773 .,
783 731 834 761 ea
862 729 1047 777 quoque
1076 720 1262 757 acturus
1288 721 1438 771 esset7
1468 730 1571 776 quae
1594 730 1621 761 e
1649 731 1812 762 secun—

117 789 256 838 dariis
286 799 471 838 tantum
501 789 775 839 muneribus
812 797 859 835 et
886 785 1331 835 considerationibus
1366 787 1637 852 profluunt,
1675 799 1722 837 et
1759 790 1812 837 in

118 865 425 914 Ecclesiarum
450 867 751 932 peculiarium
775 863 1112 911 detrimentum
1144 860 1431 910 redundant.
1452 863 1505 910 4⁰
1524 864 1588 911 Eo
1615 864 1689 913 vel
1711 883 1813 913 ma-

120 942 187 1005 gis
221 942 346 1007 quod
381 943 606 990 absonum
642 940 782 1007 plane
819 940 1063 1000 videatur,
1094 956 1192 985 non
1226 938 1363 986 aliter
1398 939 1495 987 fere
1533 949 1814 1006 conceptum

119 1020 363 1082 potestatis
389 1016 687 1084 primatialis,
709 1016 797 1062 nisi
827 1032 852 1062 e
879 1014 1127 1080 complexu
1151 1015 1364 1062 omnium
1389 1016 1583 1063 omnino
1608 1016 1812 1079 jurium,

120 1094 192 1140 uti
223 1094 463 1154 dicuntur,
494 1090 850 1140 accidentalium
878 1091 1142 1138 efformare.
1170 1092 1300 1154 Ergo.

188 1168 299 1216 713.
338 1170 478 1234 Resp.
512 1168 582 1215 Ad
620 1170 703 1224 1¹1¹
743 1169 870 1215 Dzst.
904 1167 1114 1214 Christus
1147 1168 1288 1214 etiam
1320 1168 1555 1233 Episcopis
1584 1168 1816 1216 commisit

123 1244 368 1292 Ecclesiam
388 1249 493 1307 jure
513 1244 747 1291 ordinario
771 1243 1023 1307 regendam
1050 1243 1146 1291 sive
1171 1243 1376 1291 mediate
1401 1245 1497 1291 sive
1515 1244 1815 1302 immediate,

122 1337 274 1376 conc..;
298 1319 589 1381 immediate,
615 1320 693 1369 vel
715 1329 866 1367 trans·
879 1319 955 1367 vel
966 1320 1104 1367 subd.
1126 1320 1243 1365 Cum
1267 1318 1582 1384 dependentia
1604 1338 1685 1367 seu
1703 1319 1817 1367 sub—

117 1398 319 1458 J’ectione
353 1397 508 1461 quoad
541 1396 813 1443 exercitium
841 1413 867 1442 a
896 1413 1016 1443 rom.
1041 1396 1289 1452 Pontifice‚
1314 1413 1439 1443 conc.
1454 1412 1469 1450 ;
1496 1395 1671 1462 absque
1703 1395 1818 1444 sub·

115 1473 318 1535 Jectione
340 1489 391 1519 ac
409 1471 724 1537 dependentia
740 1508 752 1530 7
774 1489 878 1536 neq.
905 1472 1126 1530 Quamvis
1149 1489 1312 1519 omnes
1332 1472 1640 1542 conveniant,
1662 1472 1817 1538 quoad

121 1557 402 1612 potestatem
434 1547 652 1608 Ordinis,
688 1564 794 1595 eam
833 1546 1004 1595 habere
1039 1548 1287 1613 Episcopos
1322 1546 1592 1596 immediate
1627 1567 1652 1596 a
1686 1550 1815 1610 Deo,

124 1640 222 1672 non
243 1641 404 1671 omnes
429 1633 588 1672 tamen
612 1625 715 1690 pari
741 1624 921 1672 ratione
941 1624 1153 1672 catholici
1178 1624 1381 1689 theologi
1401 1625 1449 1672 id
1472 1627 1627 1691 ipsum
1650 1634 1819 1675 tenent

124 1699 278 1763 quoad
304 1709 585 1765 potestatem
605 1700 963 1762 jurisdictionis,
993 1718 1134 1766 quam
1155 1719 1251 1748 non
1277 1703 1437 1767 pauci,
1468 1703 1592 1768 iique
1611 1704 1817 1767 insignes

125 1792 183 1821 ex
214 1775 324 1840 ipsis
344 1811 358 1836 .,
390 1776 681 1824 contendunt
713 1778 958 1843 Episcopus
994 1777 1267 1826 immediate
1304 1797 1329 1825 a
1371 1796 1555 1826 summo
1593 1781 1818 1830 Pontifice

125 1849 334 1901 derivare
369 1853 457 1917 (2).
489 1854 691 1913 Verum,
731 1862 779 1900 et
823 1853 906 1901 hoc
953 1854 1152 1914 omisso,
1191 1872 1330 1902 nemo
1366 1864 1437 1902 est
1457 1892 1470 1911 ἦ
1498 1856 1582 1921 qui
1603 1856 1816 1917 dubitet,

180 2014 230 2066 (1)
259 2013 343 2054 Non
363 2023 486 2055 tamen
504 2031 632 2057 omnes
650 2020 877 2058 conveniunt
894 2021 935 2058 in

127 2083 337 2120 recensione
373 2083 554 2135 ejusmodi
586 2086 728 2135 jurium
764 2086 938 2123 essentia-

125 2146 222 2184 lium
257 2154 292 2185 et
323 2148 619 2186 accidentalium.
652 2146 746 2187 Satis
777 2152 822 2187 sit
852 2162 937 2200 per-

129 2224 273 2250 currere
297 2226 386 2264 opus
410 2212 535 2251 Mauri
559 2214 605 2252 de
635 2214 818 2262 Schenkl,
845 2214 935 2252 ord.

127 2275 221 2314 Ben.
256 2275 530 2317 Institutione-s
552 2281 665 2330 juris
693 2279 938 2319 ecclesiastici

130 2342 341 2380 communis
357 2372 369 2388 ,
393 2344 483 2384 edit.
523 2358 593 2395 ιο,
629 2346 783 2384 adaucta
812 2360 832 2384 a
859 2346 937 2385 JOS.

129 2403 266 2445 Scheill
282 2435 294 2457 ‚
321 2408 540 2449 Laudishuti
564 2412 604 2449 in
632 2410 784 2450 Bavaria
813 2409 936 2459 1830,

131 2479 225 2523 pax-,t
249 2485 288 2521 1,
316 2472 392 2510 Jus
404 2474 936 2529 ecclesiasticumpublicum,

132 2544 221 2575 sect.
254 2550 300 2582 1,
333 2552 416 2589 cap.
450 2551 464 2576 1
483 2568 497 2588 ,
526 2539 546 2591 §
570 2540 648 2579 225
675 2549 709 2579 et
738 2555 843 2595 seqq.
874 2542 939 2581 ubi

133 2605 332 2641 constituta
354 2603 589 2644 distinctione
603 2607 700 2644 inter
714 2608 794 2659 jura
818 2620 940 2646 essen-

132 2668 229 2706 tialia
254 2673 291 2707 et
319 2672 540 2718 accessoria,
566 2671 782 2724 traditisque
805 2673 939 2724 regulis

133 2733 181 2771 ad
202 2747 243 2772 ea
270 2736 493 2774 secernenda
507 2764 519 2786 ‚
548 2738 669 2788 primo
685 2745 843 2776 recenset
857 2740 940 2791 jura

135 2799 339 2839 essentialia
365 2802 545 2853 generalia
563 2816 599 2840 iv
614 2830 627 2850 ‚
655 2803 789 2842 deinde
809 2817 852 2843 ex
868 2804 940 2842 illis

135 2863 283 2903 deducit
294 2868 464 2918 specialia
489 2881 525 2906 ix
543 2897 554 2915 ‚
586 2869 684 2907 inter
696 2881 795 2921 quae,
821 2883 863 2908 n.
887 2867 911 2908 5
927 2899 938 2918 ‚

128 2930 315 2983 ponitjus
334 2932 480 2971 decreta
501 2932 713 2985 dogmatica
732 2947 938 2974 rnovrsoma

133 2993 284 3035 edendi.
310 2996 506 3038 Descendit
540 3007 661 3051 postea
697 3000 743 3039 ad
777 3001 860 3053 jura
883 3014 938 3041 se-

1004 2019 1179 2058 cundaria
1217 2028 1255 2058 et
1294 2021 1491 2059 accessoria
1508 2049 1521 2069 ‚
1562 2034 1647 2074 quae
1694 2023 1821 2062 serius

1004 2099 1138 2137 nempe
1160 2085 1206 2123 ad
1229 2087 1430 2137 primatum
1455 2086 1637 2125 devenere
1653 2117 1664 2136 ,
1695 2102 1739 2127 ac
1756 2088 1822 2127 de-

1005 2164 1085 2189 cem
1109 2164 1278 2203 expresse
1310 2161 1526 2199 enumerat,
1552 2165 1635 2205 quae
1662 2151 1739 2192 illie
1760 2166 1821 2194 re-

1006 2217 1075 2254 coli
1105 2226 1272 2268 possunt.
1305 2216 1443 2255 Verum
1481 2217 1574 2265 alii,
1609 2226 1651 2256 ut
1680 2218 1823 2259 ibidem

1007 2281 1127 2321 videre
1154 2291 1206 2321 est
1238 2284 1277 2320 in
1302 2283 1627 2328 adnotationibus„
1667 2298 1727 2324 ex.
1762 2299 1821 2337 gr.

1005 2347 1250 2400 Rechberger‚
1264 2349 1374 2402 Frey,
1394 2349 1539 2399 Sauter‚
1566 2349 1734 2400 Walter,
1748 2359 1821 2391 ete.

1006 2414 1093 2452 alias
1115 2414 1313 2453 divisiones
1341 2428 1382 2453 ac
1413 2416 1682 2455 subdivisiones
1705 2416 1821 2456 indu-

1007 2488 1119 2528 cunt,
1145 2488 1179 2519 et
1211 2481 1258 2519 ad
1290 2481 1448 2520 diversas
1474 2482 1604 2521 classes
1629 2482 1819 2532 referunt,

1007 2559 1096 2597 quas
1135 2547 1247 2584 nimis
1287 2545 1439 2598 longum
1477 2556 1570 2586 esset
1606 2547 1823 2600 singillatim

1007 2624 1205 2651 recensere.
1235 2611 1312 2650 Cfr.
1341 2614 1450 2651 etiam
1475 2612 1698 2666 Roskovany
1714 2642 1729 2663 ‚
1758 2626 1820 2666 op.

1007 2677 1071 2715 cit.
1095 2674 1117 2729 ᾗ
1141 2675 1194 2729 49
1217 2686 1253 2715 et
1275 2691 1381 2730 seqq.

1062 2741 1114 2792 (2)
1128 2740 1237 2780 Hanc
1249 2744 1465 2781 sententiam
1478 2741 1825 2783 tenueruntS.Th0·

1008 2819 1085 2844 mas
1101 2835 1112 2854 ‚
1136 2805 1178 2847 S.
1196 2806 1454 2847 Bonaventura
1465 2837 1475 2854 ‚
1492 2807 1712 2857 Durandus,
1727 2808 1824 2848 Her-

1006 2884 1093 2909 veus
1104 2901 1115 2919 ‚
1128 2870 1169 2912 S.
1181 2872 1390 2911 Antoninus
1401 2902 1413 2921 ,
1427 2872 1607 2927 AEgydius
1614 2872 1798 2913 Columna
1808 2903 1821 2921 ,

1006 2935 1166 2976 Thomas
1191 2938 1406 2989 Argenfin„
1433 2938 1596 2978 Joannes
1622 2954 1641 2978 a
1668 2938 1792 2991 Celaja
1808 2968 1821 2988 ,

1003 3000 1228 3052 Mauclems,
1241 3002 1465 3053 Coeffeteau,
1482 3003 1594 3046 Joan.
1610 3003 1793 3045 Puteanus
1808 3032 1821 3054 ‚
