2028 3354
211 184 303 232 136

695 206 852 237 TRAGT.
891 209 943 238 1)ss
979 210 1098 241 Locts
1134 211 1434 242 THEOLOGIGIS.

197 316 343 384 gelica
371 318 470 381 (l),
504 334 669 365 verum
692 318 834 365 etiam
864 320 1099 370 affluentia
1125 323 1481 388 charismatum,
1517 326 1774 391 praesertim
1800 328 1889 375 mi-

202 393 496 452 raculorum⁷
525 410 668 457 quam
690 393 899 442 Christus
920 396 969 442 in
991 407 1271 462 perpetuum
1295 402 1502 449 Ecclesiae
1531 419 1621 449 suae
1651 403 1890 467 promisit,

203 476 343 532 atque
360 468 475 514 mira
506 469 810 518 foecunditate
828 472 878 517 in
900 473 1112 537 gentium
1136 477 1433 524 conversione
1450 514 1463 537 7
1486 495 1575 542 qua
1608 479 1733 524 idem
1755 478 1893 526 Chri-

201 552 297 588 stus
324 560 429 590 eam
455 545 700 609 praeditam
715 547 861 594 voluit
876 584 888 606 ,
914 548 951 594 si
975 548 1073 594 haec
1090 549 1248 595 omnia
1264 550 1313 595 in
1341 552 1537 600 Ecclesia
1563 571 1754 601 romana
1772 571 1891 601 sem-

197 634 284 681 per
311 628 496 683 reperta
518 629 629 667 sunt
655 638 706 668 ac
722 623 1045 687 reperiuntur,
1067 627 1173 685 jure
1201 624 1491 673 concluditur
1508 664 1521 687 ,
1552 646 1655 676 eam
1679 628 1764 675 hac
1779 638 1891 677 nota

198 691 389 755 fulgere.
431 696 538 742 Jam
580 713 692 760 vero
736 699 900 762 quovis
940 707 1152 763 tempore
1190 699 1404 748 homines
1441 705 1681 751 sanctitate
1720 705 1888 752 eximia

199 770 468 833 conspicuos
505 771 786 838 eosdemque
805 790 927 838 pene
948 774 1220 821 innumeros
1238 775 1289 822 in
1306 776 1385 822 illa
1408 776 1616 825 floruisse
1633 816 1645 838 .,
1669 779 1746 826 ille
1766 780 1889 826 solus

199 844 385 906 ignorat
404 882 415 904 ,
452 849 530 912 qui
560 852 657 911 ejus
683 849 823 896 fastos
845 850 1039 897 minime
1066 849 1420 915 perlustraverit
1448 853 1534 917 (2).
1571 856 1687 902 Item
1705 855 1891 902 consilia

198 921 462 984 evangelica
486 923 686 988 viguisse
705 934 752 971 et
775 924 926 972 adhuc
940 926 1097 990 vigere
1124 926 1173 973 in
1193 926 1357 975 eadem
1380 928 1577 976 Ecclesia
1595 966 1608 990 .,
1633 930 1891 978 innumerae

255 1097 307 1144 (Ι)
346 1097 480 1137 Merito
507 1097 547 1137 S.
573 1097 794 1137 Franciscus
832 1097 990 1138 Salesius
1007 1128 1018 1147 ‚

199 1169 397 1214 postquam
423 1164 593 1215 pluribus
617 1164 803 1211 ostendit,
832 1163 1019 1202 Christum

199 1228 412 1279 evangelica
429 1229 581 1267 consilia
593 1228 734 1267 dedisse
744 1228 918 1266 Ecclesiae
926 1242 1016 1277 suae,

197 1291 389 1331 concludit
406 1323 416 1340 ‚
435 1293 535 1331 illam
560 1306 641 1332 esse
658 1307 781 1331 veram
793 1292 1016 1341 Ecclesiam,

200 1369 283 1409 quae
296 1359 429 1409 quovis
444 1366 610 1409 tempore
622 1371 663 1396 ea
678 1360 884 1397 executioni
908 1373 1016 1396 man-

198 1422 387 1461 davitsed
399 1422 505 1460 lubet
516 1422 712 1475 ejusverba
723 1423 785 1461 hic
795 1423 1011 1462 describere:

200 1485 542 1538 E9l1'‚(Christus)‚
558 1489 694 1538 inquit,
714 1486 745 1524 li
755 1487 1014 1539 hapraticati‚

167 1563 170 1566 ’
199 1565 218 1588 c
248 1550 280 1588 li
309 1551 360 1588 ha
378 1551 474 1602 fatti
496 1554 695 1603 praticare
721 1551 797 1590 alla
813 1552 1017 1603 primitiva

201 1629 273 1654 sua
289 1615 430 1656 Chic-sa
443 1630 460 1665 ;
480 1618 569 1655 tutti
582 1629 672 1654 sono
685 1618 813 1655 scritti
824 1646 835 1665 ‚
857 1631 876 1655 e
893 1618 1015 1668 reqis-

200 1682 294 1719 tratt'
309 1695 320 1731 3
349 1695 369 1719 c
387 1681 424 1719 la
456 1683 538 1720 vita
566 1685 699 1719 istesso
735 1681 795 1718 del
822 1681 1017 1720 Salvatore

202 1746 298 1785 atero
326 1760 405 1785 non
430 1747 450 1784 ὲ
474 1747 541 1785 che
568 1747 634 1784 un'
654 1748 897 1785 instruzione
910 1761 985 1799 per
999 1749 1017 1785 ι’

204 1813 293 1849 suoi
303 1811 422 1863 fhdeli
437 1825 452 1860 ;
466 1812 620 1863 dunque
632 1810 670 1849 Ia
687 1811 828 1851 Chiesa
840 1825 887 1850 ne
901 1812 1014 1850 debbe

194 1876 281 1926 fare
301 1876 332 1913 il
353 1878 512 1928 proprio
536 1876 717 1928 profitto,
743 1877 789 1914 ed
815 1890 893 1914 uno
913 1875 1015 1928 deqli

197 1942 359 1979 esercizi
379 1941 479 1981 della
504 1943 693 1981 cristiana
717 1941 904 1993 reliqione
929 1943 948 1979 ὲ
968 1942 1013 1980 di

197 2007 398 2057 praticare
416 2014 552 2058 questa
586 2007 744 2059 povertd
761 2037 770 2055 ‚
797 2008 914 2058 quest’
943 2007 1012 2045 ub-

198 2071 383 2109 hidienza
397 2101 409 2117 ,
435 2086 455 2110 e
477 2081 604 2123 questa
621 2080 897 2123 anneqamento
916 2073 958 2110 di
972 2074 1010 2110 se

197 2136 418 2175 medesimo.
452 2136 491 2177 E
514 2138 556 2175 di
579 2137 676 2189 fatto
692 2167 702 2185 ,
740 2137 777 2174 la
802 2137 940 2176 Chiesa
960 2138 1011 2176 ha

197 2215 343 2254 sempre
380 2202 615 2254 frequentati
651 2203 812 2248 csercizi
842 2204 886 2239 in
917 2205 1011 2254 eqni

197 2281 266 2307 suo
290 2275 386 2307 stato
401 2299 412 2317 ‚
440 2269 594 2320 dunque
618 2282 686 2307 son
707 2270 796 2306 tutti
805 2272 944 2321 proprj
966 2270 1010 2309 di

196 2334 248 2372 lei
269 2350 283 2372 :
299 2334 512 2374 altrimenti
532 2350 557 2374 a
578 2336 645 2375 che
669 2335 766 2373 utile
790 2341 890 2373 tante
904 2349 1005 2373 esar-

196 2401 347 2437 tazioni
363 2429 375 2450 ‚
406 2415 446 2439 se
467 2415 545 2440 non
567 2402 758 2441 dovessero
780 2414 898 2439 essere
910 2414 1006 2453 pra-

195 2465 343 2502 ticate?
378 2465 530 2505 D’onde
560 2481 609 2505 ne
635 2480 747 2517 seque
768 2496 778 2513 ‚
811 2465 877 2504 che
906 2466 1003 2504 nella

194 2541 282 2567 vera
299 2528 439 2568 chiesa
456 2561 466 2577 ‚
482 2532 601 2570 debba
616 2530 848 2582 risplendere
861 2530 899 2568 la
913 2545 1003 2570 vera

186 2595 406 2646 persezione
430 2596 527 2636 della
549 2599 628 2636 vita
657 2598 856 2635 cristiana.
881 2596 1001 2636 Colle-

192 2660 303 2699 zione
337 2661 518 2713 completa
550 2663 593 2700 di
632 2669 722 2700 tutte
755 2662 788 2700 le
821 2676 929 2715 opere
957 2663 1001 2701 di

193 2725 237 2764 S.
260 2725 475 2764 Francesco
501 2727 543 2764 dt
557 2725 688 2765 Sales.
711 2728 853 2767 Brescia
880 2728 996 2777 1830,

193 2798 286 2828 tom.
317 2802 408 2838 viu,
444 2792 537 2830 disc.
566 2806 653 2841 xlv,
680 2807 762 2845 pag.
799 2806 885 2846 ¹9¹·
915 2794 993 2834 Cfr.

190 2856 300 2893 etiam
315 2855 406 2894 disc.
434 2868 495 2894 vui
519 2866 554 2896 et
579 2872 682 2911 seqq.
706 2859 746 2896 in
765 2857 898 2911 quibus
911 2873 997 2898 san-

192 2928 270 2957 ctus
293 2928 327 2958 et
344 2921 472 2960 doctus
485 2921 641 2970 praesul,
666 2925 731 2975 qui
745 2931 797 2962 tot
815 2930 894 2962 tum
913 2939 1000 2964 voce

193 2992 270 3022 tum
296 2988 435 3038 scriptis
455 2987 501 3026 de
524 2990 802 3040 protestantium
817 2990 1000 3030 erroribus

1087 1099 1294 1152 triumphos
1321 1104 1544 1152 reportavit,
1573 1104 1706 1142 evolvit
1730 1104 1894 1155 singilla-

1087 1167 1154 1204 tim
1177 1175 1392 1217 argumenta
1408 1194 1419 1215 ‚
1437 1180 1521 1220 quae
1536 1182 1604 1206 nos
1627 1169 1687 1206 vix
1699 1169 1891 1206 innuimus

1085 1230 1273 1270 brevitatis
1298 1234 1425 1284 gratia.

1139 1295 1191 1346 (2)
1221 1296 1315 1336 Satis
1334 1307 1386 1336 est
1411 1298 1458 1338 ad
1486 1298 1558 1336 hoc
1579 1296 1647 1336 sibi
1670 1297 1894 1349 persuaden-

1084 1359 1172 1399 dum
1191 1391 1202 1408 ,
1231 1370 1272 1400 ut
1294 1364 1377 1414 quis
1396 1364 1616 1401 immensam
1642 1363 1785 1401 evolvat
1808 1362 1893 1400 Bot-

1082 1425 1343 1465 landianorum
1376 1428 1647 1466 collectionem.
1674 1426 1751 1465 Cfr.
1783 1429 1893 1466 etiam

1083 1489 1236 1528 Coccius
1251 1519 1262 1537 ‚
1288 1493 1328 1528 in
1365 1491 1562 1529 Thesauro
1583 1490 1767 1529 catholico
1782 1521 1793 1539 ‚
1822 1491 1893 1529 Co-

1082 1555 1161 1593 lon.
1192 1553 1318 1604 1600,
1337 1564 1427 1595 tom.
1452 1560 1490 1604 i,
1510 1557 1578 1596 lib.
1607 1557 1655 1605 3,
1682 1556 1745 1594 Dc
1769 1557 1895 1608 siqnis

1083 1619 1270 1659 Ecclesia?
1291 1650 1302 1666 ,
1330 1630 1396 1660 art.
1426 1634 1466 1660 11
1489 1652 1499 1670 ‚
1532 1620 1576 1660 V
1577 1622 1641 1661 itae
1673 1634 1895 1673 morumque

1080 1687 1379 1724 sanctimoniam
1419 1700 1496 1725 esse
1541 1694 1685 1725 certum
1713 1685 1896 1726 Eccleeioe

1081 1752 1264 1802 siquam,
1304 1753 1370 1790 ubi
1399 1753 1550 1791 exhibet
1573 1753 1778 1803 catalogum
1806 1752 1894 1790 illu-

1080 1816 1210 1853 strium
1246 1815 1416 1855 Ecclesiae
1444 1814 1662 1856 Sanctorum
1687 1814 1736 1854 ab
1753 1817 1893 1867 origine

1080 1872 1340 1933 mundiusque
1365 1882 1412 1920 ad
1435 1895 1575 1920 annum
1610 1879 1708 1921 1580
1731 1880 1892 1929 Christi,

1078 1958 1162 1996 pag.
1190 1957 1291 1998 1099
1316 1954 1351 1984 et
1371 1961 1477 2000 seqq.
1502 1946 1573 1985 Hic
1602 1953 1727 1986 autem
1757 1946 1892 1985 catalo-

1076 2023 1142 2063 gus
1175 2008 1284 2049 facile
1313 2013 1465 2063 produci
1487 2020 1606 2064 posset
1629 2026 1746 2064 usque
1770 2012 1818 2050 ad
1841 2025 1887 2049 ae-

1076 2078 1190 2114 tatem
1221 2084 1411 2127 nostram3
1450 2077 1632 2130 siquidem
1666 2076 1813 2115 nullum
1838 2076 1891 2114 ef-

1077 2142 1157 2179 fluit
1178 2142 1343 2180 seculum
1359 2172 1368 2188 ‚
1393 2144 1434 2180 in
1457 2156 1530 2194 quo
1549 2144 1682 2193 passim
1700 2154 1777 2178 non
1797 2140 1892 2178 fiant

1075 2207 1255 2246 solemnes
1267 2220 1456 2245 servorum
1470 2206 1538 2245 Dei
1561 2204 1860 2255 beatificationes
1871 2234 1886 2255 ‚

1073 2286 1115 2310 ac
1144 2271 1340 2310 Beatorum
1372 2271 1682 2310 canonizationes
1698 2300 1708 2318 ‚
1734 2272 1774 2309 in
1799 2285 1891 2324 qua-

1073 2351 1155 2376 rum
1187 2337 1338 2388 singulis
1373 2340 1540 2390 quinque
1576 2346 1638 2376 aut
1671 2344 1809 2388 septem
1844 2339 1884 2375 in

1071 2401 1287 2442 Sanctorum
1301 2403 1428 2441 album
1440 2404 1565 2442 referri
1585 2403 1704 2441 solent
1717 2410 1797 2454 post
1809 2401 1889 2440 lon-

1069 2480 1159 2518 gum
1177 2476 1211 2506 et
1225 2477 1436 2507 accuratum
1461 2469 1507 2508 de
1529 2470 1704 2507 virtutum
1718 2469 1885 2511 omnium

1067 2542 1108 2578 in
1122 2547 1265 2572 summo
1290 2535 1403 2585 gradu
1426 2536 1596 2573 exercitio
1612 2522 1776 2573 ¹examen
1792 2560 1803 2579 ,
1837 2531 1884 2570 de

1067 2612 1140 2651 quo
1192 2613 1276 2637 mox
1328 2600 1508 2638 dicemus.
1555 2597 1653 2638 Sane
1681 2611 1702 2635 a
1732 2595 1796 2634 Pio
1833 2608 1883 2634 vn

1066 2678 1163 2702 anno
1203 2662 1299 2717 1807
1321 2667 1487 2718 quinque
1506 2695 1517 2713 ‚
1544 2671 1580 2703 et
1594 2661 1795 2712 aGregorio
1819 2674 1882 2699 xvi

1064 2731 1232 2780 totidem,
1257 2731 1318 2770 die
1337 2729 1390 2769 26
1403 2732 1491 2784 Maji
1511 2728 1634 2782 1839,
1655 2726 1795 2765 Sanctis
1808 2726 1876 2765 ad-

1062 2798 1185 2847 scripti
1209 2805 1310 2835 sunt.
1327 2795 1389 2835 Sic
1412 2796 1571 2834 Ecclesia
1593 2806 1747 2832 romana
1761 2821 1772 2840 ‚
1792 2804 1875 2844 quae

1062 2876 1145 2900 vera
1159 2861 1294 2901 Christi
1312 2862 1470 2901 Ecclesia
1494 2869 1545 2899 est
1559 2887 1572 2909 ‚
1601 2858 1771 2911 producit
1795 2857 1874 2896 fru-

1065 2932 1146 2966 ctus
1174 2942 1271 2966 suos.

2013 893 2020 903 “’
2011 608 2028 862 waiudneitfflus.
2021 568 2028 572 η
2020 479 2028 506 Ην»
2020 455 2028 469 2.
2024 427 2028 435 Ἰ
2023 411 2028 419 ,ι
2023 383 2028 403 ...
2022 363 2028 375 ,ι
2023 342 2028 355 ..
2024 322 2028 323 ,
2022 285 2028 299 v-
2024 267 2028 274 ,.
2026 227 2028 229 .
2024 213 2028 217 .
2018 107 2028 168 .-·.2·:.:‘‹
