2028 3354
1707 188 1797 237 341

378 210 504 240 PART.
542 211 572 239 1.
610 209 727 240 SEGT.
765 210 814 240 11.
855 209 952 241 CAP.
986 212 1019 239 Ι.
1060 210 1115 238 DE
1142 208 1269 239 PETRI
1304 204 1519 238 PRIMATU.

110 323 460 387 Chrysostomus
494 323 593 387 (1),
625 322 887 388 Stephanus
922 323 1140 370 Dorensis
1172 322 1243 387 (2)
1267 357 1280 380 7
1322 322 1368 369 S.
1408 320 1657 368 Eucherius
1702 320 1801 384 (3),

108 399 276 463 quibus
305 399 520 446 omnibus
553 399 800 464 praeiverat
839 401 885 448 S.
928 398 1184 464 CyPrianus
1213 398 1300 460 (4).
1348 398 1496 462 Super
1535 397 1803 444 universam

108 476 355 522 Ecclesiam
375 478 562 522 Petrum
592 475 681 521 illis
719 474 873 523 verbis
905 476 1044 522 fuisse
1076 475 1383 521 constitutum
1404 510 1416 532 7
1443 482 1604 538 aperte
1627 472 1798 520 docent

107 551 308 598 Hilarius
337 552 564 598 Diaconus
601 552 698 615 (5),
734 553 778 597 S.
810 552 1037 599 Maximus
1073 550 1261 597 Taurin.
1285 549 1383 613 (6),
1407 551 1451 596 S.
1480 549 1684 596 Gelasius
1703 550 1802 611 (7),

106 627 298 674 Ecclesia
314 628 560 675 Orientalis
582 629 797 675 universa
820 628 868 673 in
891 625 1085 692 epistola
1098 625 1156 671 ad
1170 624 1502 688 Symmachum
1518 625 1774 690 Papam(8)
1790 661 1803 684 ,

108 704 274 750 Arator
302 703 616 751 Subdiaconus
651 705 748 766 (9),
773 704 819 749 S.
840 704 977 748 Joan.
1001 700 1358 763 Chrysostomus
1383 700 1487 762 (10)
1505 736 1518 757 ,
1546 701 1591 747 S.
1617 700 1809 747 Ambro-

105 780 198 825 sius
228 779 271 844 (1
285 780 330 844 1)
355 816 365 831 .
395 782 438 827 S.
473 782 562 827 Leo
597 777 819 841 M.,(l2),
855 779 897 823 S.
932 775 1177 839 Gregorius
1207 776 1400 839 Magnus
1440 774 1545 838 (13)
1570 811 1581 834 a
1606 777 1651 822 S.
1686 777 1802 823 Ber-

105 855 280 902 nardus
316 855 453 919 (14),
488 853 857 919 Theophylactus
900 853 1034 917 (15).
1070 868 1185 916 quos
1215 869 1378 899 omnes
1401 851 1647 899 ante—cessit
1695 853 1800 898 Ori-

102 947 240 993 genes
262 930 386 995 (16).

162 1060 214 1112 (l)
231 1061 342 1100 Hom.
358 1073 516 1099 Lxxxvm
532 1091 542 1109 ‚
557 1076 598 1099 n.
621 1074 632 1098 1
656 1091 666 1108 ,
685 1061 772 1099 edit.
790 1061 911 1100 Maur.

103 1134 196 1164 tom.
221 1140 312 1173 vm,
338 1141 422 1177 pag.
449 1125 528 1165 525
543 1155 554 1173 ‚
577 1135 612 1164 et
634 1125 755 1165 Hom.
779 1140 821 1164 111
839 1157 848 1174 ‚
870 1128 912 1163 in

102 1191 197 1230 Act.
217 1191 351 1243 Apost.
371 1207 408 1232 n.
432 1205 444 1229 1
472 1201 505 1230 et
529 1193 578 1243 33
605 1191 698 1231 ibid.
725 1201 816 1231 tom.
837 1206 878 1229 ix
894 1220 905 1239 ‚

102 1271 186 1308 pag.
213 1257 353 1296 22-26.

159 1323 210 1373 (2)
243 1322 285 1359 ln
298 1322 419 1360 libello
434 1322 486 1360 aol
505 1320 725 1359 Martinam
746 1319 910 1375 Papam,

102 1388 199 1440 apud
214 1376 443 1427 Hard.Acta
462 1390 577 1428 Cone.
593 1396 620 1426 t.
640 1400 680 1425 111
698 1418 709 1435 ,
728 1389 799 1427 col.
818 1387 911 1440 714.

157 1453 212 1504 (3)
223 1453 417 1492 Homildn
430 1450 730 1504 viyil.SS.Petri
742 1451 911 1503 etPauli‚

101 1521 141 1556 in
161 1519 348 1557 Biblioth.
366 1520 533 1556 *Patrmn
544 1547 557 1567 ‚
586 1519 655 1556 sub
672 1521 823 1557 nomine
836 1519 912 1557 Eu—

102 1584 193 1622 sebii
212 1584 373 1622 Emiseni
389 1614 398 1631 ‚
414 1593 501 1623 tom.
516 1599 553 1634 v,
568 1598 649 1636 pag.
666 1598 760 1636 712,
777 1584 910 1624 Colon.

100 1648 252 1700 Agripp.
276 1647 390 1688 1618.

156 1715 206 1764 (k)
223 1715 270 1752 In
284 1715 352 1754 lib.
370 1714 426 1753 De
440 1716 539 1753 unit.
556 1714 701 1754 Eccles.
714 1729 795 1767 pag.
822 1714 909 1768 195.

156 1781 207 1832 (5)
241 1782 283 1820 In
320 1781 465 1821 Comm.
501 1784 544 1820 in
574 1784 684 1835 epist.
725 1783 776 1821 ad
819 1783 909 1822 Gal.

99 1859 183 1899 cap.
223 1861 234 1885 1
261 1876 271 1895 ‚
308 1862 347 1886 v.
385 1846 432 1885 18
449 1878 459 1896 ‚
498 1848 588 1887 edit.
626 1849 748 1887 Maur.
776 1851 816 1887 in
850 1864 912 1900 ap-

98 1914 211 1966 pend.
248 1913 293 1951 ad
327 1928 435 1965 opera
468 1913 508 1951 S.
534 1913 704 1952 Ambros.
739 1922 827 1952 tom.
852 1928 878 1952 11
898 1945 908 1962 ,

99 1994 183 2032 pag.
220 1978 298 2017 213
330 2008 340 2026 ,
380 1981 485 2032 cujus
524 1980 602 2017 haec
640 1979 751 2018 verba
784 1988 868 2018 sunt
900 1994 909 2018 :

102 2044 280 2096 Diynam
290 2044 371 2095 fuit
385 2075 394 2092 ‚
412 2052 452 2082 ut
472 2052 622 2097 cuperet
637 2048 651 2095 (
668 2045 799 2083 Paulus
816 2045 827 2096 )
851 2047 910 2083 vi-

100 2110 185 2147 dere
206 2110 368 2147 Petrum
382 2139 394 2157 ‚
420 2113 512 2161 quia
535 2112 689 2162 primus
706 2118 786 2148 erat
812 2113 914 2148 inter

104 2175 299 2225 Apostolos
326 2206 336 2223 ‚
372 2178 439 2213 oui
465 2176 703 2227 deleyaverat
734 2175 914 2215 Salvator

101 2252 234 2276 curam
253 2238 568 2287 Ecclesiarum...
582 2248 626 2279 ut
637 2243 750 2279 sciret
775 2242 913 2280 Petrus

99 2303 198 2341 lianc
222 2304 310 2356 illi(
335 2306 447 2345 Paulo
470 2308 481 2359 )
513 2307 643 2344 datam
687 2306 909 2356 licentiam,

99 2384 215 2421 quam
245 2378 278 2408 et
309 2373 388 2424 ipse
414 2381 623 2427 acceperat.

155 2436 208 2486 (6)
230 2436 340 2476 Hom.
357 2451 447 2487 Lxx,
471 2438 527 2479 De
542 2439 668 2478 natali
679 2437 755 2480 SS.
772 2440 908 2492 Apost.

100 2499 211 2541 Petri
229 2509 262 2539 et
289 2502 422 2542 Pauli.
438 2504 533 2556 Opp.
552 2506 640 2544 edit.
658 2506 772 2544 Rom.
793 2503 908 2558 1784,

101 2583 186 2620 pag.
214 2567 290 2606 225
309 2598 320 2617 ‚
337 2569 400 2606 ubi
425 2582 435 2608 ε
461 2571 660 2619 Quantum
687 2572 832 2623 igitur,
858 2574 913 2608 in-

103 2636 212 2686 quit,
240 2635 372 2671 meriti
396 2634 502 2686 apud
538 2634 665 2672 Deum
691 2648 804 2673 suam
836 2634 911 2673 Pe-

101 2705 183 2736 trus
204 2707 284 2738 erat
301 2730 309 2747 ‚
328 2706 372 2737 ut
381 2707 468 2752 post
490 2700 676 2737 navicula?
696 2714 828 2752 parvoe
847 2714 907 2738 re-

104 2766 267 2815 -miqium
285 2796 294 2813 ‚
321 2769 437 2804 totius
456 2765 497 2804 E
498 2764 641 2805 eclesia?
655 2765 913 2817 quhernacula

40 2841 43 2842 ’
105 2830 369 2869 traderentur!

164 2895 216 2945 (7)
247 2893 364 2957 Epist
379 2909 417 2944 v,
437 2896 489 2934 ad
509 2896 729 2935 Honorium
748 2894 914 2935 Dalmat.

106 2964 222 3013 episc.
238 2962 278 2999 in
302 2963 395 3001 Aet.
410 2962 554 3001 Conon.
572 2961 708 3001 Labbei
724 2992 735 3011 ‚
757 2971 845 3002 tom.
862 2975 914 3011 iv,

108 3026 182 3067 col.
205 3040 218 3063 1
232 3036 320 3078 172.

1037 1060 1088 1110 (8)
1115 1060 1295 1098 lbid.col.
1317 1058 1432 1098 1305.
1455 1059 1547 1098 Non
1566 1061 1671 1097 enim
1685 1060 1797 1111 ἑρπο-

979 1139 1044 1163 ras
1057 1127 1138 1178 ejus
1149 1125 1368 1176 inqenium,
1382 1126 1571 1176 inquiant
1581 1125 1797 1170 orientales,

981 1193 1049 1243 qai
1059 1192 1227 1243 quotidie
1241 1205 1264 1228 a
1286 1204 1392 1229 sacro
1413 1191 1559 1229 doctore
1577 1198 1642 1229 tuo
1657 1190 1806 1229 doceris

980 1271 1064 1296 oves
1113 1256 1258 1296 Christi
1296 1270 1368 1308 per
1403 1262 1520 1294 totam
1552 1255 1800 1294 habitabilem

980 1323 1169 1360 mundum
1186 1322 1352 1360 creditas
1370 1322 1443 1361 tibi
1448 1335 1621 1374 pascere.

1035 1388 1087 1438 (9)
1120 1387 1228 1425 Hist.
1274 1387 1411 1439 Apost.
1461 1387 1530 1426 lib.
1578 1400 1591 1424 1
1615 1417 1626 1436 ,
1655 1389 1694 1424 in
1733 1385 1807 1424 Bi-

980 1452 1112 1493 blioth.
1125 1449 1289 1491 Patrum·
1304 1482 1314 1500 ‚
1328 1452 1461 1491 Colon.
1477 1452 1626 1504 Agripp.
1646 1460 1738 1491 tom.
1751 1465 1802 1500 vr,

980 1527 1074 1571 part.
1100 1532 1255 1569 n,pag.
1290 1530 1329 1565 2,
1357 1518 1429 1556 col.
1461 1531 1509 1565 2,
1540 1518 1584 1557 F.

1038 1584 1117 1634 (10)
1149 1583 1270 1622 Hom.
1307 1596 1379 1630 mv,
1417 1583 1466 1621 al.
1498 1596 1556 1620 ιν.
1592 1584 1635 1620 in
1660 1582 1807 1623 Mattk.

980 1651 1055 1689 edit
1086 1649 1207 1687 Maur.
1225 1663 1308 1699 pag.
1334 1645 1431 1698 548,
1446 1647 1509 1686 ubi
1524 1648 1650 1686 scribit
1669 1661 1679 1685 ε
1703 1648 1804 1686 Pas-

979 1723 1095 1754 torem
1127 1714 1326 1764 (Ecclesiae
1357 1714 1521 1763 futurae)
1550 1715 1678 1765 ipsam
1708 1726 1801 1751 con-

978 1781 1154 1818 stituit...
1185 1778 1251 1816 sed
1277 1777 1387 1815 illum
1419 1778 1431 1829 (
1457 1778 1656 1817 Jeremiam
1681 1779 1693 1828 )
1728 1780 1805 1816 um*

976 1847 1082 1898 qemi
1096 1873 1107 1892 ‚
1138 1844 1241 1882 huno
1259 1851 1385 1881 autem
1412 1844 1618 1894 (Petrum)
1643 1845 1686 1881 in
1706 1844 1803 1881 uni-

978 1924 1082 1950 verso
1111 1917 1298 1948 terrarum
1325 1908 1411 1947 orbe
1435 1922 1446 1958 3
1472 1923 1515 1948 ex
1548 1923 1623 1962 quo
1659 1909 1771 1948 infert
1791 1937 1803 1955 ‚

978 1975 1140 2024 Filium,
1178 1977 1242 2027 qui
1275 1975 1384 2013 talem
1411 1975 1571 2013 contulit
1595 1974 1701 2013 Petro
1736 1989 1802 2026 po-

977 2051 1144 2083 testatem
1160 2072 1169 2089 ‚
1195 2056 1273 2080 esse
1295 2041 1652 2080 consubstantialem
1688 2041 1800 2081 Patri.

979 2109 1025 2146 Et
1049 2108 1139 2145 alibi
1159 2120 1270 2158 saepe.

1037 2174 1115 2224 (11)
1137 2173 1327 2211 Enarrat.
1345 2173 1387 2210 in
1404 2171 1516 2211 Psal.
1537 2186 1623 2210 111111
1638 2199 1649 2218 ,
1667 2187 1707 2211 n.
1724 2171 1792 2223 lio,

980 2239 1073 2277 edit.
1102 2238 1223 2276 Maur.
1246 2245 1338 2275 tom.
1361 2245 1400 2285 1,
1426 2237 1483 2275 col
1509 2235 1604 2289 904.

1036 2304 1115 2355 (12)
1147 2303 1267 2342 Serm.
1285 2316 1339 2349 iv,
1361 2303 1436 2340 odit
1455 2302 1632 2341 Ballerin.
1659 2316 1738 2355 cap.
1755 2301 1800 2353 43

980 2384 1063 2423 pag.
1085 2383 1131 2423 ¹9
1150 2377 1254 2419 3tum
1271 2365 1396 2407 Serm.
1422 2381 1462 2405 111
1478 2398 1488 2415 ‚
1506 2375 1690 2420 assumpt.
1701 2381 1799 2415 sace,

978 2450 1060 2487 cap.
1090 2434 1115 2485 4
1134 2466 1144 2484 ,
1162 2435 1254 2473 ibid.
1271 2448 1348 2486 pag.
1380 2433 1425 2471 13
1441 2462 1451 2481 ,
1468 2432 1635 2473 etSerm.
1656 2447 1693 2472 lv
1708 2463 1719 2483 ‚
1738 2446 1802 2471 as-

978 2506 1117 2552 sumpt.
1148 2513 1254 2548 sace,
1300 2513 1382 2550 cap.
1410 2512 1432 2536 2
1455 2528 1465 2547 ‚
1499 2499 1593 2537 ibid.
1621 2513 1703 2550 pag.
1736 2497 1799 2537 16.

1033 2564 1107 2615 (13)
1139 2565 1222 2603 Lib.
1251 2580 1285 2612 v,
1318 2567 1424 2615 epist.
1453 2579 1522 2612 xx,
1553 2565 1641 2603 edit.
1678 2564 1798 2603 Maur.

979 2641 1070 2672 tom.
1097 2646 1149 2680 u,
1173 2646 1256 2683 pag.
1284 2629 1379 2684 748,

1036 2696 1114 2748 (111)
1137 2696 1197 2735 De
1216 2696 1448 2735 considerat.
1471 2696 1537 2733 lib.
1567 2710 1620 2743 11,
1643 2709 1724 2747 cap.
1747 2694 1791 2743 8,

982 2762 1069 2802 edit.
1098 2762 1219 2801 Maur.
1250 2760 1324 2800 vol.
1358 2775 1399 2809 1,
1426 2774 1509 2813 pag.
1536 2758 1632 2810 428.

1039 2827 1117 2879 (15)
1148 2828 1190 2866 In
1215 2842 1298 2879 cap.
1344 2841 1404 2865 xxi
1432 2827 1543 2865 Joan.
1573 2826 1666 2866 edit.
1699 2825 1793 2863 Ven.

990 2890 1091 2947 1754
1110 2922 1121 2940 ,
1146 2901 1235 2933 tom.
1260 2907 1296 2939 1,
1329 2905 1416 2944 pag.
1452 2890 1545 2944 769.

1039 2958 1116 3009 (16)
1145 2959 1191 2997 In
1209 2974 1291 3010 cap.
1310 2956 1350 3008 6,
1376 2959 1480 3010 epist.
1506 2957 1552 2995 ad
1571 2955 1681 2995 Rom.
1704 2954 1792 2994 edit.
