2028 3354
1712 179 1805 227 321

389 192 516 222 PART.
552 194 585 223 1.
621 191 744 223 sm'r.
779 193 831 222 11.
871 193 969 223 CAP.
1002 193 1032 222 1.
1072 193 1126 223 DE
1162 194 1290 224 PETRI
1326 194 1542 226 PRIMATU.

109 307 337 367 insinuat,
358 308 470 355 dum
493 309 673 368 asserit,
698 311 857 357 Patres
874 310 1063 357 eosdem
1080 310 1274 358 diversis
1287 311 1579 377 temporibus
1602 312 1807 362 diversas

107 383 288 432 dedisse
319 386 755 450 interpretatione83
787 387 912 451 quod
936 388 998 434 sic
1035 387 1233 451 intelligi
1280 387 1421 435 debet
1443 425 1455 447 ,
1488 390 1675 449 Patres,
1700 391 1806 455 pri-

104 464 248 507 maria
268 461 653 525 interpretatione
673 464 930 527 supposita,
951 463 1061 510 alias
1084 464 1255 512 deinde
1278 463 1516 525 adjecisse,
1534 482 1640 530 quae
1657 468 1803 532 magis

103 553 269 601 scopo,
301 555 443 603 quem
463 538 799 598 intendebant7
825 549 1101 605 opportunae
1129 540 1241 604 ipsis
1272 540 1379 587 visae
1406 550 1532 588 sunt.

167 613 278 660 477.
318 615 387 661 Ad
416 617 486 661 2¹¹1
508 653 521 675 7
557 618 681 663 Dz‘st.
715 617 880 680 Liquet
919 633 976 662 ex
1015 615 1136 661 facto
1161 614 1366 661 admisso
1389 633 1414 661 a
1443 617 1673 680 Dupinio,
1695 620 1734 666 si
1755 620 1806 666 in

100 707 239 738 sensu
258 693 450 757 Dupinii
467 693 694 754 ejusmodi
711 693 885 740 factum
907 692 1058 757 reipsa
1084 690 1378 749 subsisteret,
1402 709 1552 746 00n0.;
1571 695 1609 739 si
1630 696 1804 743 factum

98 767 223 814 istud
246 767 389 833 plane
409 771 659 816 confictum
679 771 740 816 sit
762 786 787 815 a
803 767 932 816 Sedis
952 768 1212 832 apostolicae
1232 767 1556 815 infensissimis
1569 769 1804 829 hostibus,

96 861 196 907 neq.
227 844 297 891 Ad
319 845 545 908 ejusmodi
575 862 716 911 porro
741 845 1020 907 figmentum
1040 880 1051 902 ,
1087 842 1212 909 quod
1243 844 1476 908 Dupinius
1500 881 1513 903 7
1548 845 1803 895 Febronius

96 919 266 985 aliique
301 922 507 984 ejusdem
540 922 697 968 farinae
727 920 942 968 homines
983 937 1090 966 cum
1127 919 1414 967 Richerianis
1453 921 1630 970 sactum
1664 933 1804 970 autu-

93 1006 263 1057 mant,
321 997 663 1055 evertendum,
702 998 1030 1062 insequentem
1083 998 1455 1062 propositionem
1498 998 1753 1061 adJecimus
1788 1039 1800 1061 ,

94 1092 198 1140 quae
233 1083 327 1121 tota
361 1083 430 1121 est
461 1074 519 1121 de
550 1073 638 1121 hoc
668 1084 958 1138 argumento.
995 1074 1231 1135 Ejusmodi
1260 1091 1372 1122 vero
1405 1075 1527 1123 facto
1577 1093 1658 1125 seu
1691 1078 1802 1126 fun-

92 1151 315 1199 damento
338 1150 521 1197 sublato
544 1168 595 1198 ac
616 1168 777 1200 everso
797 1187 809 1208 7
829 1155 928 1213 jam
952 1159 1118 1215 sponte
1142 1168 1223 1198 sua
1243 1151 1514 1210 concidunt,
1531 1168 1632 1216 quae
1646 1154 1800 1203 eidem

91 1245 198 1275 cum
228 1228 433 1292 Dupinio
471 1244 554 1273 suo
586 1228 896 1292 superstruxit
920 1226 1130 1286 palmer,
1170 1227 1286 1292 quin
1327 1228 1381 1275 iis
1417 1227 1690 1277 resellendis
1726 1231 1801 1279 hic

91 1305 266 1353 diutius
297 1305 622 1352 immoremur.

154 1383 267 1430 478.
307 1382 375 1430 Ad
407 1382 508 1438 3¹1¹,
543 1383 662 1446 Ney.
697 1383 920 1440 Quamvis
950 1384 1076 1429 enim
1103 1383 1486 1445 fundamentum
1526 1383 1668 1431 etiam
1705 1387 1799 1449 sig-

87 1460 246 1507 nificet
276 1459 355 1519 id,
385 1477 442 1506 ex
473 1465 565 1523 quo
596 1458 760 1524 incipit
791 1458 1067 1523 aedificium,
1100 1459 1314 1523 quamvis
1349 1461 1500 1506 claves
1530 1462 1799 1525 exprimant

89 1537 229 1583 etiam
257 1535 555 1600 privilegium
584 1534 853 1600 aperiendi,
877 1535 1001 1600 quod
1021 1535 1245 1582 hactenus
1268 1534 1476 1582 clausum
1500 1536 1652 1584 fuerat
1667 1575 1679 1595 7
1699 1556 1799 1586 non

87 1613 191 1660 haec
222 1615 381 1660 tamen
414 1611 507 1658 sola
533 1621 603 1659 est
634 1611 725 1658 illis
756 1611 1044 1675 significatio.
1083 1612 1149 1658 Ex
1183 1613 1423 1659 communi
1453 1612 1684 1678 siquidem
1709 1615 1797 1662 ho-

87 1690 272 1735 minum
295 1706 431 1736 sensu
449 1725 461 1747 7
502 1697 643 1753 atque
665 1706 721 1736 ex
751 1697 935 1753 recepta
960 1689 1225 1753 praesertim
1246 1688 1297 1734 in
1333 1687 1464 1736 libris
1490 1690 1628 1737 sacris
1652 1692 1797 1756 signi-

86 1766 301 1812 ficatione
321 1802 334 1826 7
358 1765 654 1813 fundamenti
675 1765 868 1815 nomine
892 1765 1168 1828 intelligitur
1192 1765 1333 1812 etiam
1361 1765 1410 1812 id
1428 1802 1441 1824 7
1467 1766 1595 1830 quod
1618 1769 1793 1832 jugiter

85 1852 294 1890 erectum
324 1842 465 1890 semel
492 1842 734 1889 aedificium
756 1851 1015 1901 sustentat,
1047 1858 1099 1888 ac
1129 1841 1311 1889 tamdiu
1342 1841 1597 1891 subsistere
1622 1844 1789 1905 debet,

85 1915 310 1985 quamdiu
329 1919 457 1966 idem
479 1918 688 1965 subsistit
712 1918 976 1966 aedificium.
1001 1917 1069 1963 Ad
1091 1918 1211 1965 hanc
1230 1917 1384 1964 ideam
1403 1917 1538 1965 nobis
1555 1918 1615 1965 ob
1634 1921 1791 1969 oculos

81 1998 131 2043 in
155 2013 223 2055 re,
247 1995 305 2043 de
318 2013 408 2061 qua
423 1996 592 2059 agitur,
610 1994 937 2057 objiciendam,
960 2003 1065 2059 post
1086 1993 1226 2042 verba
1251 2012 1261 2040 ε
1290 1995 1583 2058 Superhano
1595 2006 1791 2058 petram

82 2074 326 2135 oedz'ficaho
368 2074 634 2120 Ecclesiam
675 2082 850 2130 meam,
888 2071 1056 2133 adjecit
1093 2070 1334 2118 Christus:
1363 2072 1432 2118 Et
1451 2080 1605 2133 portoe
1637 2076 1795 2136 inferi

85 2167 181 2196 non
213 2150 548 2212 proevalebunt
586 2150 815 2195 adversus
846 2165 989 2194 eam:
1031 2146 1081 2193 id
1106 2157 1205 2206 est,
1244 2147 1495 2195 infernales
1535 2156 1791 2214 potestates

85 2242 327 2290 nunquam
368 2235 584 2274 evertent
624 2234 704 2272 aut
752 2225 1021 2271 concutient
1064 2224 1308 2271 aedificium
1327 2260 1342 2281 ,
1378 2242 1520 2290 super
1561 2226 1790 2288 ejusmodi

83 2300 391 2350 fundamento
413 2302 705 2350 aedificatum.
737 2300 864 2348 Idem
886 2300 961 2347 dic
981 2299 1040 2346 de
1065 2302 1310 2360 clavibus,
1343 2301 1512 2365 quibus
1531 2337 1543 2359 ,
1573 2312 1627 2349 ut
1662 2301 1786 2351 vidi-

87 2533 133 2571 de
163 2532 339 2570 omnibus
366 2531 546 2583 Apostolis
563 2535 729 2584 exponit,
756 2546 904 2585 semper

87 2601 183 2637 inter
203 2612 263 2637 eos
285 2597 433 2636 Petrum
446 2606 487 2636 ut
503 2599 787 2638 fundamentum
803 2602 904 2651 prin-

87 2664 204 2717 cipale
222 2678 299 2703 esse
330 2659 514 2713 affirmet3
546 2678 628 2716 quae
647 2678 731 2703 vero
753 2668 905 2717 exponit

88 2731 134 2770 de
153 2730 326 2779 Christo,
350 2733 399 2769 ita
428 2730 632 2781 intelligat,
666 2740 707 2770 ut
736 2731 904 2770 Christus

88 2797 133 2834 sit
157 2803 284 2848 petra,
303 2811 385 2850 quae
414 2796 557 2835 Petram
582 2798 904 2849 faciat‚quatenus

88 2875 242 2913 nempe,
264 2870 307 2900 ut
337 2863 502 2915 loquitur
525 2860 564 2901 S.
594 2862 671 2901 Leo
698 2862 751 2901 Μ.
778 2861 903 2913 Epist.

88 2940 201 2965 xxvm
218 2956 228 2972 ,
264 2926 315 2965 ad
342 2927 609 2974 Flavianum,
643 2942 727 2979 cap.
755 2926 805 2972 5,
835 2928 905 2967 Pe·

86 3001 165 3031 trus
187 3005 212 3030 a
236 2991 406 3031 Domino
441 3000 478 3032 et
502 3007 527 3032 a
557 2991 775 3046 principali
794 3000 904 3045 petra

226 3057 277 3103 T.
316 3058 441 3106 VIII.

968 2530 1197 2570 soliditatem
1231 2538 1267 2569 et
1300 2533 1459 2571 virtutis
1490 2533 1615 2570 traxit
1647 2541 1684 2572 et
1714 2539 1785 2573 nb-

968 2598 1104 2650 mim'33
1131 2601 1236 2638 tertia
1252 2612 1353 2647 vero,
1371 2612 1455 2652 quae
1475 2601 1626 2652 exponit
1648 2602 1694 2640 de
1710 2603 1785 2642 fide

971 2665 1090 2712 Petri,
1110 2666 1157 2705 de
1173 2665 1279 2704 Petro
1304 2667 1505 2705 confitente
1525 2665 1639 2706 fidem
1667 2670 1784 2719 accipi

970 2731 1127 2782 debeat,
1151 2740 1188 2771 ut
1214 2740 1313 2784 patet
1337 2746 1381 2771 ex
1404 2733 1537 2783 dictis;
1563 2733 1672 2784 plane
1697 2747 1785 2772 con-

971 2798 1157 2849 sequitur,
1192 2812 1252 2837 eas
1284 2810 1360 2836 non
1390 2798 1510 2836 solum
1535 2799 1633 2836 inter
1661 2811 1699 2837 se
1722 2812 1783 2837 co-

972 2863 1124 2912 haerete,
1139 2864 1202 2903 sed
1209 2865 1364 2902 omnino
1371 2865 1531 2916 primam
1545 2864 1778 2911 confirmare,

973 2941 1106 2979 nempe
1126 2930 1361 2982 originariam
1377 2958 1388 2977 ,
1409 2930 1521 2981 eique
1542 2929 1666 2967 inniti.

1521 3056 1582 3100 21
