2028 3354
207 175 304 224 288

701 191 857 222 TRAGT.
899 191 953 222 DE
988 192 1112 222 LOCIS
1148 193 1449 226 THEOLOGICIS.

209 327 368 358 sorum
402 308 579 374 pariter
606 307 696 355 erit
726 305 1008 370 dogmaticas
1044 309 1222 357 sancire
1256 309 1587 359 definitiones?
1612 312 1906 377 Quapropter

208 386 373 434 eadem
399 384 579 431 ratione
597 420 610 442 ‚
637 400 728 449 qua
751 383 940 430 nonnisi
965 382 1238 448 Principum
1259 386 1416 434 tutelae
1436 388 1628 435 fuerunt
1647 387 1908 451 dogmatica

208 461 392 509 decreta
441 459 679 522 subjecta,
725 460 788 506 sic
829 457 1108 506 eorumdem
1148 467 1335 508 tantum
1369 463 1529 511 tutelae
1563 481 1615 511 ac
1653 463 1911 529 patrocinio

206 535 547 584 commendatae
576 535 837 583 sanctiones
869 534 1188 601 disciplinares
1213 534 1402 583 fuerunt
1426 539 1516 602 (l).

273 613 385 660 433.
422 612 494 660 Ad
523 611 610 670 311¹,
646 614 770 660 Dist.
796 612 865 658 Ita
891 620 1054 659 tamen
1080 620 1134 657 ut
1153 611 1331 659 codices
1362 611 1430 658 illi
1454 622 1593 679 atque
1616 623 1790 663 statuta
1808 631 1912 662 om—

206 708 319 738 nem
341 688 586 753 obligandi
604 689 701 737 vim
730 705 756 735 a
779 688 1012 735 canonicis
1038 687 1355 735 sanctionibus
1384 686 1724 749 derivaverint,
1755 707 1911 745 conc.;

205 785 291 834 per
314 784 363 815 se
379 802 392 825 ,
420 783 523 830 neq.
544 766 607 812 Ut
624 765 751 812 enim
776 764 997 812 observat
1023 762 1100 811 vel
1122 762 1250 810 idem
1273 765 1382 812 Nat.
1411 763 1698 826 Alexander,
1719 774 1911 813 eatenus

208 843 566 892 constitutiones
593 841 684 889 illae
711 839 977 906 imperiales
1002 838 1254 889 valuerunt
1270 875 1282 899 3
1311 848 1541 905 quatenus
1564 842 1702 889 sacris
1727 842 1913 889 canoni-

205 920 295 968 bus
326 918 685 967 consentiebant
716 914 804 982 (2).
831 918 985 975 Quare
1014 914 1072 963 ab
1097 915 1266 962 iisdem
1298 916 1663 980 Imperatoribus
1681 954 1693 978 ‚
1719 933 1914 982 praeser-

206 997 294 1044 tim
319 1013 430 1046 vero
461 994 720 1042 Theodosio
737 1029 751 1053 ,
782 992 1023 1040 nonnullae
1051 991 1173 1056 leges
1193 1001 1453 1040 retractatae
1479 1002 1596 1040 ,sunt
1623 1001 1849 1058 tanquam
1868 1002 1915 1042 et

207 1074 345 1122 sacris
380 1070 637 1120 canonibus
671 1079 718 1119 et
751 1068 950 1117 clericali
982 1068 1197 1132 dignitati
1226 1067 1545 1117 detrahentes.
1577 1069 1714 1128 Quod
1747 1070 1784 1117 si
1813 1069 1914 1118 aliae

263 1282 312 1334 (l)
337 1281 416 1321 cfr.
440 1280 611 1320 Zaccaria
632 1310 642 1328 ‚
664 1293 727 1332 op.
750 1280 814 1318 cit.
840 1278 1034 1317 Comandi

207 1348 375 1402 chipub,
394 1356 463 1387 etc.
480 1362 563 1400 pag.
587 1344 662 1386 156
673 1354 709 1385 et
727 1360 806 1398 seq.
821 1345 886 1384 ubi
898 1359 1031 1398 quam-

208 1417 370 1469 plurima
397 1413 549 1454 exhibet
578 1413 761 1467 ejusmodi
787 1412 1029 1450 documenta.

209 1482 293 1521 Alia
343 1482 478 1533 pariter
531 1480 600 1518 cfr.
648 1478 747 1530 apud
798 1476 1002 1516 Gerdilium
1020 1506 1030 1524 ‚

214 1550 387 1587 Trattato
415 1545 476 1584 del
510 1544 762 1583 matrimonio
780 1572 791 1591 ‚
827 1556 916 1595 opp.
942 1543 1031 1581 edit.

211 1628 308 1653 rom.
335 1621 429 1651 tom.
457 1626 503 1650 xv
522 1641 532 1658 ,
560 1623 642 1663 pag.
673 1621 746 1662 190
771 1617 806 1648 et
837 1622 943 1661 seqq.

264 1679 318 1731 (Ξ)
349 1676 460 1717 Hist.
497 1676 630 1723 eccles,
659 1689 730 1714 sec.
764 1685 801 1713 vl
819 1704 829 1722 ‚
862 1689 947 1726 cap,
975 1687 996 1727 7
1021 1702 1031 1721 ‚

211 1753 280 1785 art.
306 1759 329 1784 2
345 1773 359 1794 ,
386 1743 450 1782 De
474 1742 704 1780 Justiniano
720 1770 730 1787 ‚
760 1740 825 1778 ubi
842 1742 882 1778 in
902 1738 1032 1792 primis

212 1811 406 1858 observat,
434 1811 475 1846 in
503 1799 605 1846 hunc
627 1806 894 1858 Imperatorem
930 1807 1031 1857 inju-

211 1879 285 1915 rios
310 1890 347 1915 se
365 1874 525 1927 praebere
539 1902 550 1920 ,
577 1875 642 1926 qui
664 1879 888 1917 assererent,
911 1873 1034 1922 ipsum

212 1941 384 1981 Ecclesiae
423 1941 685 1978 auctoritatem
713 1937 783 1976 sibi
822 1950 1032 1989 usurpasse.

212 2007 365 2047 Veteres
394 2007 494 2044 enim
526 2018 687 2043 canones
726 2005 912 2041 renovavit
939 2003 1034 2041 dun-

212 2082 307 2113 taxat
323 2104 333 2121 ,
350 2079 414 2112 aut
429 2085 489 2110 eos
504 2069 646 2122 legibus
668 2068 744 2108 suis
758 2069 859 2107 velut
872 2067 1032 2120 quihus-

213 2140 300 2179 dam
314 2137 577 2190 supplementis
597 2137 853 2185 interpretatus
864 2127 937 2181 est,
962 2147 1031 2172 no-

215 2220 277 2244 vas
294 2204 465 2243 Ecclesiae
479 2201 621 2254 regulas
640 2214 717 2239 non
739 2201 974 2251 praescripsit.
990 2198 1033 2237 ld

214 2286 335 2311 unum
363 2271 501 2322 quippe
536 2268 607 2306 fuit
633 2268 712 2320 ejus
743 2265 964 2313 consilium,
992 2272 1034 2303 ut

214 2338 405 2376 vetustatis
433 2334 619 2373 vindicem
646 2340 755 2382 atque
779 2330 1034 2369 ecclesiasticae

215 2403 417 2454 disciplinae
442 2407 655 2440 assertorem
681 2411 718 2436 se
744 2404 961 2449 praestaret,
990 2402 1033 2434 ut

215 2470 297 2521 ipse
319 2467 509 2519 profitetur
522 2467 562 2503 in
575 2466 748 2515 rescripto
766 2462 813 2500 ad
826 2460 1034 2500 Dacianum

216 2535 423 2574 africanum
458 2532 683 2583 Episcopum
700 2558 710 2576 ‚
748 2526 896 2567 concilii
919 2528 1034 2581 Byza-

217 2602 299 2640 ceni
315 2606 441 2648 caput.
460 2594 644 2649 Semper,
665 2596 787 2646 inquit
805 2624 814 2641 ‚
829 2600 966 2632 nostroe
979 2608 1035 2633 se-

216 2664 377 2705 renitati
389 2676 483 2700 cura
502 2662 582 2713 fait
605 2659 804 2699 servandae
823 2662 1031 2708 vetustatis,

216 2731 386 2770 maxime
415 2727 632 2780 disciplinoe
650 2757 661 2776 ‚
692 2738 808 2777 quam
832 2738 1034 2778 nunquam

215 2795 509 2848 contempsimus
526 2822 539 2843 ‚
565 2794 649 2832 nisi
668 2799 704 2832 et
736 2793 781 2830 in.
805 2792 941 2831 melius
958 2807 1032 2831 au·-

216 2875 434 2916 qeremus...
459 2861 553 2912 quia
576 2865 746 2907 constat,
779 2871 856 2896 esse
883 2858 1035 2897 caelitus

216 2930 460 2968 constitutum
478 2956 489 2975 ‚
520 2923 710 2978 quidquid
738 2923 945 2977 apostolica
968 2924 1034 2963 de-

218 2996 341 3034 cernit
358 2993 615 3033 auctoritati...
639 2990 720 3030 Nos
734 2995 874 3029 tutores
898 3003 1033 3029 sumus

1099 1279 1298 1317 vetustatis
1328 1284 1364 1316 et
1387 1278 1576 1318 vindices.
1606 1278 1697 1331 Quae
1730 1280 1841 1330 igitur
1869 1280 1915 1319 de

1098 1346 1216 1383 causis
1229 1345 1481 1382 ecclesiasticis
1497 1346 1655 1383 instituit
1667 1344 1689 1383 J
1693 1346 1915 1393 ustinianns,

1098 1410 1156 1447 vel
1176 1424 1196 1448 e
1212 1410 1415 1448 canonibus
1436 1439 1447 1458 ‚
1473 1411 1531 1448 vel
1551 1425 1571 1450 e
1595 1408 1761 1449 moribus
1779 1412 1818 1448 in
1844 1410 1917 1448 Ec-

1099 1475 1205 1513 clesia
1226 1477 1380 1527 receptis
1400 1474 1532 1513 hausta
1556 1484 1644 1514 sunt
1659 1505 1670 1522 ‚
1702 1483 1744 1513 ut
1762 1480 1917 1514 testatur

1099 1541 1253 1592 ipsemet
1285 1540 1453 1592 pluribus
1484 1542 1525 1579 in
1556 1541 1649 1579 locis
1667 1570 1678 1588 ‚
1720 1542 1918 1592 praesertim

1099 1608 1139 1644 in
1162 1605 1319 1645 Novella
1343 1619 1479 1644 mxxxm
1496 1636 1506 1653 ‚
1528 1606 1594 1645 ubi
1623 1604 1699 1645 :Si
1723 1619 1833 1653 vero,
1859 1607 1919 1644 in-

1099 1674 1195 1724 quit,
1212 1671 1512 1710 ecclesiasticum
1527 1673 1579 1709 sit
1591 1671 1786 1719 delictum,
1805 1685 1918 1723 eqens

1098 1739 1346 1789 castiqatione
1386 1737 1646 1776 ecclesiastica
1680 1744 1716 1776 et
1745 1736 1913 1787 mulcta,

1098 1801 1177 1841 Deo
1209 1802 1389 1841 amabilis
1417 1801 1636 1855 Episcopus
1671 1803 1739 1841 hoc
1773 1802 1916 1841 discer-

1100 1875 1192 1918 nat,
1217 1868 1321 1906 nihil
1346 1868 1722 1907 communicantibus
1744 1867 1918 1907 clarissi-

1099 1936 1174 1973 mis
1189 1936 1406 1987 provinciae
1417 1934 1640 1988 judicibuS.
1666 1934 1799 1985 Neque
1814 1935 1917 1973 enim

1098 2000 1272 2039 volumus
1313 1999 1408 2038 talia
1451 2002 1606 2054 negotia
1637 2001 1795 2039 omnino
1817 2001 1918 2038 scire

1097 2066 1229 2105 civiles
1258 2066 1416 2119 judices
1459 2066 1669 2105 secundum
1713 2078 1845 2103 sacras
1883 2072 1919 2103 et

1098 2132 1256 2170 divinas
1290 2130 1466 2184 requlas,
1500 2145 1596 2183 quas
1625 2132 1740 2169 etiam
1777 2137 1917 2169 nostroe

1098 2198 1208 2248 sequi
1242 2210 1320 2235 non
1360 2195 1624 2248 clediqnantur
1650 2196 1763 2248 leqes.
1798 2195 1918 2247 Pergit

1099 2263 1233 2302 deinde
1262 2262 1452 2302 ostendere
1466 2292 1477 2310 ‚
1502 2262 1601 2315 quod
1618 2292 1628 2309 ‚
1646 2262 1677 2300 si
1695 2275 1786 2315 quas
1804 2275 1917 2301 novas

1099 2328 1299 2380 Imperator
1336 2328 1434 2379 leges
1473 2328 1556 2367 tulit
1587 2328 1632 2367 de
1674 2327 1917 2367 ecclesiastica

1098 2392 1292 2446 disciplina
1308 2425 1319 2442 ‚
1341 2396 1418 2433 vim
1443 2394 1513 2432 illae
1530 2394 1676 2433 nullam
1691 2393 1915 2440 habuerint,

1098 2459 1171 2498 nisi
1202 2463 1289 2512 quia
1331 2460 1377 2499 ab
1404 2459 1565 2499 Ecclesia
1599 2467 1749 2512 recepta}
1783 2467 1819 2497 et
1849 2472 1914 2509 ap-

1099 2525 1257 2577 probatae
1293 2527 1458 2565 fuerunt.
1493 2525 1601 2577 Quod
1630 2538 1739 2578 porro
1773 2524 1913 2562 dictum

1100 2600 1153 2630 est
1177 2592 1222 2631 de
1249 2591 1463 2632 Justiniano
1480 2622 1490 2641 ‚
1514 2591 1613 2630 idem
1643 2591 1715 2630 dici
1733 2588 1840 2643 debet
1865 2587 1912 2626 de

1101 2657 1409 2709 Imperatorihus‚
1432 2659 1497 2711 qui
1532 2670 1618 2696 eum
1650 2660 1914 2708 praecesserunt

1100 2731 1163 2762 aut
1193 2713 1378 2763 subsecuti
1406 2731 1521 2770 sunt,
1552 2734 1654 2777 aeque
1679 2709 1722 2757 ac
1750 2717 1796 2755 de
1820 2717 1912 2769 legi-

1098 2789 1168 2829 bus
1183 2790 1411 2830 Francorum
1427 2819 1437 2838 ,
1451 2785 1779 2839 Longobardorum
1792 2813 1803 2831 ‚
1823 2784 1914 2823 alio-

1099 2868 1281 2909 rumque,
1315 2862 1425 2909 prout
1457 2854 1537 2892 fuse
1560 2851 1759 2890 ostendunt
1780 2848 1913 2889 Gerdi-

1099 2920 1171 2960 lius
1191 2931 1226 2962 et
1253 2922 1419 2962 Zaccaria
1436 2945 1449 2969 ‚
1480 2931 1567 2970 opp.
1602 2925 1638 2955 et
1656 2917 1745 2956 locis
1766 2917 1899 2955 citatis.
