2028 3354
210 221 305 269 422

676 234 827 264 TRACT.
872 233 926 263 DE
963 233 1085 262 LOCIS
1133 233 1433 264 THEOLOGICIS.

212 369 303 399 non
331 367 502 414 aqrcoS,
534 355 592 394 ut
621 351 784 411 primo
819 347 1027 410 quodam
1055 346 1172 392 lacte
1203 349 1469 400 vescendos:
1488 364 1571 394 nec
1596 349 1832 405 oviculas,
1859 355 1915 395 ut

212 427 414 477 secundo
425 441 441 480 ;
457 425 539 472 sed
555 440 654 471 oves
661 440 854 488 pascere
856 424 1067 485 jubetur
1079 458 1092 482 ‚
1108 425 1406 485 perfectiores
1427 433 1483 470 ut
1492 426 1721 487 perfectio
1734 425 1913 488 yuber-

213 512 353 552 naret
377 502 463 567 (1).
499 502 603 548 Pari
638 518 828 566 prorsus
864 500 1044 546 ratione
1069 499 1115 545 S.
1147 498 1409 546 Bernardus
1440 501 1657 565 exponit,
1683 501 1744 547 sic
1764 501 1916 563 Euge-

211 582 343 627 nium
366 580 429 626 ΙΙΙ
455 577 700 643 alloquens
730 596 740 623 :
767 578 962 625 Habent
985 578 1062 622 illi
1088 576 1104 637 (
1134 576 1344 640 Episcopi
1368 577 1386 639 )
1408 577 1505 622 sibi
1528 579 1790 640 assiquatos
1808 594 1914 640 yre-

206 674 313 721 9es,
332 657 519 719 sz'nyuli
544 655 786 718 er'nyulos;
811 654 904 699 tibi
919 655 1136 699 universi
1157 652 1352 708 crediti,
1374 654 1465 697 nni
1488 671 1628 699 unus.
1655 654 1755 701 Nec
1779 653 1916 699 modo

214 736 405 791 ovium,
439 732 521 778 sed
540 740 585 778 et
598 740 855 794 pastorum
881 738 931 775 tn
956 746 1085 776 utitis
1109 731 1323 775 omnium
1342 736 1525 790 pastor.
1571 729 1700 776 Unde
1724 731 1782 775 id
1796 746 1918 792 pro-

216 811 319 857 bem
340 844 356 868 ,
391 807 607 872 quoeris?
640 808 721 855 Eoe
763 807 899 852 verbo
930 806 1189 852 Domini...
1220 822 1365 867 pasce
1399 822 1499 851 oves
1531 821 1658 850 meas
1690 805 1774 868 (2).
1818 806 1919 852 Huc

218 894 396 952 spectat
434 884 575 930 Cone.
607 885 916 930 Lateranense
951 881 1036 938 IV,
1071 880 1182 926 dum
1218 879 1425 926 decernit
1458 898 1468 926 τ
1504 881 1718 927 Ecclesia
1746 882 1922 928 Roma-

215 980 308 1017 na,
331 962 605 1024 disponente
624 961 863 1013 Domino,
897 973 1042 1017 super
1062 973 1220 1002 omnes
1248 958 1373 1002 alias
1394 957 1660 1004 ordinariae
1683 959 1923 1020 potestatis

211 1040 395 1090 ‚obtinet
407 1039 753 1099 principatum
767 1070 780 1090 .,
805 1041 956 1096 utpote
972 1036 1129 1077 mater
1151 1036 1485 1078 universorum
1512 1033 1924 1095 Christifidelium

217 1124 263 1163 et
280 1117 517 1178 mayistra
550 1112 622 1177 (3)
644 1149 656 1171 ,
692 1111 901 1175 adeoque
924 1108 1134 1156 fidelium
1156 1117 1203 1155 et
1234 1107 1580 1172 Episcoporum.
1615 1110 1733 1158 Huic
1766 1108 1922 1156 conci-

218 1192 293 1238 nit
318 1189 576 1237 Concilium
603 1187 924 1236 Florentinum
952 1186 1000 1232 in
1035 1183 1237 1231 adducto
1267 1184 1453 1230 decreto
1484 1184 1572 1230 illis
1609 1186 1791 1245 verbi83
1819 1186 1925 1251 qui-

218 1267 307 1315 bus
327 1267 567 1326 definivit,
597 1268 641 1315 Τ
638 1268 854 1313 raditam
885 1282 977 1311 esse
1000 1280 1120 1309 rom.
1152 1263 1379 1325 Pontifici
1402 1265 1456 1308 in
1482 1264 1538 1308 B.
1568 1262 1706 1309 Petro
1726 1265 1927 1326 plenam

218 1353 489 1409 potestatem
515 1343 776 1407 pascendi,
809 1341 1006 1404 regendi
1044 1347 1088 1386 et
1111 1339 1430 1404 9uhernandi
1450 1341 1724 1385 universam
1754 1339 1923 1387 Eccle-

222 1423 349 1468 siam
372 1419 460 1483 (4).

217 1491 219 1493 θ
292 1495 402 1543 605.
439 1495 820 1543 Luculentissime
863 1493 985 1539 hanc
1041 1490 1258 1538 eamdem
1289 1490 1537 1537 veritatem
1578 1507 1696 1536 rom.
1735 1492 1929 1538 Pontifi-

226 1590 333 1619 cum
360 1580 577 1619 constans
608 1589 660 1618 ac
686 1579 915 1635 perpetua
954 1568 1110 1634 praxis
1140 1567 1406 1614 confirmat.
1442 1567 1530 1612 Res
1572 1566 1699 1613 enim
1728 1568 1934 1614 testatis-

225 1650 342 1695 sima
363 1657 434 1695 est
456 1648 506 1693 in
536 1647 744 1708 historia}
767 1644 1089 1702 ecclesiastica,
1114 1661 1231 1690 rom.
1251 1642 1499 1689 Pontifices
1517 1659 1649 1689 suam
1665 1642 1786 1690 hanc
1804 1652 1935 1708 pote-

227 1733 396 1772 statem
424 1724 678 1772 exercuisse
695 1760 707 1783 ,
733 1723 830 1771 sive
862 1723 914 1768 in
946 1720 1252 1768 decernendis
1282 1719 1392 1766 fidei
1410 1720 1734 1766 controversiis
1760 1718 1935 1784 ubique

227 1810 458 1850 terrarum
478 1802 648 1848 exortis
664 1836 677 1860 ‚
695 1800 791 1849 sive
810 1800 858 1846 in
879 1796 1161 1864 praefigenda
1180 1795 1423 1861 disciplina
1440 1831 1453 1854 ,
1475 1796 1571 1843 sive
1587 1795 1636 1841 in
1655 1795 1934 1860 recipiendis

228 1878 514 1940 dejectorum
562 1878 898 1942 Episcoporum
938 1872 1331 1939 appellationibus
1350 1908 1363 1932 ‚
1407 1872 1505 1920 sive
1551 1871 1601 1916 in
1645 1872 1937 1920 restituendo

231 1952 420 2001 sedibus
455 1954 546 2000 suis
580 1953 712 2013 illos,
755 1953 834 2018 qui
875 1950 1110 1997 immerito
1158 1950 1344 1995 fuerant
1381 1948 1696 2007 exauctorati3
1728 1950 1776 1995 in
1811 1948 1939 1996 mul—-

233 2029 440 2090 ctandis‚
481 2046 588 2076 cum
617 2047 731 2094 opus
756 2029 840 2075 fuit
858 2064 870 2087 7
895 2026 1372 2074 excommunicatione
1401 2023 1681 2089 praesulibus
1705 2034 1751 2072 et
1771 2025 1939 2072 Orien-

234 2105 398 2152 talium
459 2105 637 2154 sedium
689 2103 967 2152 Patriarchis
1018 2103 1117 2167 (5);
1166 2103 1214 2148 in
1271 2101 1549 2148 coarctanda
1609 2101 1939 2165 Episcoporum

288 2238 342 2289 (1)
372 2238 455 2277 Lib.
481 2251 530 2285 x,
552 2237 609 2275 In
633 2238 732 2276 Luc.
759 2252 801 2275 n.
832 2234 932 2290 176,
958 2235 1046 2275 edit.

236 2304 359 2351 Maur.

290 2371 344 2421 (2)
376 2370 440 2409 De
459 2369 649 2410 consider.
686 2370 753 2408 lib.
786 2383 812 2407 n
831 2399 840 2416 ‚
882 2382 962 2419 cap.
995 2365 1047 2415 8,

236 2449 277 2473 n.
302 2448 314 2471 ι
325 2433 348 2472 5
362 2463 372 2482 ,
387 2435 479 2474 edit.
497 2435 616 2474 Maur.

291 2498 342 2552 (3)
372 2499 418 2537 In
440 2499 589 2539 Collect.
618 2500 735 2539 Cone.
750 2499 886 2538 Veneta
909 2497 1024 2537 Coleti
1035 2529 1049 2546 ,

239 2572 335 2603 tom.
362 2566 430 2602 xiii
446 2593 456 2611 ‚
483 2579 565 2615 pag.
590 2566 685 2618 937.

294 2628 345 2679 (Ιι)
376 2628 421 2666 In
447 2629 539 2667 Act.
572 2628 687 2667 Cone.
718 2628 834 2666 Hard.
868 2636 956 2665 tom.
983 2639 1047 2675 lx,

238 2695 310 2733 col.
335 2693 427 2744 423.

295 2761 346 2811 (5)
378 2761 473 2799 Sanc
492 2762 613 2813 plures
636 2760 792 2813 legimus
807 2762 846 2798 in
865 2760 962 2798 Hist.
989 2774 1050 2798 ec-

240 2828 327 2865 cles.
338 2829 377 2864 in
391 2827 697 2878 patriarchatibus
710 2826 1051 2877 Constantinopoli-

240 2900 341 2939 tano,
353 2891 616 2939 Alexandrino,
627 2891 873 2938 Antiocheno,
884 2890 1052 2929 Hieroso-

242 2957 442 3010 lymssano,
461 2965 525 2996 aut
538 2957 649 2997 fuisse
668 2972 688 2996 a
705 2956 1051 2996 rom.Poniis1cibus

240 3037 260 3061 e
285 3023 368 3062 sede
400 3022 586 3075 dejectos,
620 3031 683 3062 aut
714 3022 864 3061 sedibus
896 3023 1051 3073 propriis

1114 2236 1314 2272 restitutos.
1353 2232 1526 2270 Nicolaus
1559 2230 1603 2277 Ι,
1628 2228 1760 2282 Epist.
1790 2243 1854 2268 vm
1886 2229 1939 2267 ad

1115 2298 1352 2337 Michaelem
1383 2296 1660 2349 Imperatorem
1676 2327 1686 2345 ‚
1721 2296 1820 2348 apud
1841 2295 1936 2334 Har-

1114 2363 1221 2402 duin.
1248 2364 1350 2401 Acta
1384 2375 1489 2401 conc.
1517 2369 1609 2399 tom.
1639 2376 1687 2410 v,
1722 2362 1795 2400 col.
1830 2359 1902 2412 157
1921 2390 1933 2409 ‚

1114 2438 1197 2468 octo
1218 2436 1410 2468 enumerat
1430 2428 1652 2480 patriarchas
1665 2427 1930 2466 Constantino·

1113 2496 1295 2547 politanus
1317 2509 1337 2532 a
1361 2508 1457 2532 rom.
1473 2493 1716 2532 Pontificibus
1730 2494 1921 2546 deposita&

1115 2561 1277 2601 Gelasius
1295 2591 1304 2608 ,
1341 2559 1473 2612 Epist.
1502 2560 1553 2597 ad
1577 2558 1791 2611 Episcopoc
1825 2555 1929 2595 Dar-

1115 2627 1245 2665 daniae
1277 2625 1464 2677 (collect.
1491 2624 1608 2680 Cone.
1636 2624 1770 2664 Venet.
1806 2622 1925 2661 coleti

1115 2701 1205 2732 tom.
1244 2707 1290 2741 v,
1329 2691 1404 2731 col.
1438 2691 1542 2744 329)
1575 2692 1739 2729 scribit:
1765 2686 1924 2726 Diosco-

1114 2774 1201 2798 rum
1214 2759 1393 2797 secundae
1406 2758 1506 2796 sedis
1518 2758 1528 2807 (
1541 2756 1791 2795 Alexandrinae
1801 2755 1813 2805 )
1820 2768 1930 2806 proe-

1114 2825 1234 2863 sulem
1244 2838 1315 2862 sua
1328 2826 1552 2863 auctoritate
1565 2821 1781 2873 (apostolica
1793 2820 1928 2871 Sedes)

1115 2890 1341 2938 damnavit,
1372 2897 1407 2928 et
1443 2889 1606 2939 impiam
1634 2886 1824 2938 synodum
1851 2898 1932 2924 ‘non

1115 2954 1385 2993 consentiendo
1405 2951 1606 2991 submovit.
1623 2951 1651 2989 E
1665 2957 1795 2991 contra
1810 2951 1927 2991 Atha-

1117 3024 1263 3060 nasium
1291 3020 1395 3059 Alex.
1419 3019 1582 3071 aliosque
1608 3016 1807 3071 Episcopus
1826 3032 1847 3057 a
1867 3031 1931 3069 sy-
