2028 3354
216 176 277 223 48
680 197 833 230 macr.
873 199 927 228 ms:
961 200 1081 232 roms
1117 203 1414 235 runoioclms.

279 308 356 357 81.
393 310 466 358 Ad
494 310 591 368 8¹1²,
627 312 754 356 Dist.
792 310 864 357 Ad
889 313 1008 360 nihil
1040 316 1301 365 inserviunt
1332 321 1431 367 sihi
1459 321 1611 385 quoad
1644 323 1892 383 meritum,

209 384 297 431 nisi
316 385 587 449 resipiscant
605 420 618 443 ,
638 400 767 432 conc.
782 403 799 440 ,·
826 390 987 435 ceteris
1004 426 1016 448 ,
1040 399 1087 438 et
1109 402 1335 455 quatenus
1360 397 1671 445 instrumenta
1702 410 1782 447 aut
1802 401 1895 447 mi..

208 461 342 507 nistri
365 460 535 508 Christi
562 469 696 521 sunt,
725 478 827 527 neq.
864 463 953 528 (1).

270 536 347 583 32.
386 535 491 598 Obj.
533 537 749 585 secunda.
794 540 936 586 Juxta
965 537 1143 603 ideam,
1183 560 1325 607 quam
1356 547 1489 595 nobis
1529 567 1649 598 verae
1684 551 1892 599 Ecclesiae

203 612 451 677 Scripturae
475 622 522 660 et
544 615 702 661 Patres
733 614 960 663 exhibent
978 652 991 675 ‚
1019 617 1119 664 haec
1141 618 1281 666 debet
1298 637 1484 684 prorsus
1507 643 1603 673 esse
1623 626 1888 687 invisibilis,

201 711 255 742 ac
283 690 481 756 proinde
509 709 566 739 ex.
593 691 699 739 solis
725 693 862 754 justis
895 702 1122 742 constare.
1162 696 1346 743 Etenim
1380 698 1429 743 1ο
1461 700 1503 746 S.
1520 703 1685 750 Paulus
1718 704 1892 751 deseri-

200 770 318 819 bens
347 768 596 816 Ecclesiam
627 777 768 833 prout
798 771 938 816 estin
972 787 1097 818 novo
1126 771 1427 821 Testamento
1464 793 1474 820 :
1510 776 1623 824 Non
1653 783 1782 826 enim
1807 798 1894 827 ac·-

198 848 422 903 cessistis,
446 845 623 909 inquit,
644 846 713 891 ad
723 847 1026 892 tractabile-m
1045 856 1251 895 montem
1270 857 1313 894 et
1329 852 1659 899 accensibilem
1680 859 1890 917 iqnem...

196 924 279 971 sed
303 925 562 970 accessistis
601 922 670 967 ad
700 922 815 969 Sion
842 931 1050 969 montem
1081 932 1126 971 et
1156 927 1391 973 civitatem
1420 929 1520 974 Dei
1546 932 1776 987 viventis,
1805 933 1891 980 Je-

195 1001 408 1047 rusalem
441 999 693 1053 coelestem,
729 1005 773 1044 et
806 999 1071 1045 multer-am
1100 1002 1313 1047 millium
1348 1005 1629 1065 anyeloram
1656 1008 1892 1068 frequen-

193 1079 344 1134 tiam,
379 1082 424 1121 et
445 1074 715 1122 Ecclesiam
741 1077 1118 1136 primitivorum
1134 1110 1151 1132 ,
1187 1078 1273 1139 qui
1294 1081 1557 1141 conscripti
1579 1090 1693 1136 sunt
1719 1085 1769 1127 in
1798 1100 1894 1129 cee-

191 1153 254 1198 lis
285 1152 383 1214 (2);
419 1148 545 1197 θιὲῡ
573 1149 821 1215 Apostolus
855 1152 1020 1197 Petrus
1042 1187 1054 1208 a
1094 1160 1138 1198 et
1180 1156 1281 1215 ipsi
1307 1162 1541 1217 tanquam
1584 1157 1766 1219 lapides
1796 1161 1899 1205 vivi

191 1227 654 1292 superaedificamini
677 1227 844 1273 domus
861 1228 1189 1290 spiritualis...
1220 1246 1298 1276 vos
1322 1238 1482 1277 autem
1499 1247 1651 1294 glenus
1671 1233 1891 1288 electum,

190 1307 344 1370 regale
372 1305 719 1360 sacerdotium,
745 1321 863 1368 qens
887 1314 1056 1351 sancta
1088 1305 1176 1369 (3).
1215 1305 1268 1353 30
1294 1307 1408 1365 Quae
1443 1318 1706 1374 congruunt
1736 1309 1889 1357 verbis

189 1381 362 1429 Christi
394 1400 404 1428 :
434 1382 654 1445 Reynum
689 1382 782 1427 Dei
810 1384 945 1427 intra
965 1398 1041 1428 vos
1060 1381 1370 1446 est(4).1mo
1404 1383 1463 1430 40
1478 1395 1742 1447 congruunt
1765 1387 1886 1433 anti-

189 1459 292 1524 quis
321 1457 554 1507 vaticiniis
585 1456 738 1513 Isaiae,
778 1457 884 1515 LII,
912 1458 1037 1503 1-2
1086 1475 1098 1504 :
1125 1457 1239 1505 Non
1270 1460 1468 1522 adjiciet
1493 1463 1658 1518 ultra,
1692 1469 1747 1508 ut
1773 1478 1888 1523 per«

187 1543 403 1582 transeat
416 1542 565 1598 perte
583 1535 962 1580 incircumcisus
974 1541 1019 1579 et
1033 1534 1334 1580 immundas.
1347 1569 1379 1581 ..
1399 1536 1639 1596 Recedite,
1660 1539 1857 1584 recedite
1871 1576 1885 1592 ‚

186 1615 307 1658 exite
335 1611 476 1665 inde,
509 1610 747 1672 pollutam
772 1610 915 1655 nolite
942 1617 1161 1672 tanyere,
1190 1612 1309 1656 exite
1331 1610 1384 1656 de
1412 1611 1564 1658 medio
1584 1615 1686 1673 ejas
1699 1646 1716 1669 ,
1738 1621 1780 1659 et
1804 1630 1882 1677 690

185 1690 422 1750 recipiam
442 1703 542 1742 vos,
564 1687 686 1732 dicit
706 1686 966 1741 Dominus,
993 1693 1045 1731 ut
1057 1684 1215 1731 subdit
1235 1685 1482 1750 Apostolus
1496 1722 1508 1744 ,
1528 1687 1717 1734 recitata
1736 1689 1879 1736 verba

135 1798 146 1816 .
185 1780 453 1830 exponens3
474 1763 554 1828 qui
573 1770 794 1827 praeterea
817 1761 1048 1807 rationem
1067 1760 1239 1818 reddit.
1266 1778 1408 1825 quare
1433 1761 1650 1809 recedere
1674 1763 1879 1812 debeant

177 1841 293 1903 justi
327 1858 353 1886 a
383 1838 702 1905 peccatoribus
724 1873 737 1896 ‚
776 1837 936 1885 dicens
975 1854 986 1883 :
1019 1837 1135 1900 Quoe
1164 1839 1293 1883 enim
1317 1840 1639 1900 participatio
1664 1842 1879 1901 justitia>

182 1934 288 1963 cum
318 1919 633 1978 iniquitate...
663 1932 770 1978 quoe
796 1916 1036 1961 conventio
1071 1914 1253 1961 Christi
1272 1914 1340 1959 ad
1365 1914 1524 1960 Belial
1548 1913 1657 1977 (5)‘?
1686 1914 1738 1960 50
1758 1915 1877 1963 Hinc

181 2000 422 2058 receptum
457 1991 578 2038 illud
614 1990 740 2056 apud
778 1992 935 2037 Patres
975 1988 1122 2037 veluti
1163 1990 1373 2048 axioma,
1406 2007 1501 2036 non
1529 2006 1664 2055 posse
1702 1989 1876 2040 habere

180 2070 332 2116 Deum
355 2068 569 2132 patrem,
593 2067 675 2131 qui
698 2066 945 2113 Ecclesiam
971 2074 1174 2113 matrem
1193 2083 1291 2112 non
1320 2064 1489 2123 habet3
1524 2082 1581 2112 ex
1604 2083 1696 2130 quo
1714 2075 1874 2131 aperte

180 2144 390 2210 sequitur
420 2143 599 2190 ratione
627 2143 965 2189 contrariorum
982 2177 995 2200 .,
1028 2158 1114 2189 nec
1141 2158 1277 2207 posse
1303 2140 1743 2189 habere'Ecclesiam
1773 2158 1872 2188 ma-

180 2230 320 2281 trem,
340 2220 421 2286 qui
445 2221 596 2267 Deum
620 2226 805 2284 patrem
827 2236 924 2265 non
943 2217 1084 2266 habet
1102 2254 1115 2278 ,
1137 2216 1392 2280 cujusmodi
1406 2217 1613 2282 profecto
1631 2226 1741 2263 sunt
1761 2234 1872 2282 pec-

178 2305 370 2346 catores.
408 2297 492 2344 Cui
524 2295 752 2362 principio
788 2296 975 2341 innixus
1012 2295 1064 2340 60
1099 2295 1143 2341 S.
1167 2294 1449 2357 Augustinus
1485 2309 1497 2338 ι
1525 2293 1596 2340 Ac
1623 2310 1719 2357 per
1756 2295 1869 2352 hoc,

232 2461 284 2511 (1)
313 2461 399 2500 Huc
419 2462 629 2501 referuntur
654 2459 813 2512 plurimi
841 2459 984 2497 articuli
1051 2456 1202 2496 litantis
1232 2456 1417 2495 Ecclesioe
1434 2484 1447 2504 ‚
1478 2469 1567 2494 cum
1587 2470 1657 2495 nec
1684 2457 1736 2495 sit
1752 2470 1869 2495 mem·-

175 2529 217 2566 in
252 2525 425 2565 Wicleffo
464 2535 499 2566 et
528 2525 625 2564 Huss
654 2526 844 2576 proscripti
885 2523 984 2562 Con·
1050 2525 1161 2563 hrum
1176 2524 1274 2576 ejus.
1299 2523 1378 2562 Csr.
1401 2522 1553 2562 Colleot.
1578 2522 1727 2563 concil.
1745 2523 1862 2562 Labb.

174 2592 260 2631 cilio
288 2590 562 2630 constantiensi
579 2620 590 2638 ,
623 2591 810 2642 praecipue
842 2597 912 2628 art.
947 2603 985 2629 1v
1051 2598 1136 2628 tom.
1156 2602 1217 2628 xv¹
1234 2618 1245 2637 ‚
1264 2588 1337 2627 col.
1366 2586 1443 2642 756
1458 2597 1492 2628 et
1510 2601 1614 2643 seqq.
1629 2590 1774 2628 exedit.
1795 2587 1865 2626 Co-

173 2656 330 2696 Wioleff
346 2686 357 2706 ‚
385 2653 435 2696 Si
448 2655 687 2709 Episcopus,
723 2653 783 2693 vel
800 2651 986 2694 Sacerdos
1050 2655 1130 2701 leti,
1160 2653 1288 2692 Venet.
1314 2656 1432 2707 1731.

172 2723 314 2761 existat
347 2722 394 2760 in
412 2727 568 2774 peccato
601 2719 784 2768 mortali,
816 2732 895 2758 non
926 2733 986 2760 or·
1107 2721 1161 2772 (2)
1191 2720 1308 2760 Hebr.
1334 2733 1413 2768 ιιι,
1446 2719 1494 2760 18
1515 2730 1550 2760 et
1577 2734 1690 2773 seqq.

172 2788 309 2835 dinae,
334 2799 414 2825 non
440 2793 663 2833 consecrat,
699 2798 778 2824 non
801 2786 982 2836 conficit,
1108 2784 1161 2836 (3)
1190 2785 1208 2823 1
1231 2785 1311 2825 Pet.
1335 2799 1392 2834 11,
1412 2784 1452 2825 5.

170 2866 251 2892 non
279 2851 467 2905 baptizat.
508 2851 556 2889 Et
583 2858 654 2891 art.
684 2864 734 2889 xx
768 2849 864 2889 Huss
883 2878 897 2900 ‚
939 2850 988 2889 Si
1104 2850 1157 2900 (4)
1185 2851 1279 2891 Luc.
1298 2863 1404 2899 xva,
1430 2862 1498 2888 21.

170 2918 289 2972 Papa
312 2925 367 2957 est
391 2916 517 2956 malus
532 2946 544 2962 ‚
575 2924 612 2955 et
624 2916 841 2969 proescrtim
867 2917 904 2953 si
930 2922 987 2955 est
1105 2915 1161 2966 (ὅ)
1188 2915 1224 2954 11
1246 2916 1293 2956 ad
1313 2914 1422 2986 Corb
1427 2927 1465 2953 v1
1480 2943 1492 2961 ‚
1523 2912 1571 2964 14
1597 2922 1632 2953 et
1661 2928 1766 2968 seqq.

166 2985 419 3035 praescitus...
434 2995 513 3022 non
536 2989 590 3020 cst
614 2986 731 3034 caput
752 2986 890 3019 sanctoe
907 2982 983 3019 mi-
