2028 3354
1694 197 1788 244 359

373 218 499 247 PAR'r.
537 218 568 245 1.
610 216 727 246 SEC'r.
765 216 813 245 11.
850 217 950 246 CAP.
989 218 1019 247 1.
1057 217 1110 244 DE
1147 216 1273 245 PETRI
1309 214 1524 245 PRIMATU.

99 348 297 396 cumque
345 330 531 377 demum
580 338 765 387 essent7
806 329 1115 377 solverentur.
1154 330 1252 375 Hoc
1279 337 1438 375 tamen
1475 328 1791 393 interponitur

103 408 355 455 discrimen
409 408 533 453 inter
570 407 760 453 Petrum
802 414 848 452 et
887 404 1131 469 Apostolos
1168 414 1308 469 atque
1338 404 1612 463 Ecclesiam,
1653 412 1792 468 prout

95 483 181 530 hoc
206 485 395 530 nomine
437 482 703 545 designatur
741 491 887 529 coetus
919 480 1124 528 fidelium
1143 517 1154 538 n
1187 480 1313 544 quod
1348 479 1414 525 illi
1438 480 1588 528 claves
1611 496 1794 545 accepe-

93 561 217 618 rint7
249 569 301 605 ut
327 559 386 604 ita
420 559 567 604 dicam
588 595 599 617 7
652 561 828 613 activeff
860 557 920 603 ad
959 573 1034 603 eas
1068 556 1239 602 scilicet
1261 555 1575 615 adhibendas,
1601 555 1794 603 Ecclesia

92 646 249 682 autem
278 640 355 681 Seu
389 635 698 681 communitas
734 633 942 680 fidelium.
982 631 1209 695 acceperit
1240 633 1455 691 passive,
1498 631 1794 696 quandoqui-

91 711 197 757 dem
235 712 282 756 in
323 713 422 773 ejus
466 709 763 757 commodum
800 716 954 754 essent
985 725 1009 753 a
1049 709 1184 753 Petro
1215 714 1262 752 et
1300 705 1359 752 ab
1401 707 1636 770 Apostolis
1661 707 1792 756 adhi·

88 787 267 834 bendae.
286 789 401 833 Cum
419 796 578 833 autem
591 784 784 832 Ecclesia
809 799 992 847 semper
1019 781 1239 827 duratura
1267 789 1387 828 esset
1402 815 1415 839 ,
1439 783 1602 828 Petrus
1625 799 1732 829 vero
1749 792 1796 830 et

87 863 294 927 Apostoli
327 862 385 908 ad
419 871 600 926 tempus
635 869 819 906 tantum
848 858 1038 916 victuri,
1060 856 1400 904 concludebant
1435 858 1594 904 Patres
1614 894 1627 917 7
1669 875 1793 904 sem·

88 957 173 1003 per
210 939 293 985 has
334 939 485 985 claves
514 954 610 984 esse
645 952 913 994 mansuras7
944 951 1114 998 nempe
1147 935 1196 980 in
1221 934 1348 980 Petri
1382 943 1428 980 et
1461 933 1794 999 Apostolorum

88 1015 449 1073 successoribus,
490 1013 598 1078 quia
634 1011 816 1059 collatio
852 1013 941 1058 ista
973 1029 1069 1058 non
1110 1010 1197 1056 fuit
1234 1012 1535 1072 personalis,
1571 1010 1652 1057 sed
1682 1027 1794 1076 per-

89 1102 237 1156 petua
271 1091 357 1155 (l).

153 1168 265 1213 529.
305 1165 545 1228 Ejusmodi
567 1182 665 1212 esse
682 1181 951 1227 germanam
967 1165 1161 1210 Patrum
1175 1172 1384 1210 mentem
1401 1199 1413 1221 a
1432 1163 1655 1210 evincunt
1676 1162 1798 1229 ipso,

89 1261 195 1289 rum
218 1242 503 1289 testimonia.
528 1242 571 1287 S.
598 1240 864 1288 Ambrosius
898 1239 1056 1287 scribit
1084 1258 1095 1286 ε
1130 1240 1268 1295 Tibi,
1289 1242 1452 1302 inquit
1474 1238 1495 1302 (
1515 1238 1726 1285 Christus
1750 1240 1798 1301 ),

88 1319 208 1365 daho
237 1320 387 1364 claves
416 1319 556 1381 requi
589 1318 840 1375 coelorum,
873 1325 930 1363 ut
964 1325 1007 1362 et
1033 1317 1182 1363 solvas
1211 1324 1254 1362 et
1278 1318 1405 1380 Ziyes.
1441 1316 1546 1362 Hoc
1566 1315 1796 1363 Novatia-

86 1413 179 1442 nus
207 1412 303 1441 non
338 1396 564 1450 audivit,
591 1393 674 1439 sed
697 1393 917 1440 Ecclesia
951 1393 1285 1444 Deiaudivit;
1304 1392 1407 1437 ideo
1428 1393 1506 1438 ille
1532 1395 1587 1437 in
1617 1392 1793 1453 lapsu,

86 1489 170 1519 nos
201 1476 256 1517 in
290 1474 565 1518 remissione
591 1489 609 1527 ,-
645 1470 724 1515 ille
765 1473 821 1514 in
848 1470 1227 1531 impoenitentia,
1250 1484 1334 1514 nos
1363 1471 1418 1513 in
1436 1471 1617 1531 qratia.
1660 1467 1800 1529 Quod

86 1549 229 1595 Petro
267 1549 480 1602 dicitur,
530 1547 762 1609 Apostolis
790 1545 987 1591 dicitur.
1025 1543 1138 1591 Non
1162 1551 1435 1607 potestatem
1465 1559 1791 1605 ‘usurpamus5

88 1626 170 1670 sed
207 1627 443 1670 servimus
476 1625 680 1684 imperio
713 1621 801 1685 (2).
846 1620 1019 1667 Eadem
1057 1618 1200 1667 habet
1232 1620 1276 1666 S.
1304 1618 1524 1665 Pacianus
1558 1620 1608 1665 in
1647 1617 1794 1664 tribus

87 1698 146 1745 ad
171 1699 563 1764 Sympronianum
585 1697 790 1762 epistolis
807 1695 901 1760 (3)3
931 1696 1013 1743 sed
1033 1696 1260 1761 praecipue
1283 1697 1327 1741 S.
1347 1694 1626 1757 Augustinus
1640 1730 1653 1753 ,
1674 1694 1754 1759 qui
1779 1729 1791 1752 7

86 1776 257 1833 Petro,
278 1776 456 1840 inquit,
482 1779 536 1830 in
558 1776 726 1821 multis
748 1778 854 1820 locis
874 1775 1246 1836 Scripturarum
1277 1780 1504 1835 apparet,
1537 1771 1667 1834 quod
1679 1787 1795 1833 per-

87 1870 253 1900 sonam
278 1860 418 1916 glestet
456 1852 708 1910 Ecclesiae,
751 1854 961 1897 maxime
995 1851 1075 1896 illo
1114 1853 1169 1896 in
1198 1850 1316 1906 loco,
1354 1848 1447 1894 ubi
1477 1848 1665 1894 dictum
1698 1856 1796 1894 est:

98 1928 215 1976 Tibi
234 1930 355 1975 dabo
383 1930 533 1975 claves
555 1929 693 1991 requi
724 1928 1004 1973 coelorum...
1039 1925 1297 1988 Numquid
1316 1928 1432 1971 istas
1452 1925 1603 1971 claves
1622 1924 1796 1970 Petrus

90 2009 296 2068 accepit,
333 2014 375 2051 et
415 2005 602 2051 Paulus
638 2020 731 2050 ozon
759 1999 975 2066 accepit?
1002 2003 1178 2049 Petrus
1211 2004 1415 2064 accepit,
1448 2009 1490 2047 et
1518 2001 1732 2050 Joaunes
1754 2007 1800 2045 et

90 2083 302 2130 ,Iacobus
324 2098 420 2128 mm
451 2084 655 2143 accepit,
686 2089 730 2126 et
753 2083 913 2125 coeteri
933 2078 1141 2139 Apostoli
1152 2076 1173 2124 52
1206 2079 1308 2124 Aut
1338 2093 1434 2123 non
1466 2085 1582 2123 sunt
1602 2079 1704 2122 istoe
1739 2078 1796 2121 in

150 2278 207 2331 (l)
236 2278 307 2317 Seu
326 2309 337 2326 ‚
357 2287 399 2317 ut
421 2279 531 2317 modo
554 2276 878 2316 animadvertimus
895 2305 905 2322 ‚

98 2344 218 2382 Patres
250 2358 291 2382 eo
314 2358 419 2383 sensu
436 2345 662 2390 docuerunt,
691 2343 808 2381 claves
833 2355 908 2379 non

97 2413 164 2448 uni
196 2409 299 2446 Petro
327 2409 425 2447 datas
453 2424 529 2448 esse
546 2439 555 2455 .‚
581 2409 693 2446 sedin
717 2410 794 2459 ipso
822 2409 906 2444 uni-

100 2489 212 2514 versae
246 2474 418 2512 Ecclesiae
437 2504 446 2521 ,
486 2483 667 2527 quatenus
691 2487 818 2512 earum
840 2486 911 2524 po-

99 2548 229 2587 testas,
264 2541 443 2578 moriente
472 2539 574 2577 Petro
591 2570 601 2586 ‚
629 2553 706 2576 non
736 2538 844 2576 fuerit
872 2540 911 2575 in

102 2606 266 2645 Ecclesia
291 2612 353 2644 aut
378 2604 517 2643 sublata
536 2612 600 2642 aut
626 2617 800 2654 suspensa
818 2631 828 2651 ,
851 2603 913 2640 sed

100 2674 236 2725 jugiter
270 2673 310 2709 in
339 2685 380 2708 ea
417 2671 722 2722 perseveraverit3
751 2671 836 2721 quia
875 2669 915 2705 in

105 2738 268 2790 ejusdem
300 2737 442 2774 bonum
478 2743 587 2786 atque
622 2733 914 2772 emolumentum

106 2801 262 2841 clavium
293 2808 504 2854 potestatem
532 2800 637 2838 Petro
669 2801 747 2851 ejus
774 2799 918 2850 primati

109 2865 272 2905 Christus
301 2867 471 2906 contulit.
508 2866 634 2904 Petrus
665 2872 851 2916 propterea
879 2866 919 2901 in

110 2932 276 2970 clavibus
312 2932 531 2984 accipiendis
558 2929 834 2983 repraesentabat
852 2929 923 2967 Ec-

114 2995 256 3036 clesiam
291 2999 475 3050 quomodo
499 3006 600 3049 pater
628 3004 813 3048 postam,
845 2996 927 3033 fons

980 2276 1074 2313 rivos
1089 2303 1100 2322 ‚
1116 2274 1218 2312 radix
1245 2287 1380 2312 ramos.

1034 2341 1089 2391 (Ξ)
1119 2340 1311 2378 Enarrat.
1329 2341 1373 2378 in
1387 2340 1460 2378 Ps.
1480 2350 1644 2386 xxxviii,
1665 2352 1705 2377 n.
1730 2338 1796 2389 37.

1034 2405 1087 2456 (3)
1116 2404 1388 2457 Argumentum
1414 2407 1525 2442 trium
1554 2405 1689 2442 harum
1721 2404 1799 2455 epi-

979 2461 1152 2510 stolii-um
1167 2479 1220 2510 est
1234 2470 1659 2522 ostendere‚potestatem
1670 2469 1798 2507 dimit-

981 2537 1080 2574 tendi
1104 2545 1249 2588 peccata
1269 2538 1394 2575 datam
1415 2537 1526 2574 fuisse
1556 2535 1660 2574 Petro
1687 2543 1723 2573 et
1743 2548 1803 2572 ce·-

982 2604 1066 2641 teris
1088 2600 1273 2656 Apostolis
1287 2634 1297 2651 ‚
1330 2611 1372 2641 ut
1387 2604 1558 2641 transiret
1569 2602 1616 2640 ad
1636 2604 1801 2653 ipsorum

983 2681 1224 2716 successores,
1264 2669 1311 2706 ad
1350 2682 1390 2706 ea
1425 2667 1595 2706 Ecclesiae
1636 2664 1803 2704 membra

985 2733 1230 2782 vivificanda,
1273 2746 1356 2786 quae
1387 2747 1451 2785 per
1486 2740 1677 2784 peccatum
1718 2736 1803 2782 post

987 2798 1170 2850 Baptisma
1197 2807 1379 2851 patratum
1407 2800 1599 2837 demortua
1616 2798 1796 2838 fuissent,

989 2877 1092 2903 secus
1129 2880 1171 2904 ac
1204 2864 1477 2904 contendebant
1513 2862 1733 2910 Novatiani,
1759 2858 1818 2898 dc«

994 2944 1153 2984 quorum
1179 2945 1283 2984 grege
1311 2937 1383 2968 erat
1407 2927 1709 2982 Symproniauus.

1661 3096 1699 3135 ,ἃ
