2028 3354
1688 190 1785 237 415

330 212 455 240 PART.
498 212 528 239 1.
571 209 688 239 sEc‘r.
725 208 773 237 11.
812 209 907 239 CAP.
945 209 991 239 11.
1030 210 1083 238 DE
1120 208 1297 240 PMMAT.
1337 209 1518 238 PERPET.

94 324 143 369 in
176 324 297 370 Petri
339 324 592 388 primatum
620 320 902 381 succedunt,
927 324 994 368 uti
1022 339 1075 369 ex
1104 319 1328 368 hactenus
1359 320 1492 369 dictis
1512 320 1784 367 luculentis-

92 400 209 447 sime
238 408 386 464 patet,
415 403 513 460 jam
557 397 722 445 eodem
750 399 855 460 jure
884 397 970 445 hac
997 398 1347 462 praeeminentia
1383 406 1430 444 et
1464 396 1786 462 superioritate

93 477 142 521 in
164 476 427 522 universam
460 473 706 520 Ecclesiam
731 474 900 537 gaudet
926 473 1122 521 Ecclesia
1147 491 1338 520 romana
1357 510 1369 533 ,
1393 491 1469 521 seu
1492 474 1645 539 potius
1665 490 1784 521 rom.

93 553 321 600 Pontifex.
342 551 539 599 Lubenti
577 552 733 598 animo
758 550 832 599 hic
859 551 998 598 etiam
1031 550 1319 615 gratulamur
1339 550 1602 598 adversario
1625 549 1684 598 de
1713 568 1785 611 eo,

92 628 218 693 quod
248 630 510 693 profitetur,
539 645 586 675 se
604 626 869 693 plenissime
886 626 1157 685 admittere3
1186 641 1346 672 verum
1368 644 1484 691 opus
1498 634 1592 687 est,
1615 627 1652 673 si
1676 626 1787 675 velit:

93 705 335 754 veritatem
368 705 596 767 integram
638 719 910 767 agnoscere,
948 712 999 748 ut
1040 701 1230 748 ulterius
1263 701 1613 765 progrediatur,
1647 711 1787 768 atque

91 781 306 827 admittat
318 784 452 842 juxta
475 780 771 845 apostolicam
803 777 1104 824 traditionem
1131 776 1358 839 ejusmodi
1379 777 1784 841 praeeminentiam

90 856 230 921 plane
254 857 311 903 de
333 860 455 919 jure
477 858 658 903 divino.
682 853 917 919 Siquidem
932 870 989 900 ex
1010 853 1144 900 dictis
1164 889 1176 911 ,
1215 870 1315 917 quae
1341 854 1440 919 ipse
1470 852 1583 900 falso
1617 854 1786 902 funda-

88 942 250 981 mento
273 934 581 998 superstruxit
603 932 652 978 in
682 930 999 991 conclusione,
1028 928 1277 977 concidant
1302 946 1488 977 necesse
1508 938 1579 976 est
1612 930 1698 994 (l).

157 1010 267 1057 598.
308 1009 414 1072 obj.
448 1009 596 1056 tertia.
637 1008 687 1053 10
733 1010 764 1053 A
805 1006 965 1053 divino
1001 1011 1107 1068 jure
1146 1007 1291 1070 repeti
1335 1006 1524 1071 nequit,
1565 1007 1689 1073 quod
1728 1024 1787 1055 ex

88 1103 217 1134 mero
252 1086 451 1132 hominis
484 1082 677 1131 arbitrio
711 1082 975 1147 dependet3
1012 1082 1118 1129 talis
1144 1100 1285 1147 porro
1309 1092 1380 1130 est
1411 1084 1632 1130 successio
1659 1101 1780 1130 rom.

87 1163 359 1209 Pontificum
395 1161 443 1206 in
484 1160 612 1206 Petri
656 1159 924 1224 primatum.
968 1160 1153 1206 Etenim
1200 1159 1327 1223 quod
1391 1160 1547 1205 Petrus
1588 1161 1786 1208 Romam

79 1239 230 1304 potius
266 1237 315 1283 in
358 1236 516 1283 sedem
567 1235 758 1299 elegerit
806 1252 948 1300 quam
989 1234 1154 1282 urbem
1190 1235 1327 1281 aliam
1362 1234 1783 1302 qualemcumque,

79 1315 248 1361 factum
287 1321 356 1358 est
389 1329 514 1359 mere
542 1311 831 1366 humanum,
864 1329 888 1357 a
926 1310 1069 1359 libera
1095 1311 1266 1358 scilicet
1296 1312 1420 1358 Petri
1448 1311 1690 1366 voluntate
1718 1314 1785 1361 ita

77 1406 173 1436 sese
196 1388 538 1435 determinante
577 1386 864 1452 dependens.
910 1388 964 1434 20
996 1389 1103 1435 Jam
1137 1404 1245 1435 vero
1260 1392 1335 1450 jus
1367 1387 1583 1437 divinum
1611 1406 1637 1436 a
1665 1389 1783 1437 facto

76 1465 282 1512 humano
316 1481 503 1529 prorsus
535 1463 858 1528 independens
895 1474 980 1511 est.
1017 1465 1097 1523 30,
1127 1463 1535 1522 Quemadmodum
1565 1465 1704 1530 igitur
1733 1466 1783 1514 in

74 1542 267 1590 arbitrio
288 1543 411 1589 Petri
434 1542 523 1588 fuit
549 1543 705 1589 Romae
737 1543 889 1607 potius
917 1560 1058 1608 quam
1090 1541 1199 1590 alibi
1225 1542 1496 1590 cathedram
1529 1560 1661 1590 suam
1680 1543 1782 1591 col·—

76 1618 225 1666 locare
240 1655 252 1676 ,
288 1621 352 1665 ita
374 1628 421 1666 et
443 1619 491 1664 in
529 1618 720 1665 arbitrio
740 1618 952 1666 Ecclesiae
981 1629 1049 1667 est
1076 1620 1199 1666 Petri
1232 1618 1501 1666 cathedram
1520 1618 1610 1667 alio
1629 1629 1784 1667 trans-

76 1695 221 1752 ferre,
252 1711 325 1741 ex.
348 1712 413 1758 gr.
429 1694 765 1754 Mediolanum,
792 1695 1101 1761 Petropolim,
1117 1695 1398 1754 Berolinum,
1416 1705 1505 1744 etc.
1529 1696 1564 1743 si
1583 1713 1776 1761 praeser-
1812 1711 1815 1753 ζ

75 1771 159 1816 tim
186 1770 235 1816 id
253 1787 409 1818 rerum
432 1771 648 1832 adjuncta
671 1781 811 1836 atque
838 1771 1044 1818 Ecclesiae
1068 1772 1208 1837 ipsius
1236 1772 1409 1819 utilitas
1440 1783 1774 1838 exposcerent3

74 1863 318 1911 perperam
345 1864 452 1910 ergo
489 1864 608 1894 rom.
636 1848 879 1895 Pontifices
897 1851 972 1911 jus
999 1847 1212 1894 divinum
1237 1848 1500 1896 obtendunt
1525 1849 1575 1895 in
1599 1866 1781 1897 succes-

74 1923 201 1970 sione
221 1924 270 1969 in
294 1925 415 1971 Petri
431 1913 691 1988 'primatum
712 1925 798 1989 (2).

134 2086 184 2137 (1)
215 2086 285 2124 Hic
309 2086 429 2125 obiter
464 2086 642 2136 obser-w,
668 2088 892 2127 Palmerium

1012 2089 1069 2141 (Ξ)
1102 2090 1153 2128 lta
1180 2089 1388 2129 Febronius
1409 2093 1559 2144 ejusqus
1581 2099 1777 2131 sectatores

81 2151 230 2190 technas
250 2164 399 2191 movere
420 2152 598 2191 adversus
624 2156 895 2193 successionem
961 2157 1097 2207 passim
1114 2171 1124 2203 3
1140 2164 1250 2208 atque
1262 2158 1391 2195 exinde
1403 2157 1589 2209 ejusmodi
1604 2160 1772 2210 quaestio,

79 2230 178 2254 rom.
191 2216 411 2257 Pontificum
424 2218 465 2257 in
480 2217 576 2257 Petri
593 2221 898 2272 primatumjure

78 2280 216 2318 divino
233 2311 243 2328 ,
270 2296 310 2321 eo
334 2285 432 2335 quod
457 2284 534 2323 haec
560 2286 715 2323 formula
743 2300 818 2324 non
835 2288 896 2324 in-

93 2347 258 2384 veniatur
283 2363 450 2400 expressa
477 2353 516 2388 iu
552 2350 702 2389 Petrum
731 2354 897 2390 testimo-

91 2413 177 2457 niis,
199 2413 299 2461 licet‚
317 2421 356 2452 ut
376 2416 556 2462 vidimus,
578 2431 654 2455 rem
668 2419 798 2469 ipsam,
819 2432 898 2470 quae

91 2478 249 2516 formula
262 2479 326 2516 illa
338 2482 578 2532 significatur,
592 2486 660 2536 ipsi
671 2486 898 2537 apertissime

90 2543 249 2582 tradant.
281 2542 377 2582 Cum
409 2560 494 2586 vero
523 2551 596 2600 agit
629 2550 675 2588 de
710 2549 897 2588 infallibili

964 2229 1086 2260 utrum
1113 2221 1285 2260 Ecclesiae
1321 2218 1535 2261 auctoritate
1558 2237 1577 2261 a
1602 2221 1699 2262 Sede
1713 2236 1775 2261 ro-

965 2301 1074 2324 mana
1100 2289 1140 2325 in
1164 2287 1274 2325 aliam
1296 2290 1473 2339 primatus
1506 2290 1621 2339 possit
1657 2296 1779 2326 trans-

964 2353 1050 2391 ferri
1068 2382 1078 2398 ,
1105 2351 1258 2391 celebris
1279 2353 1406 2392 effecta
1433 2362 1509 2401 est,
1541 2354 1586 2391 de
1609 2366 1681 2404 qua
1699 2354 1778 2405 jam

964 2418 1011 2456 ab
1041 2432 1139 2456 anno
1171 2417 1269 2471 1782
1296 2420 1440 2470 scripsit
1455 2427 1577 2457 auctor
1592 2416 1778 2471 Epistola·

964 2485 1010 2520 in
1024 2497 1140 2522 causa
1165 2497 1175 2524 :
1202 2486 1240 2522 A
1247 2498 1274 2522 n
1294 2484 1478 2522 Summus
1496 2485 1776 2537 pontificatusa

963 2562 1124 2588 romana
1153 2548 1326 2590 Ecclesia
1352 2549 1465 2591 avelli
1492 2551 1621 2590 etalio
1649 2558 1778 2589 trans-

90 2608 258 2648 Ecclesiae
274 2612 487 2650 auctoritate
504 2641 515 2660 ,
539 2616 742 2665 quamipse
766 2618 898 2666 pariter
927 2627 931 2631 ·
957 2615 1058 2665 ferri
1079 2618 1226 2668 possit?
1253 2617 1373 2670 Atque
1394 2631 1492 2655 anno
1524 2616 1621 2670 1787
1656 2617 1777 2656 Ticini

89 2689 165 2713 non
193 2675 273 2714 vult
308 2675 505 2715 admittere
522 2708 532 2726 ‚
566 2679 653 2717 licet
675 2694 841 2731 expresse
862 2689 898 2719 et

88 2748 211 2792 aperte
238 2743 402 2779 certatim
433 2742 556 2782 Patres
584 2744 685 2783 illam
710 2746 897 2784 inculcent

87 2805 157 2846 alia
195 2810 333 2847 ratione
374 2814 465 2848 tunc
498 2813 660 2863 ipsorum
691 2814 896 2851 testimonia

87 2872 218 2912 eludit.
255 2874 313 2914 Ita
351 2877 504 2927 proinde
537 2889 614 2917 sese
640 2880 831 2930 gessisset,
867 2882 896 2918 si

86 2942 218 2991 apertis
228 2942 347 2981 verbis
367 2945 537 2992 eamdem
559 2945 757 2984 formulam
772 2944 895 2986 Patres

85 3005 353 3046 adhibuissent.

962 2681 1072 2720 thesis
1093 2682 1174 2721 haec
1196 2683 1351 2734 publicae
1368 2684 1606 2735 disputationi
1633 2697 1767 2735 propo-

963 2749 1031 2784 sita
1052 2747 1148 2786 fuit:
1173 2746 1432 2801 Episcopatui
1451 2762 1608 2788 romano
1626 2750 1773 2787 nonita

962 2824 1155 2850 annexum
1181 2827 1257 2852 esse
1290 2814 1457 2853 dicimus
1472 2817 1688 2866 primatum
1707 2845 1716 2861 ,
1734 2820 1780 2852 ut

962 2875 1135 2917 Ecclesia
1160 2878 1271 2917 illum
1293 2881 1336 2917 in
1354 2879 1475 2918 aliam
1496 2893 1775 2931 quamcumque

960 2943 1179 2983 cathedram
1202 2945 1408 2997 transferre
1420 2958 1498 2984 non
1505 2946 1643 2997 possit.
1657 2945 1744 2982 Dixi
1763 2974 1774 2991 ‚

961 3009 1098 3049 exinde
1118 3010 1295 3065 celebrem
1314 3011 1446 3051 factam
1467 3025 1544 3051 esse
1555 3010 1651 3051 hanc
1674 3021 1773 3063 quae-
