2028 3354
182 176 278 224 298
664 196 824 225 ‘rucr-
864 197 931 241 ως,
953 197 1070 227 roms
1105 199 1410 230 rnnoroclms.

184 309 360 357 Petrus
398 308 527 355 dimit
559 328 572 353 .·
615 307 690 355 Tu
724 325 770 354 cs
809 308 1064 366 Christus,
1099 312 1147 357 F
1149 313 1267 359 ilius
1302 315 1398 361 Dei
1435 317 1547 360 vivi.
1585 314 1891 376 Respondeas

184 395 348 432 autem
374 386 514 431 Jesus
538 385 668 430 dz'oeic
697 387 745 430 ei
770 406 783 431 .·
813 386 992 432 Beatus
1015 403 1060 431 es
1080 388 1249 434 Simon
1269 389 1523 437 Bar-Iona
1536 408 1552 445 ‚·
1571 392 1691 453 quia
1719 407 1830 436 caro
1848 398 1890 436 et

184 464 386 526 sanyuis
424 478 522 507 non
552 466 777 530 rlevelavit
811 463 934 519 tibi,
962 463 1046 509 sed
1076 463 1228 509 Pater
1257 482 1414 520 meus,
1449 471 1541 529 qm‘
1570 469 1625 512 in
1647 469 1775 513 coelz's
1805 474 1884 512 est.

185 538 255 585 Ec
292 554 370 602 ‘³90
409 538 515 585 dico
546 539 664 593 tihi,
699 542 818 600 quia
854 547 906 584 tu
939 556 985 585 es
1030 539 1229 591 Petrus,
1275 549 1318 586 ct
1357 558 1497 605 super
1537 545 1662 590 hanc
1695 552 1890 605 petram

185 615 431 678 oedz‘fi'cabo
458 615 727 661 Ecclesiam
763 632 946 669 meam,
984 624 1027 661 et
1053 624 1208 679 portae
1241 617 1394 679 inferi
1428 635 1524 666 non
1554 621 1895 681 praevalebunt

184 691 415 737 adversus
434 708 558 738 eam.
586 692 650 738 Et
677 692 771 739 tihi
798 693 922 738 daho
942 693 1091 738 claves
1109 697 1251 755 reym'
1270 694 1507 740 coelorum.
1540 696 1608 742 Et
1626 697 1891 758 quodcum·-

184 785 275 831 que
298 769 522 831 liyavcris
544 785 692 829 super
708 776 899 823 terram,
922 772 1015 814 erit
1035 770 1240 832 [effatum
1261 779 1303 816 et
1316 772 1371 816 in
1392 772 1546 825 coelis;
1564 780 1606 817 et
1625 774 1893 833 quodcum-

181 862 277 908 que
316 846 508 891 solveris
539 861 688 908 super
719 853 931 901 terram,
963 847 1058 892 erit
1090 847 1299 892 solutum
1346 856 1390 893 ec
1430 851 1484 894 in
1525 849 1668 894 coelis.
1717 850 1896 895 Postre-

186 939 321 970 mum
362 938 500 982 vero,
540 939 622 969 seu
657 923 873 986 promissi
909 921 1190 969 solutionem
1223 923 1414 970 exhibet
1454 925 1500 971 S.
1540 926 1748 972 Joannes
1787 942 1889 989 cap.

185 999 323 1059 XXI,
367 998 457 1044 illis
501 997 655 1047 verbis
676 1034 689 1057 ‚
725 997 894 1064 quibus
935 998 1145 1045 Christus
1183 999 1420 1048 redivivus
1454 1000 1674 1048 eumdem
1706 1003 1896 1049 Petrum

186 1075 354 1122 affatus
385 1084 457 1121 est
482 1092 492 1121 ε
523 1076 673 1122 Pasce
703 1092 850 1139 aynos
879 1092 1061 1122 meos...
1083 1093 1228 1139 pasce
1259 1093 1360 1123 oves
1390 1094 1533 1123 meas.

254 1152 367 1199 448.
407 1153 550 1199 Porro
594 1152 644 1198 in
671 1153 816 1217 priori
842 1152 1136 1212 testimonio,
1171 1152 1384 1199 Christus
1417 1149 1552 1199 Petro
1589 1153 1675 1200 sub
1712 1154 1896 1218 gemina

186 1228 484 1276 fundamenti
501 1238 547 1276 et
566 1228 768 1277 clavium
784 1228 1058 1293 metaphora
1071 1238 1231 1294 aperte
1243 1230 1487 1293 significat,
1507 1247 1556 1277 se
1569 1229 1725 1277 eidem
1738 1247 1899 1295 supre-

188 1324 318 1354 mam
339 1315 621 1371 potestatem
647 1305 926 1354 collaturum
945 1342 956 1365 a
994 1323 1196 1371 eumque
1216 1325 1352 1354 suum
1385 1309 1750 1355 constituturum
1771 1309 1899 1355 vica-

188 1384 315 1432 rium
335 1385 385 1431 in
412 1384 605 1432 Ecclesia
645 1383 814 1430 visibili
842 1403 868 1430 a
904 1400 952 1430 se
980 1383 1121 1449 paulo
1151 1393 1258 1448 post
1287 1384 1577 1431 aedificanda.
1613 1384 1748 1442 Quod
1771 1384 1898 1431 enim

188 1469 261 1509 est
288 1460 652 1508 fundamentum
676 1459 726 1506 in
750 1461 1029 1507 caementitio
1063 1459 1280 1520 aedificio„
1310 1462 1399 1507 erit
1428 1461 1593 1508 Petrus
1629 1461 1679 1506 in
1708 1456 1900 1508 aedifi‘eio

189 1537 445 1603 spirituali,
470 1555 643 1602 nempe
663 1536 877 1589 Ecclesia.
904 1538 985 1583 Ast
1004 1554 1113 1584 vero
1137 1536 1502 1584 fundamentum
1523 1537 1642 1583 illud
1664 1546 1751 1593 est,
1774 1535 1898 1601 quod

190 1616 462 1665 universum
486 1615 731 1663 aedificium
758 1622 991 1662 sustentat
1019 1632 1071 1661 ac
1103 1615 1251 1678 regit3
1284 1632 1392 1679 ergo
1422 1622 1469 1662 et
1499 1616 1663 1661 Petrus
1685 1613 1763 1660 ille
1786 1614 1899 1674 erit,

190 1708 248 1739 ex
288 1691 460 1739 Christi
497 1692 819 1752 institutione,
856 1692 929 1737 cui
971 1692 1123 1737 omnis
1158 1691 1208 1737 in
1251 1692 1449 1739 Ecclesia
1481 1700 1714 1756 potestaS,
1746 1690 1898 1737 omnis

191 1768 350 1833 legum
387 1769 456 1816 vis
493 1778 724 1833 tanquam
763 1769 901 1815 firmo
948 1767 1258 1815 fundamento
1301 1768 1438 1814 inniti
1475 1767 1731 1815 debebunt.
1763 1766 1896 1826 Quod

192 1864 293 1893 non
322 1844 479 1893 minus
511 1852 671 1910 aperte
703 1853 835 1910 patet
865 1833 928 1891 ¹ex
968 1845 1112 1892 altera
1144 1843 1347 1892 clavium
1387 1844 1693 1909 metaphora7
1727 1861 1816 1908 qua
1848 1844 1897 1888 in

194 1923 360 1971 eodem
383 1922 652 1970 testimonio
686 1940 796 1969 usus
818 1931 888 1969 est
908 1921 1134 1969 Christus.
1158 1921 1341 1969 Etenim
1367 1920 1494 1985 apud
1519 1937 1682 1967 omnes
1707 1928 1896 1984 gentes,

193 2000 454 2066 praesertim
484 2017 594 2047 vero
615 1998 879 2057 hebraeam„
911 2008 1153 2064 receptum
1185 2007 1280 2058 est,
1304 2006 1356 2043 ut
1386 1997 1538 2045 claves
1573 1996 1707 2043 alicui
1737 1996 1897 2043 confe-

195 2086 362 2123 rantur
384 2085 610 2141 tanquam
632 2075 812 2139 insigne
842 2084 922 2121 aut
947 2073 1215 2139 symbolum
1245 2074 1487 2139 potestatis
1522 2075 1572 2119 in
1604 2073 1799 2120 domum
1819 2080 1900 2118 aut

195 2153 453 2211 civitatem7
483 2146 613 2215 cujus
641 2152 793 2200 claves
816 2151 1096 2211 traduntur,
1127 2160 1180 2198 ut
1206 2169 1303 2199 non
1333 2167 1477 2216 pauca
1507 2150 1605 2196 loca
1637 2150 1899 2214 Scriptura-

195 2248 302 2278 rum
331 2229 551 2296 parallela
580 2230 866 2302 confirmant·
894 2228 980 2293 (1).
1010 2230 1126 2275 Cum
1147 2228 1305 2295 itaque
1331 2227 1542 2275 Christus
1570 2225 1777 2273 Ecclesiae
1806 2240 1899 2272 suae

195 2307 351 2357 claves
380 2310 519 2355 Petro
548 2325 595 2355 se
616 2306 837 2354 daturum
857 2305 1124 2370 promiserit
1141 2340 1155 2365 ‚
1183 2321 1471 2370 consequens
1501 2312 1570 2351 est
1588 2339 1600 2362 a
1635 2303 1900 2367 promisisse

197 2383 287 2432 hoc
311 2385 412 2450 ipso
442 2384 681 2431 Christum
698 2419 711 2442 ‚
736 2400 784 2431 se
813 2400 921 2430 eum
950 2382 1313 2429 constituturum
1338 2381 1601 2447 principem
1627 2395 1900 2445 supremum

252 2513 311 2565 (l)
331 2515 410 2554 cfr.
427 2515 526 2555 Jahn
546 2545 557 2563 ‚
573 2514 839 2565 Archaeoloqia
858 2513 1015 2561 biblica,
1085 2516 1221 2553 summi
1237 2513 1443 2553 Sacerdotis
1467 2511 1580 2552 Heliae
1604 2527 1612 2550 :
1641 2509 1694 2550 Et
1709 2510 1806 2549 dabo
1819 2507 1898 2547 ela-

198 2579 221 2634 §
240 2580 289 2635 37
303 2610 314 2629 ,
337 2581 449 2621 Vien.
475 2580 592 2631 1814,
617 2581 681 2620 ubi
699 2581 824 2619 scribit
848 2594 859 2618 :
884 2580 1019 2618 Claves
1083 2594 1166 2619 vem
1180 2581 1313 2619 domus
1324 2579 1456 2619 David
1465 2594 1579 2632 super
1590 2569 1900 2628 humerumqjun

200 2662 246 2686 ex
267 2646 417 2686 metallo
448 2649 624 2700 conjecta>
643 2678 652 2695 ‚
688 2659 768 2684 ἠοη
802 2654 912 2684 erant
936 2648 1020 2685 nisi
1085 2654 1120 2685 et
1152 2649 1295 2700 aperiet
1312 2676 1321 2694 ‚
1349 2654 1384 2685 et
1408 2659 1487 2684 non
1517 2647 1591 2684 erit
1618 2645 1688 2696 qm·
1711 2639 1897 2688 claudae,-

193 2714 496 2767 potentioribu3‚
536 2721 570 2751 et
609 2725 886 2763 nonnunquam
919 2726 1016 2751 ansa
1083 2720 1118 2751 el
1151 2712 1329 2761 claudet,
1363 2719 1399 2750 et
1427 2726 1506 2750 non
1532 2713 1604 2750 erit
1636 2709 1705 2760 qui
1731 2707 1896 2759 aperiat.

200 2779 367 2818 eburnea
386 2785 545 2818 ornatae.
570 2778 700 2817 Clavz's
726 2776 842 2831 hujus
868 2780 1017 2829 qeneris
1083 2779 1181 2831 Quin
1198 2788 1233 2819 et
1252 2794 1421 2832 suprema
1433 2778 1570 2817 Christi
1585 2781 1755 2828 potestas,
1779 2772 1894 2824 Apoc.

200 2845 1017 2898 aevo-monarchiaehebraicoeadispensatore
1083 2849 1151 2893 n'1,
1187 2858 1209 2897 7
1228 2876 1237 2894 ‚
1278 2846 1410 2886 eodem
1442 2843 1601 2881 clavium
1636 2838 1805 2891 symbolo
1833 2838 1898 2876 de-

200 2912 338 2951 damus
356 2912 473 2963 reqioe
497 2919 681 2964 tanquam
703 2911 855 2963 insiqne
877 2924 1017 2950 nenne·
1037 2961 1041 2966 .
1083 2913 1270 2964 signatur:
1290 2911 1386 2949 Haec
1411 2909 1508 2947 dicit
1524 2913 1680 2945 sanctus
1704 2913 1740 2944 et
1761 2905 1891 2952 veras,

201 2980 259 3016 ric
292 2980 336 3017 in
364 2978 520 3017 humero
547 2979 776 3031 qestabatur.
806 2977 903 3017 Sane
928 2978 1013 3017 Isa'i.
1079 2978 1151 3029 qui
1163 2976 1275 3016 habet
1300 2975 1441 3014 clavem
1456 2972 1605 3013 David.
1625 2972 1703 3011 Cfr.
1729 2970 1897 3018 Calmet,

204 3056 309 3093 xxn,
344 3056 423 3092 22,
462 3044 617 3098 legimus
659 3045 705 3084 de
745 3044 903 3084 Eliacim
939 3044 1018 3083 filio
1084 3044 1125 3081 in
1142 3043 1219 3081 loc.
1257 3044 1321 3081 cit.
1347 3036 1460 3079 Isaiae.

1955 2782 2028 2818 ›Jss
