2028 3354
1695 187 1782 233 121

478 207 607 237 PART.
644 207 678 234 1.
716 206 814 236 GAP.
854 207 924 235 111.
960 207 1015 235 DE
1050 204 1264 236 ECCLESIAE
1298 204 1431 234 Norls.

173 320 282 368 206.
320 322 374 366 In
396 319 555 384 primis
577 318 845 382 seponenda
863 328 973 365 sunt
992 318 1081 365 tria
1108 318 1260 383 priora
1280 318 1422 378 facta3
1447 316 1679 382 siquidem
1703 334 1778 363 ex-

109 397 342 462 ploratum
358 412 482 443 nunc
506 395 631 461 apud
643 395 845 442 eruditos
872 405 960 455 est7
986 412 1138 460 neque
1157 396 1202 442 S.
1219 396 1448 442 Victorem
1467 394 1786 441 excommuni-

110 473 301 519 cationis
330 474 611 519 sententiam
633 471 790 518 tulisse
812 472 862 517 in
881 472 1100 518 Asiaticos
1119 507 1131 530 7
1160 486 1311 534 neque
1332 471 1377 516 S.
1400 470 1688 535 Stephanum
1711 469 1788 516 ad-

108 565 267 595 versus
289 549 333 594 S.
355 548 638 613 Cyprianum
658 556 702 594 et
723 547 944 593 africanos
958 546 1199 611 Episcopos
1212 546 1298 608 (l).
1315 546 1476 592 Nescio
1494 563 1648 609 porr07
1664 545 1787 593 unde

107 624 392 673 adversarius
434 624 645 671 didicerit
695 625 739 670 S.
768 625 970 670 Leonem
1017 621 1435 668 excommunicasse
1485 624 1530 667 S.
1559 621 1784 668 Hilarium

105 698 420 747 Arelatensem
437 736 448 758 7
482 699 539 746 de
561 716 651 764 qua
678 696 1155 745 excommunicatione
1178 696 1394 761 nuspiam
1421 696 1469 742 in
1488 697 1614 743 fastis
1642 696 1786 744 eccle-

112 775 308 823 siasticae
329 775 531 821 historiae
557 774 800 836 vestigium
827 772 1023 817 occurrit
1042 772 1129 833 (2).
1452 822 1459 826 ,

169 851 279 897 207.
318 852 468 898 AEtate
501 858 655 896 autem
675 849 719 893 S.
751 848 887 892 Joan.
914 845 1229 910 Chrysostomi
1259 863 1500 912 nunquam
1522 848 1711 894 fuerunt
1738 848 1789 894 in

106 926 373 973 universum
391 925 545 973 divisae
563 921 770 969 Ecclesiae
781 922 1028 986 orientales
1050 922 1108 969 ab
1128 922 1490 971 occidentalibus
1508 960 1520 983 7
1535 940 1642 970 cum
1668 940 1788 969 nun—

103 1018 244 1065 quam
276 1000 520 1047 anatliema
551 997 700 1045 latum
726 998 866 1045 fuerit
897 997 956 1046 ab
982 1000 1255 1046 Innocentio
1273 1034 1286 1057 7
1318 1008 1400 1046 aut
1423 999 1629 1046 Concilio
1661 1000 1789 1046 occi-

103 1075 358 1123 dentalium
382 1075 601 1123 adversus
625 1074 873 1121 orientales
895 1074 981 1137 (3).
1007 1073 1098 1121 Sed
1123 1083 1228 1140 post
1258 1074 1575 1139 Chrysostomi
1609 1074 1788 1122 obitum

104 1150 399 1197 innocentius
422 1151 842 1198 excommunicavit
861 1151 1072 1198 homines
1090 1150 1193 1197 illos
1210 1186 1222 1210 7
1253 1151 1334 1215 qui
1353 1151 1562 1215 iniquam
1582 1150 1788 1198 tulerant

101 1226 318 1273 adversus
342 1226 562 1274 eumdem
599 1226 982 1290 Chrysostomum
1005 1226 1316 1285 sententiam,
1347 1235 1428 1273 aut
1458 1243 1534 1273 eos
1567 1227 1647 1291 qui
1677 1243 1784 1274 cum

99 1301 207 1365 ipsis
224 1303 665 1366 ⁴communicabant3
693 1319 779 1349 nec
797 1303 991 1348 omnino
1011 1301 1145 1349 aliter
1164 1301 1312 1349 voluit
1333 1302 1383 1348 in
1409 1303 1788 1349 communionem

97 1376 298 1440 recipere
312 1393 412 1424 reos
436 1379 699 1443 Episcopos7
723 1395 864 1442 quam
884 1379 1013 1442 prius
1033 1378 1171 1424 sacris
1189 1377 1383 1442 diptycis
1397 1395 1569 1425 nomen
1589 1380 1616 1425 J
1621 1380 1783 1425 oannis

97 1452 396 1499 restituerent
411 1490 422 1512 7
444 1454 570 1517 quod
594 1454 735 1518 paulo
759 1464 864 1518 post
890 1453 949 1500 ab
969 1453 1186 1500 omnibus
1210 1453 1385 1500 factum
1405 1463 1488 1501 est.
1515 1454 1635 1500 Hinc
1654 1453 1785 1500 nulla

97 1525 171 1573 hic
189 1526 387 1574 habetur
413 1528 619 1576 Ecclesiae
637 1529 801 1578 divisio
817 1565 829 1588 7
852 1529 933 1576 sed
964 1528 1204 1576 mulctatio
1225 1528 1412 1576 tantum
1436 1546 1616 1589 eorum7
1640 1529 1718 1595 qui
1739 1546 1787 1577 se

97 1601 364 1664 gravissimo
387 1604 579 1652 crimine
604 1605 1058 1654 commaculaverant
1081 1601 1317 1668 (4).1

97 1768 139 1792 ex
169 1753 295 1806 gallico
328 1754 506 1793 idiomate
548 1768 765 1793 conversum
812 1768 901 1793 cum
971 1752 1011 1792 S.
1049 1754 1174 1793 Leone
1202 1754 1374 1793 adversus
1397 1754 1440 1794 S.
1476 1756 1688 1807 Hilarium3
1724 1758 1787 1796 sed

94 1820 149 1857 tit.
179 1820 347 1857 Trattato
371 1818 466 1857 dello
485 1820 644 1865 scisma,
675 1818 792 1873 1718.

150 1883 203 1934 (l)
234 1883 362 1935 Quoad
385 1884 537 1923 Asianos
562 1884 632 1923 cfr.
652 1884 771 1923 Natal.
795 1884 898 1924 Alex.

96 1948 184 1987 diss.
201 1962 239 1996 v,
266 1951 306 1987 in
329 1963 401 1988 sec.
427 1963 479 1997 11,
503 1957 569 1988 art.
593 1947 643 1998 5,
670 1958 704 1988 et
720 1950 900 1989 Eusebius

94 2012 202 2052 Hist.
219 2014 309 2052 eccl.
344 2014 413 2054 lib.
440 2030 479 2062 v,
510 2028 592 2067 cap.
619 2013 695 2065 24,
718 2030 804 2055 cum
818 2024 898 2055 not.

93 2076 245 2117 Valesii.
279 2079 385 2131 Quod
410 2094 494 2118 vero
519 2088 657 2133 spectat
691 2082 738 2120 ad
763 2082 900 2120 factum

94 2141 135 2181 S.
164 2144 343 2196 Cypriani
367 2147 521 2197 ejusque
554 2146 776 2184 asseclarum
793 2176 804 2194 7
829 2146 901 2184 cfr.

94 2207 190 2247 idem
214 2208 298 2248 Nat.
326 2208 433 2250 Alex.
452 2211 542 2250 diss.
560 2225 637 2260 x11,
662 2213 703 2249 in
726 2225 800 2250 sec.
829 2213 871 2250 iu
890 2239 901 2259 7

95 2280 164 2310 art.
197 2285 210 2310 1
230 2301 241 2319 7
271 2288 376 2327 prop.
402 2289 438 2315 1.

159 2336 218 2385 (2)
245 2337 322 2378 Cfr.
357 2341 507 2379 eruditae
533 2341 802 2380 observationes
826 2343 902 2381 fra·

95 2408 192 2438 trum
218 2400 501 2444 Balleriniorum
521 2408 559 2444 in
575 2406 865 2445 dissertationem
879 2422 902 2445 v

95 2463 310 2517 Quesnessi,
336 2482 417 2520 quae
449 2471 653 2522 apologiam
685 2485 750 2523 pro
770 2471 808 2511 S.
832 2473 903 2511 Hi-

92 2531 184 2570 lario
223 2531 424 2572 Arelatensi
458 2543 493 2573 et
523 2549 589 2586 pro
624 2538 784 2589 antiquis
807 2536 902 2577 Are-

92 2596 241 2636 latensis
264 2597 436 2636 Ecclesiae
458 2600 603 2652 juribus
624 2602 766 2652 praefert
783 2632 794 2650 7
812 2616 899 2655 opp.

93 2660 134 2700 S.
166 2662 300 2701 Leonis
319 2691 330 2708 ,
357 2670 449 2702 tom.
476 2677 504 2701 11
521 2694 531 2712 7
556 2664 690 2704 Venet.
723 2665 825 2719 1756
844 2697 854 2716 7
883 2681 903 2705 a

39 2718 45 2734 ¹
96 2739 181 2778 pag.
201 2725 281 2781 899
307 2728 353 2767 ad
377 2742 460 2781 pag.
492 2727 607 2768 1068.
639 2730 715 2769 Ubi
736 2734 904 2783 quamvis

97 2794 342 2843 particulatim
363 2803 462 2846 gesta
478 2798 619 2843 omnia,
636 2810 718 2849 quae
739 2797 786 2835 ad
808 2798 903 2837 cele-

97 2857 203 2897 brem
219 2858 316 2898 hanc
334 2873 480 2899 causam
497 2869 681 2913 spectant,
694 2863 903 2914 expendan-

96 2930 184 2971 tur,
226 2937 294 2963 nee
317 2925 457 2977 syllaba
491 2940 561 2965 nec
591 2927 720 2966 vocula
748 2930 904 2968 occurrit

97 2987 143 3026 de
167 2992 555 3032 excommunicationis
586 2994 765 3033 sententia
791 2994 861 3034 lata
883 3009 903 3034 a

970 1818 1089 1858 solum
1112 1834 1156 1859 ex
1178 1822 1222 1858 iis
1240 1820 1428 1866 discimus,
1443 1820 1480 1858 S.
1504 1821 1691 1859 Hilarium
1714 1824 1791 1874 pri-

970 1892 1095 1923 vatum
1135 1885 1248 1924 fuisse
1284 1886 1433 1938 juribus
1478 1887 1788 1938 metropoliticis7
1850 1886 1853 1887 ⁷

968 1951 1029 1988 cui
1051 1952 1238 1988 sententiae
1261 1949 1302 1989 S.
1332 1951 1492 1990 Hilarius
1513 1952 1722 1991 humillime
1746 1967 1784 1991 se

969 2015 1139 2067 subjecit.
1233 2059 1238 2062 .

1023 2079 1075 2129 (3)
1106 2081 1182 2119 Cfr.
1205 2080 1373 2120 S.J0an.
1400 2080 1647 2134 Chrysostomi
1669 2085 1741 2122 vita
1759 2099 1780 2123 a

972 2144 1248 2185 Montfauconio
1263 2147 1440 2186 adornata
1452 2177 1462 2195 7
1476 2156 1568 2186 tom.
1582 2161 1649 2187 xm
1666 2177 1676 2199 7
1693 2149 1782 2187 edit.

971 2223 1057 2261 opp.
1085 2212 1248 2264 ejusdem
1284 2214 1424 2259 sancti,
1456 2226 1538 2264 pag.
1585 2212 1680 2261 1537
1720 2213 1785 2251 ubi

972 2280 1184 2316 auctoritate
1198 2277 1351 2315 Palladii
1365 2280 1529 2326 innixus,
1544 2279 1671 2317 scribit
1690 2276 1786 2317 :Se-

971 2342 1140 2381 cundum
1174 2343 1254 2380 haec
1283 2342 1541 2382 Innocentius
1557 2358 1666 2397 papa
1687 2347 1786 2383 utri·-

971 2420 1041 2459 que
1057 2409 1168 2460 parti
1190 2410 1340 2447 Ioanni
1370 2409 1489 2447 simul
1512 2417 1546 2448 et
1576 2410 1784 2463 Theophila

971 2471 1100 2512 literas
1113 2474 1240 2518 misit,
1264 2476 1465 2526 utriusque
1478 2478 1785 2515 communionem

973 2550 1011 2575 se
1032 2538 1229 2577 admittere
1252 2529 1411 2592 quidem
1437 2540 1570 2586 dicens
1593 2572 1603 2588 7
1624 2555 1674 2580 ne
1699 2541 1782 2579 Ec-

972 2601 1122 2643 alesiam
1149 2607 1339 2645 scinderet
1354 2636 1365 2654 7
1384 2607 1587 2660 judicium
1610 2615 1739 2647 tamen
1756 2622 1779 2646 a

980 2668 1189 2723 Theophila
1210 2671 1330 2711 latum
1358 2674 1602 2726 improbam,
1631 2680 1705 2713 etc.

1029 2735 1081 2785 (14)
1112 2736 1188 2776 Cfr.
1204 2737 1382 2776 Batonius
1399 2739 1446 2778 ad
1465 2752 1527 2778 an.
1551 2738 1628 2792 407
1645 2770 1655 2788 7
1672 2754 1712 2779 n.
1733 2753 1778 2778 21

975 2806 1012 2838 et
1034 2814 1135 2854 seqq.
1163 2811 1199 2841 et
1222 2803 1501 2852 Theodoretus7
1546 2804 1657 2843 Hist.
1694 2805 1782 2846 eccl.

974 2864 1044 2903 lib.
1089 2880 1110 2905 v
1134 2896 1145 2915 ,
1185 2881 1267 2921 cap.
1319 2866 1372 2918 34
1391 2896 1405 2916 ,
1446 2870 1533 2909 edit.
1569 2870 1780 2920 Cantabrig.

971 2944 1054 2982 pag.
1081 2929 1159 2982 234
1173 2961 1186 2981 ,
1209 2933 1273 2972 ubi
1291 2935 1386 2973 inter
1401 2942 1519 2974 cetera
1539 2936 1649 2974 refert
1673 2947 1685 2972 :
1705 2939 1777 2973 Τῶν

973 2991 1016 3034 δέ
1029 2993 1112 3048 erpo}
1122 2993 1216 3042 ἥλιον
1232 2995 1424 3048 ἀνίσχοντα
1435 3000 1567 3039 πόλεων
1579 2999 1783 3039 οἱπλεῖστοι
