2028 3354
373 217 504 247 um.
542 217 576 246 1.
619 194 742 246 secr,
781 216 834 244 ιι.
874 214 975 245 οΑΡ.
1014 214 1028 244 ι
1064 215 1118 244 nn
1154 214 1283 244 PETRI
1319 212 1538 243 PRmA'ru.

1709 194 1806 243 319

99 333 285 399 scripsit
306 349 317 378 ε
341 331 490 387 Ecce,
513 331 604 378 uhi
624 338 963 377 commemorat
998 329 1298 393 Cyprianus,
1321 329 1450 393 quod
1470 330 1614 375 etiam
1645 344 1730 376 nos
1751 332 1806 377 in

103 412 375 474 Scriptum's
411 409 591 455 sanctis
613 408 901 463 didicimus,
927 407 1205 469 Apostolum
1238 407 1442 452 Petrum
1461 439 1477 462 ,
1501 409 1556 452 in
1576 422 1667 469 quo
1691 407 1809 468 pri-

104 496 265 533 matus
292 485 628 548 Apostolorum
658 492 758 530 tam
784 484 1029 530 excellenti
1052 485 1217 546 qratia
1230 486 1515 545 praeeminet
1531 497 1603 536 ‚·...

1649 499 1679 528 a
1696 499 1810 545 pos-

103 568 272 610 teriore
291 563 446 610 Paulo
477 579 569 609 esse
591 570 855 609 correctum
882 560 952 624 (l)
982 595 995 620 ,
1027 559 1124 607 sive
1148 575 1257 604 eum
1283 558 1347 604 ait
1372 575 1382 604 :
1412 558 1562 620 ngy‘us
1584 559 1816 606 Ecclesiae·

101 641 278 687 Petrus
296 639 548 701 Apostolus
570 672 588 695 ,
625 646 823 701 propter
851 637 1141 699 apostolatus
1178 637 1261 680 sui
1277 636 1587 697 primatum,
1618 638 1817 698 gerebat

98 717 312 779 fiqurata
334 717 647 779 generalitate
663 729 922 778 personam
949 711 1018 774 (2)
1049 745 1062 768 ,
1097 718 1149 756 ut
1171 708 1259 756 alia
1284 708 1382 756 loca
1415 718 1690 774 praeteream
1719 711 1807 776 (3).

103 793 246 838 Porro
290 791 328 838 si
364 791 564 855 excipias
607 792 656 838 B.
696 789 1036 851 Hieronymum
1082 795 1128 833 et
1180 785 1526 833 Theodoretum
1556 823 1568 846 ,
1611 804 1812 852 quorum

105 867 355 933 expositio,
381 868 496 933 quin
529 866 801 914 adversetur
832 864 983 912 obviae
1011 880 1063 910 ac
1092 862 1315 919 litterali,
1347 879 1450 910 eam
1480 863 1633 928 potius
1651 874 1813 929 aperte

103 946 350 991 confirmat
375 944 446 1009 (4)
464 980 477 1002 ,
508 942 673 1009 reliqui
707 942 1019 1006 Augustinum
1054 941 1202 987 secuti
1221 948 1333 986 sunt
1356 939 1405 986 in
1428 939 1515 987 hac
1540 940 1813 989 secundaria

103 1021 397 1086 expositione
426 1019 513 1084 (5).

172 1098 285 1145 475.
318 1097 486 1157 UtJam
500 1094 559 1142 ad
573 1095 761 1143 tertiam
786 1094 1091 1142 deveniamus
1110 1093 1577 1158 interpretationem:
1602 1094 1815 1160 plerique

102 1189 188 1238 per
211 1181 404 1237 petram
427 1181 507 1218 aut
537 1172 682 1235 sidem
704 1172 843 1219 Petri
859 1180 940 1218 aut
958 1170 1066 1217 fidei
1086 1170 1426 1217 confessionem
1445 1170 1784 1218 intellexerunt
1800 1208 1813 1232 ,

106 1251 234 1297 Dist.
252 1251 306 1295 ln
318 1257 533 1296 concreto
548 1283 561 1306 ,
585 1265 758 1313 nempe
771 1249 963 1295 Petrum
983 1246 1277 1293 divinitatem
1292 1246 1465 1293 Christi
1483 1248 1787 1294 confitentem
1800 1283 1813 1306 ,

105 1341 258 1380 conc&
280 1326 331 1372 in
352 1326 619 1383 abstracto,
640 1325 715 1372 vel
736 1343 840 1387 neq.
862 1323 939 1371 vel
957 1324 1097 1371 sichel.
1132 1325 1419 1380 causaliter,
1438 1333 1491 1370 ut
1520 1340 1627 1370 cum
1645 1324 1816 1372 scholis

106 1401 384 1468 loquamur,
413 1419 566 1460 cona,
590 1403 892 1465 formaliter,
915 1418 1016 1464 neq.
1048 1401 1167 1447 Cum
1187 1402 1288 1449 haec
1308 1402 1463 1467 potior
1484 1401 1733 1449 difficultas
1757 1402 1817 1449 sit

108 1477 169 1526 ob
193 1478 402 1545 plurium
421 1481 658 1538 *Patrum,
681 1482 719 1526 V
755 1477 1049 1544 potissimum
1075 1487 1123 1525 et
1159 1479 1217 1523 VI
1239 1478 1412 1536 seculi,
1445 1479 1785 1544 expositionem
1801 1516 1817 1538 ,

168 1698 219 1750 (1)
251 1696 310 1737 De
333 1698 561 1751 Baptismo,
589 1698 655 1736 lib.
689 1709 742 1747 11,
762 1712 847 1750 cap.
882 1710 896 1735 1
918 1727 929 1745 ,

114 1778 220 1802 num.
246 1776 287 1804 2.

169 1830 219 1881 (2)
257 1830 391 1870 Tract.
423 1844 554 1880 cxxw,
590 1832 635 1869 in
665 1829 785 1870 Joan.
820 1845 861 1870 n.
891 1827 929 1870 5.

172 1895 222 1946 (3)
253 1895 334 1935 Alia
353 1895 422 1936 cfr.
449 1897 549 1949 apud
569 1895 610 1934 P·
639 1895 930 1947 Scheffmaeher,

116 1961 188 2000 loc.
211 1963 275 2000 cit.

174 2027 226 2078 (h)
256 2027 404 2067 Etenim
421 2027 461 2068 S.
477 2026 744 2082 Hieronymus,
763 2031 803 2066 in
816 2042 849 2067 c.
883 2041 896 2065 1
912 2041 925 2065 ι

120 2094 282 2143 epistol-‘e
307 2095 354 2132 ad
382 2093 507 2135 Galat.
533 2095 660 2133 scribit
686 2109 696 2133 ι
718 2094 811 2132 Non
833 2093 934 2146 quod

119 2156 231 2196 aliud
250 2161 443 2211 siqnificet
469 2157 608 2199 Petrus
622 2190 632 2209 ‚
651 2160 759 2199 aliud
778 2160 931 2212 cephas,

121 2224 187 2261 sed
221 2227 321 2276 quod
359 2240 476 2280 quam
513 2241 582 2266 nos
613 2227 730 2265 latine
758 2234 793 2266 et
815 2240 934 2278 9roece

121 2296 268 2341 petram
279 2305 474 2344 vocamus,
493 2293 653 2333 Hebroei
668 2301 703 2333 et
712 2294 807 2345 Syri
815 2306 934 2346 prop-

124 2361 180 2392 ter
206 2354 347 2407 linquas
374 2357 473 2397 inter
502 2373 540 2397 se
573 2361 761 2398 viciniam
788 2359 934 2412 cephan

127 2422 424 2472 nuncupem.1n
444 2424 510 2462 lib.
531 2433 656 2464 autem
669 2440 707 2464 111
726 2424 815 2463 Com
824 2439 875 2466 m.
890 2425 935 2462 in

125 2484 306 2525 Hierem.
326 2500 406 2538 cap.
439 2487 516 2528 16:
538 2488 629 2529 Non
654 2490 776 2528 solum
799 2492 901 2527 enim
923 2520 933 2537 ,

126 2552 265 2603 inquit,
283 2549 463 2591 Christus
476 2545 614 2604 Petra,
626 2556 692 2593 sed
706 2561 743 2593 et
755 2554 935 2608 Apostolo

125 2612 239 2654 Petro
265 2616 449 2666 donavit,
490 2625 534 2657 ut
568 2627 768 2658 vocaretur
799 2624 934 2659 Petra.

124 2681 279 2730 Tenus,
297 2685 364 2736 qui
378 2683 551 2737 objicitur
561 2698 603 2724 ex
619 2684 938 2741 Hieronymo,de-

127 2754 297 2802 sumptus
320 2758 373 2789 est
402 2765 444 2789 ex
484 2753 563 2804 ejus
580 2750 862 2791 Commentario
896 2753 937 2790 in

126 2828 207 2866 cap.
230 2828 281 2854 vu
296 2814 338 2855 S.
356 2815 490 2856 matth.
514 2831 549 2856 v.
574 2829 623 2871 27
645 2847 655 2863 ,
681 2814 732 2855 28
749 2847 760 2866 ,
775 2817 841 2857 ubi
873 2831 936 2856 ex-

125 2880 278 2932 planans
302 2881 344 2922 S.
371 2883 511 2923 Doctor
524 2883 660 2924 Christi
684 2884 794 2924 verba
817 2897 828 2925 ι
855 2883 941 2938 Qui

124 2946 329 2999 ‘edificavit
361 2950 515 2988 domum
554 2963 662 2988 suam
700 2964 816 3004 super
850 2964 938 2989 are-

118 3026 216 3051 nam
239 3044 249 3062 ‚
274 3022 343 3054 etc.
368 3018 516 3068 exponit
532 3018 685 3069 mystice
699 3016 743 3056 de
763 3016 907 3056 Christo
922 3046 936 3066 ‚

999 1699 1064 1750 qui
1090 1703 1143 1736 est
1159 1696 1446 1739 fundamentum
1468 1697 1672 1750 principale
1692 1703 1732 1738 et
1754 1701 1816 1738 in-

1002 1762 1145 1801 visibile
1179 1762 1382 1812 Ecclesiae3
1413 1776 1521 1814 porro
1550 1766 1589 1802 in
1611 1778 1679 1816 cap
1721 1779 1814 1816 xvr,

999 1843 1139 1869 nomen
1162 1830 1258 1869 Petri
1277 1829 1322 1867 de
1346 1842 1501 1881 persona
1518 1829 1614 1869 Petri
1635 1834 1818 1884 interpre-

999 1904 1116 1945 tatur,
1130 1896 1256 1935 dicens
1277 1907 1287 1934 ε
1311 1895 1376 1933 Ita
1396 1902 1431 1933 et
1442 1896 1598 1935 Simoni
1617 1925 1630 1945 ,
1655 1899 1726 1949 qui
1739 1912 1819 1937 cre-

999 1961 1109 2000 debat
1131 1962 1177 1999 in
1192 1968 1342 2014 petram
1362 1960 1561 2000 Christum
1579 1991 1590 2009 ,
1614 1962 1728 2001 Petri
1737 1963 1816 2002 lar-

998 2028 1101 2079 qitus
1126 2034 1181 2066 est
1201 2040 1353 2067 nomen.
1378 2025 1439 2066 Sic
1466 2030 1576 2067 etiam
1603 2026 1819 2069 Theodore-

1002 2102 1083 2142 tus,
1107 2096 1146 2132 in
1166 2107 1249 2144 cap.
1284 2106 1349 2142 ιιι,
1371 2096 1477 2145 epist.
1501 2109 1514 2133 1
1539 2094 1584 2132 ad
1604 2094 1690 2134 Cor.
1710 2096 1818 2147 Quod

1002 2160 1094 2198 dixit
1136 2159 1333 2211 Apostolus
1368 2173 1380 2197 ε
1411 2158 1530 2198 Nemo
1557 2166 1682 2212 potest
1709 2161 1820 2199 aliud

997 2225 1296 2277 fundamentum
1316 2238 1459 2278 ponere
1481 2256 1492 2275 ,
1531 2235 1603 2265 etc.
1632 2227 1814 2276 affirmat,

1002 2291 1190 2330 Christum
1205 2305 1281 2330 esse
1294 2292 1579 2329 fundamentum
1596 2293 1816 2344 principale,

1002 2371 1065 2396 seu
1104 2360 1224 2409 potius
1274 2357 1561 2396 fundamentum
1593 2358 1818 2411 objectivum

1004 2423 1090 2461 fidei
1104 2431 1237 2461 nostrae
1254 2452 1265 2471 ,
1286 2423 1384 2475 quod
1408 2423 1538 2461 Petrus
1555 2427 1677 2475 posuit
1692 2427 1731 2462 in
1750 2440 1817 2464 sua

1003 2490 1255 2539 confessione,
1276 2491 1316 2528 in
1331 2504 1405 2543 quo
1419 2490 1522 2529 nulla
1542 2500 1595 2529 est
1606 2491 1818 2533 difficultas.

1058 2553 1110 2607 (ὅ)
1139 2555 1218 2596 Cfr.
1254 2556 1389 2595 Franc.
1420 2556 1507 2594 Ant.
1548 2555 1603 2596 De
1634 2557 1820 2597 Simeoni-

1003 2621 1102 2670 bus,
1138 2622 1204 2662 De
1236 2636 1331 2661 rom.
1366 2618 1570 2674 Pontificis
1592 2624 1819 2676 judiciaria

998 2693 1180 2739 potestate
1194 2718 1204 2738 ,
1219 2688 1345 2727 Romae
1362 2701 1461 2742 1717
1481 2718 1492 2737 ,
1513 2694 1608 2730 tom.
1625 2703 1659 2741 1,
1675 2704 1757 2742 cap.
1780 2704 1793 2729 1
1805 2721 1816 2740 ‚

1004 2751 1027 2805 ἓ
1051 2750 1079 2790 6
1095 2783 1106 2801 ,
1139 2754 1204 2793 ubi
1239 2754 1414 2794 adversus
1436 2754 1648 2809 Launojum
1672 2763 1708 2794 et
1737 2756 1820 2795 Du-

1006 2820 1149 2871 pininm
1165 2820 1337 2869 ostendit,
1354 2821 1536 2874 ejusmodi
1550 2823 1818 2874 expositionem

1006 2886 1177 2936 apprime
1191 2885 1378 2926 conciliari
1391 2900 1479 2925 cum
1494 2886 1642 2926 litterali
1656 2889 1817 2939 propria,

1005 2951 1117 2989 etiam
1132 2951 1170 2989 in
1183 2966 1293 2992 sensu
1310 2966 1439 2992 eorum
1452 2951 1620 3001 patrum,
1635 2954 1700 3005 qui
1713 2952 1821 2992 nobis

1005 3009 1247 3068 objiciuntur.
