2028 3354
238 193 338 242 242

711 203 865 233 TRACT.
903 203 957 231 ΒΕ
992 202 1112 232 Locis
1146 197 1448 232 THEOLOGICIS·

305 322 416 370 365.
451 317 522 366 Ad
556 315 650 374 4¹¹¹,
686 314 808 378 Ney.
839 314 960 360 Nam
996 301 1276 378 principium
1309 308 1652 361 infallibilitatis
1679 323 1766 355 nec
1791 308 1924 355 fana-

240 401 432 448 tismum
470 393 631 449 fovet,
667 407 821 455 neque
862 387 1239 446 intolerantiam,
1272 396 1412 453 prout
1447 386 1522 433 hic
1555 384 1613 432 ab
1651 383 1923 432 adversariis

241 473 478 538 accipitur.
508 469 571 516 Ac
603 468 757 533 primo
780 482 879 512 non
907 464 1035 512 fovet
1066 462 1392 525 fanatismum3
1427 461 1632 526 alioquin
1661 459 1923 524 Scriptura,

239 565 342 615 quae
358 551 494 611 juxta
513 543 800 592 adversarios
824 543 949 606 ipsos
973 548 1045 588 est
1072 537 1327 585 infallibilis
1345 573 1359 597 7
1388 538 1566 587 foveret
1595 536 1926 591 fanatismnm3

238 626 465 675 fovissent
499 620 664 668 itidem
702 618 1003 666 fanatismum
1038 615 1252 662 Christus
1290 621 1338 660 et
1374 612 1609 678 Apostoli,
1650 619 1813 677 utpote
1850 611 1930 657 in·
1967 638 1969 640 -

241 700 520 750 fallibilitate
561 696 775 762 praediti,
832 694 880 740 in
916 691 1126 740 doctrina
1167 687 1430 753 evangelica
1473 687 1715 736 tradenda.
1771 690 1931 752 ltaque

242 887 382 927 cabitos
406 884 682 924 transactiones
704 879 934 918 dirimendis
953 907 963 928 ‚
993 878 1060 916 ad-

243 966 376 993 versus
414 950 671 988 Boehmerum
689 977 698 993 ‚
725 948 821 984 inter
863 943 1060 997 Opuscula

244 1018 297 1057 ad
313 1015 594 1057 hierarchicam
611 1012 651 1051 E
652 1011 797 1050 cclesioe
817 1011 1038 1049 constitutio
1049 1032 1058 1039 ·

245 1097 335 1123 ‘nem
369 1081 610 1136 spectantia,
641 1078 782 1116 Parmae
820 1073 922 1129 1789
942 1105 953 1123 ‚
986 1075 1059 1113 vol.

245 1151 351 1189 unic.
372 1150 413 1187 in
429 1145 469 1197 4.
497 1144 699 1184 Contendit
714 1144 814 1182 enim
833 1142 1058 1180 Boebmerus

245 1216 319 1254 loc.
336 1217 397 1253 cit.
413 1212 457 1250 F
454 1211 555 1249 idem
567 1239 577 1258 ‚
593 1218 633 1248 ut
648 1217 772 1255 vocat,
784 1205 1057 1259 form-ulariam

249 1294 370 1335 neque
392 1278 439 1318 ab
466 1276 647 1330 Apostolis
669 1275 842 1313 adscitam
867 1286 944 1311 esse
961 1300 970 1318 ‚
994 1284 1060 1309 ne-

248 1361 322 1400 que
349 1346 466 1385 tribus
502 1342 686 1395 prioribus
709 1340 879 1379 Ecclesiae
904 1337 1034 1377 seculis
1050 1366 1060 1383 ‚

250 1413 312 1451 sed
337 1413 500 1464 primum
529 1411 568 1446 in
589 1407 707 1445 Cone.
730 1405 894 1443 Nicaeno.
925 1403 1064 1442 Verum

249 1485 379 1529 praeter
407 1474 618 1527 symbolum
640 1471 880 1523 apostolicum
919 1481 1065 1506 nuncu-

250 1550 379 1594 patum
396 1568 408 1586 ‚
447 1538 549 1591 quod
587 1544 683 1576 certe
717 1535 777 1574 vel
804 1535 851 1573 ab
885 1533 1066 1585 Apostolis

253 1615 309 1646 est
333 1607 390 1646 vel
416 1605 463 1644 ab
485 1604 658 1643 Ecclesiis
684 1601 890 1654 apostolicis
905 1628 917 1648 ,
932 1602 972 1637 in
992 1612 1066 1652 quo

252 1675 341 1713 fidei
372 1672 531 1711 formula
557 1670 766 1708 continetur
787 1697 798 1715 ‚
835 1667 1066 1718 exploratum

255 1749 307 1780 est
326 1740 452 1793 plures
475 1738 563 1776 fidei
585 1736 825 1789 professiones
858 1734 965 1784 longe
983 1739 1069 1771 ante

256 1804 466 1845 Concilium
486 1802 678 1840 Nicaenum
704 1802 745 1838 in
773 1799 936 1838 Ecclesia
970 1797 1070 1835 obti-

257 1873 396 1910 nuisse.
425 1868 528 1907 Fidei
551 1865 750 1905 formulam
777 1863 951 1903 exhibent
971 1861 1070 1900 Con-

258 1937 462 1974 stitutiones
495 1932 603 1970 dictae
642 1928 891 1983 apostolicoe3
923 1927 1073 1967 exhibet

259 2000 299 2040 S.
320 1999 519 2050 Gregorius
546 1997 842 2048 Thaumaturgus
859 2025 869 2043 ‚
894 2002 935 2032 ut
952 1994 1073 2046 plures

261 2066 350 2106 alias
371 2067 570 2114 omittam;
596 2063 642 2101 de
667 2076 744 2115 quo
775 2067 991 2113 argumento
1003 2059 1073 2110 legi

262 2134 416 2171 omnino
442 2130 551 2168 debet
572 2129 681 2167 docta
695 2128 792 2166 Petri
814 2126 940 2165 Lazeri
960 2156 969 2173 ‚
987 2124 1072 2163 Soc.

262 2197 349 2237 Jesu
364 2227 375 2247 ‚
413 2195 476 2235 De
502 2194 673 2245 antiquis
692 2190 873 2243 formulis
890 2191 986 2242 fidei
1014 2203 1077 2228 ea-

266 2275 426 2314 rumque
440 2273 514 2298 usu
530 2259 763 2297 exercitatio.
777 2257 884 2296 Certe
909 2257 954 2294 ad
969 2269 1075 2309 sym-

263 2330 396 2369 bolum
417 2328 504 2366 fidei
527 2334 715 2378 receptum
745 2326 784 2362 in
820 2326 985 2362 universa
1008 2322 1077 2361 Ec-

268 2395 380 2433 clesia
391 2395 469 2446 jam
483 2390 703 2444 provocabat
712 2388 970 2435 Tertullianus,
984 2388 1077 2427 illud

266 2457 462 2510 Requlam
481 2456 668 2510 appellans
686 2485 697 2503 ,
713 2464 753 2493 ut
772 2468 838 2493 suo
858 2454 937 2492 loco
957 2462 1078 2493 osten-

267 2525 406 2564 dimus.
430 2523 568 2562 Verum
592 2521 692 2574 quod
710 2522 822 2572 magis
840 2521 1014 2571 interest,
1032 2520 1079 2558 il-

270 2590 336 2628 lud
357 2596 410 2628 est
428 2617 442 2638 ‚
457 2588 558 2641 quod
575 2587 815 2634 Boehmerus,
841 2586 932 2624 dum
953 2595 989 2626 et
1002 2589 1078 2639 ipse

270 2656 432 2703 fatetur,
459 2651 672 2692 amicabiles
705 2653 964 2691 transactiones
996 2653 1080 2692 nul-

270 2719 353 2759 lum
375 2732 545 2771 unquam
557 2717 703 2756 felicem
725 2718 868 2755 exitum
889 2716 1076 2765 babuisse,

275 2797 409 2837 easque
435 2791 476 2821 ut
514 2784 656 2834 ineptas
702 2795 850 2833 prorsus
884 2784 1042 2821 traducit
1068 2812 1079 2831 ,

272 2850 464 2890 transferat
488 2851 529 2887 in
560 2848 803 2900 Imperatores
825 2861 869 2887 ac
900 2851 1082 2901 principes

271 2919 331 2970 jus
341 2913 631 2968 approbationis
639 2912 823 2966 publium,
846 2927 928 2966 quae
945 2915 1010 2954 fiat
1021 2928 1084 2966 per

274 2981 524 3033 consessiones
539 2979 636 3030 fidei
652 2986 688 3017 et
706 2978 898 3030 symbola,
918 2982 983 3019 etsi
999 2993 1086 3018 con-

1127 878 1245 923 cedat,
1259 878 1470 927 contingere
1478 889 1597 927 posse,
1612 882 1653 912 ut
1666 875 1726 912 hae
1736 874 1831 924 fidei
1845 887 1935 911 cou-

1121 941 1306 993 fessiones
1319 947 1355 978 et
1374 939 1453 978 hoec
1477 938 1663 991 symbola,
1689 938 1737 977 ab
1760 936 1938 990 Impera—

1126 1006 1269 1044 toribus
1294 1005 1482 1058 probata,
1521 1020 1541 1042 a
1570 1018 1656 1043 vera
1677 1004 1751 1043 fide
1784 1011 1819 1042 et
1844 1011 1939 1042 recto

1126 1072 1321 1124 Scripturae
1334 1084 1443 1109 sacrae
1454 1073 1600 1109 tramite
1613 1072 1685 1109 sint
1708 1070 1843 1109 aliena.
1860 1070 1938 1108 Csr.

1128 1138 1202 1176 Tit.
1228 1140 1289 1176 cit.
1316 1135 1338 1189 §
1363 1138 1407 1176 31
1442 1145 1477 1175 et
1507 1150 1609 1188 seqq.
1640 1136 1696 1174 Ex
1732 1136 1789 1174 his
1815 1142 1940 1187 patet,

1126 1203 1240 1256 quod,
1254 1202 1394 1254 abjecto
1407 1200 1597 1240 infallibili
1619 1200 1792 1240 Ecclesiae
1809 1201 1942 1252 magis-

1127 1271 1216 1307 terio
1236 1298 1247 1317 ‚
1275 1270 1333 1307 via
1365 1268 1485 1306 omnis
1517 1266 1690 1318 adempta
1717 1267 1828 1304 fuerit
1853 1265 1942 1303 Pro-

1128 1334 1347 1373 testantibus
1369 1334 1632 1372 controversias
1657 1334 1754 1371 circa
1773 1332 1861 1370 fidei
1875 1332 1943 1369 do-

1130 1408 1254 1453 gmata
1287 1405 1431 1439 exortas
1457 1399 1669 1437 dirimendi.
1692 1396 1817 1449 Quum
1855 1410 1943 1434 vero

1133 1480 1233 1505 acres
1267 1465 1523 1516 diuturnaeque
1560 1464 1811 1501 contentiones
1848 1463 1945 1499 inter

1134 1531 1357 1584 pullulantes
1386 1529 1546 1568 diversas
1568 1536 1681 1567 sectas
1704 1527 1750 1565 dc
1771 1526 1859 1565 fidei
1882 1541 1941 1565 re-

1136 1597 1357 1650 ligionisque
1391 1594 1656 1634 constituendae
1686 1594 1827 1632 ratione
1859 1607 1947 1632 con-

1137 1666 1241 1704 tinuo
1259 1664 1483 1713 exarserint,
1508 1662 1695 1714 defatigati
1717 1660 1850 1699 frustra
1861 1668 1947 1699 sunt

1137 1745 1266 1771 eorum
1290 1731 1403 1769 duces
1429 1741 1473 1768 ac
1506 1728 1667 1780 magistri
1685 1755 1696 1775 ,
1716 1740 1760 1765 eo
1782 1726 1884 1779 quod
1906 1726 1946 1763 fi-

1137 1814 1226 1839 nem
1260 1798 1411 1838 nultum
1440 1796 1632 1836 habituras
1663 1809 1723 1835 eas
1753 1794 1945 1842 viderent,

1141 1865 1272 1913 donec,
1292 1865 1394 1902 omni
1407 1876 1469 1915 spe
1486 1864 1561 1902 veri
1571 1861 1787 1901 inveniendi
1799 1861 1946 1909 amissa,

1142 1932 1257 1969 coacti
1288 1930 1453 1980 primum
1487 1936 1573 1966 sunt
1594 1928 1639 1966 de
1666 1927 1836 1966 simulata
1856 1940 1949 1978 qua-

1143 1996 1230 2034 dam
1248 1994 1432 2045 religionis
1448 1993 1646 2032 concordia
1661 1993 1949 2031 transactionum

1144 2075 1213 2113 ope
1233 2059 1462 2099 concilianda
1479 2061 1635 2111 cogitare
1653 2072 1665 2108 3
1689 2059 1795 2111 quasi
1816 2069 1952 2108 nempe

1145 2126 1268 2165 divina
1288 2127 1418 2166 veritas
1437 2139 1457 2164 a
1475 2125 1619 2163 Christo
1630 2122 1802 2162 Ecclesiae
1820 2122 1952 2161 tradita

1146 2206 1201 2231 res
1220 2190 1402 2245 ejusmodi
1420 2192 1491 2239 sit,
1508 2202 1592 2242 quae
1613 2188 1728 2228 dividi
1745 2216 1757 2235 ‚
1783 2187 1950 2233 distrahi,

1146 2266 1209 2296 aut
1241 2259 1282 2295 in
1316 2269 1591 2308 quamcumque
1625 2254 1777 2292 libuerit
1812 2260 1952 2305 partem

1147 2323 1272 2372 flecti,
1306 2329 1369 2360 aut
1391 2321 1551 2374 torqueri
1576 2320 1703 2371 possit.
1740 2318 1837 2357 Cum
1867 2330 1952 2355 vcro

1147 2401 1273 2441 neque
1293 2385 1473 2440 ejusmodi
1489 2386 1681 2423 transactio
1695 2383 1790 2422 ullos
1813 2383 1952 2422 fructus

1147 2452 1364 2505 protulerit,
1387 2450 1538 2489 demum
1555 2458 1595 2488 ut
1616 2449 1699 2487 finis
1722 2448 1852 2501 aliquis
1865 2460 1953 2485 con-

1147 2520 1330 2557 troversiis
1345 2523 1547 2568 utcumque
1566 2517 1839 2567 imponeretur,
1862 2524 1952 2549 con-

1148 2583 1322 2637 fugerunt
1346 2583 1391 2622 ad
1413 2584 1633 2621 sententiam
1650 2578 1864 2634 judicialem
1879 2576 1952 2615 lm-

1148 2654 1354 2704 perantium
1375 2681 1385 2699 ,
1417 2658 1458 2689 ut
1490 2648 1589 2688 civili
1630 2647 1842 2686 auctoritate
1870 2644 1953 2683 lites

1149 2716 1274 2756 saltem
1298 2717 1504 2769 sopirentur
1518 2743 1531 2764 ,
1558 2726 1600 2752 ac
1622 2709 1865 2762 tranquillitas
1888 2724 1954 2761 pu-

1151 2782 1247 2822 blica
1277 2796 1355 2821 non
1383 2780 1591 2820 turbaretur
1613 2806 1625 2824 ‚
1655 2775 1777 2813 relicta
1806 2776 1959 2814 interim

1151 2850 1353 2901 unicuique
1366 2846 1411 2885 de
1427 2843 1577 2896 singulis
1589 2841 1752 2880 articulis
1773 2841 1953 2880 sentiendi

1152 2913 1335 2953 libertate.
1352 2910 1453 2949 Nihil
1464 2918 1587 2948 tamen
1598 2907 1685 2945 inde
1697 2907 1931 2959 profecerunt
1940 2933 1952 2954 ‚

1153 2981 1208 3016 uti
1221 2994 1265 3018 ex
1277 2976 1452 3017 hodierno
1463 2988 1649 3027 progressu
1662 2975 1810 3014 abunde
1822 2974 1955 3027 liquet.
