2028 3354
348 216 472 247 PART„
510 217 542 244 1.
581 215 703 246 SECT.
742 216 795 245 11.
835 213 934 245 CAP.
974 215 1006 244 1.
1043 215 1097 243 DE
1132 213 1259 243 PETRI
1293 210 1508 243 PRIMATU.

1693 194 1786 243 317

88 331 377 380 concinniter
393 368 406 391 a
427 331 572 377 immo
590 328 867 394 insipienter
882 346 980 377 esse
992 328 1203 377 locutum
1215 330 1237 375 ‘t'
1256 329 1418 394 Itaque
1435 345 1533 375 non
1543 326 1755 375 Christus
1771 364 1786 390 ‚

83 408 164 457 sed
195 409 356 455 Petrus
380 423 465 472 per
501 404 617 452 illud
634 415 788 469 petrae
830 404 1114 453 vocabulum
1149 404 1282 471 apud
1310 404 1587 453 Matthaeum
1609 405 1789 469 signifi-

84 494 214 531 catur
233 520 245 543 ‚
267 492 408 549 prout
432 482 585 549 reipsa
612 482 850 530 versiones
872 498 1035 529 omnes
1059 517 1072 540 ,
1096 481 1133 528 si
1165 480 1404 544 vulgatam
1436 480 1636 547 excipias
1652 516 1666 541 ,
1687 497 1789 546 quae

88 561 298 626 sequitur
316 567 500 607 textum
522 575 722 623 graecum
738 559 809 624 (l)
823 596 836 614 ,
855 557 1035 606 habent
1053 564 1325 604 constanter
1348 575 1358 603 :
1390 558 1459 603 Tu
1480 574 1528 604 es
1542 566 1682 620 petra-
1700 593 1717 615 ,
1742 565 1791 606 et

85 779 269 816 immerito
307 790 444 815 nomen
482 784 582 828 gerat
609 778 641 815 ei
672 775 899 827 impositum.

86 842 172 882 Haec
187 851 311 882 autem
324 843 501 881 correctio
518 841 656 893 duplici
673 841 813 878 ratione
830 839 872 876 fit
888 852 899 875 :

85 917 149 947 aut
168 909 305 947 scilicet
334 922 399 960 per
417 910 646 959 negationem
676 919 720 943 ac
745 918 809 956 per
834 917 903 942 an-

88 975 274 1021 tithesim,
311 975 365 1011 uti
392 986 477 1011 cum
510 970 646 1009 Noemi
684 971 777 1008 dixit
804 983 815 1007 :
844 968 903 1009 Ne

86 1040 224 1078 vocetis
244 1052 303 1076 me
325 1037 468 1077 Noemi
482 1066 492 1084 ‚
512 1037 551 1075 id
571 1044 650 1085 est,
668 1034 899 1088 pulchram,

90 1105 154 1144 sed
181 1112 306 1142 vocate
332 1117 391 1141 me
416 1103 555 1149 Mara,
571 1102 610 1140 id
624 1109 676 1140 est
692 1101 900 1151 Amaram3

88 1178 149 1209 aut
169 1184 232 1221 per
257 1169 535 1206 translationem
553 1198 562 1215 ‚
588 1176 769 1221 quatenus
791 1169 903 1219 signi-

88 1236 219 1274 fleatur
252 1235 354 1273 alteri
378 1236 499 1286 potius
533 1248 645 1285 quam
679 1233 735 1271 illi
765 1246 902 1271 nomen

89 1304 202 1353 aptari
220 1331 231 1348 ,
265 1302 324 1339 cui
345 1301 559 1352 impositum
586 1306 666 1350 est3
687 1299 801 1338 veluti
822 1313 908 1337 cum

91 1366 131 1406 S.
163 1366 390 1418 Augustinus
427 1366 583 1417 loquens
621 1366 666 1404 de
700 1363 908 1415 Absalom‚

92 1435 198 1486 cujus
222 1446 361 1471 nomen
401 1432 585 1483 significat
599 1437 752 1482 patrem
779 1432 908 1482 pacis,

94 1500 219 1537 asserit
273 1511 402 1536 verum
458 1495 633 1534 Absalom
679 1510 757 1534 esse
804 1495 912 1533 Chri·

93 1573 175 1603 tum
211 1564 355 1603 Jesum.
401 1562 515 1601 Porro
540 1564 571 1601 si
618 1575 704 1600 cum
747 1561 913 1600 Christus

95 1630 187 1667 dixit
210 1642 222 1666 :
252 1629 291 1667 T
290 1643 317 1666 u
346 1642 385 1666 es
411 1625 554 1666 Petrus
572 1659 582 1676 ‚
614 1634 649 1666 et
678 1641 793 1680 snper
814 1626 915 1665 hanc

88 1701 242 1746 petram
262 1694 462 1744 (edificabo
488 1693 668 1732 Ecesiam
684 1707 829 1740 meam,
847 1707 914 1745 pe-

96 1769 161 1799 trae
188 1774 277 1799 voce
309 1760 529 1811 significavit
566 1759 664 1797 Petri
691 1773 887 1810 personam
903 1788 914 1803 ,

96 1826 222 1864 facere
240 1824 360 1865 voluit
375 1825 594 1864 allusionem
609 1824 886 1877 approbationis
902 1838 914 1875 ;

97 1893 199 1944 quod
234 1894 264 1930 si
291 1892 528 1930 intellexisset
560 1892 721 1942 seipsum
737 1919 748 1937 ,
772 1891 916 1929 fecisset

99 1958 318 1998 allusionem
350 1957 607 1996 translationis
634 1986 644 2004 ‚
686 1970 729 1994 ac
762 1955 917 2007 proinde

102 2025 352 2063 correctionis.
393 2022 443 2061 At
478 2025 602 2061 omnia
633 2022 808 2074 adjuncta
839 2021 916 2060 cla-

102 2098 229 2137 mant,
247 2089 435 2128 Christum
450 2089 511 2127 hic
534 2088 639 2126 nullo
655 2087 766 2126 modo
794 2089 919 2126 inten-

102 2155 198 2194 disse
240 2155 424 2208 ejusmodi
461 2155 726 2193 correctionem
757 2161 821 2191 aut
854 2154 920 2191 im-

105 2220 358 2272 probationem
380 2221 491 2260 Petro
516 2221 635 2259 facere
656 2250 667 2267 ‚
696 2219 850 2271 perinde
879 2233 921 2257 ac

109 2289 138 2325 si
171 2286 367 2339 Apostolus
399 2288 551 2340 indigne
580 2287 678 2325 Petri
711 2300 776 2325 seu
807 2290 918 2337 petrae

111 2365 250 2390 nomen
283 2352 337 2391 illi
367 2355 583 2404 impositum
615 2353 809 2404 gessisset,
841 2360 921 2389 tum

110 2419 195 2470 quia
222 2418 376 2468 ipsemet
400 2417 566 2458 Christus
598 2418 651 2456 illi
678 2417 749 2456 hoc
786 2431 923 2456 nomen

110 2485 336 2534 imposuerat
357 2512 368 2530 ‚
391 2491 471 2522 tum
494 2486 582 2536 quia
612 2483 732 2522 voluit
756 2482 924 2522 Christus

111 2550 338 2588 remunerari
352 2547 433 2601 ejus
443 2549 529 2588 fidei
542 2550 808 2587 consessionem
823 2579 833 2596 ‚
845 2558 925 2588 tum

111 2615 271 2666 denique
293 2616 379 2667 quia
403 2614 506 2653 hune
530 2628 677 2653 sensum
701 2603 863 2653 excludit
878 2615 925 2652 il-

111 2681 178 2720 lud
191 2680 383 2721 exordium
402 2695 412 2720 ε
427 2682 573 2720 Beatus
587 2694 625 2719 es
637 2711 649 2726 ,
671 2679 808 2720 Simon
820 2682 925 2719 Bar-

111 2747 229 2787 Jona.
245 2748 370 2787 Restat
383 2750 510 2800 igitur,
527 2756 568 2786 ut
582 2747 753 2786 Christus
771 2748 929 2786 voluerit

109 2813 226 2852 facere
270 2814 490 2853 allusionem
541 2813 817 2865 approbationis
842 2842 852 2861 ‚
888 2826 930 2852 ae

115 2879 269 2930 proinde
280 2879 350 2919 hoc
368 2882 521 2918 nomine
546 2878 641 2918 Petri
653 2892 846 2931 personam
867 2878 930 2918 de-

114 2947 334 2996 signaverit,
371 2960 449 2985 non
476 2955 601 2986 autem
633 2947 809 2998 seipsum.
848 2944 927 2986 Cfr.

116 3024 178 3063 op.
201 3012 260 3049 cit.
286 3025 369 3064 pag.
392 3009 473 3062 465
497 3021 533 3051 et
558 3026 659 3065 seqq.

1033 772 1086 823 (l)
1117 771 1222 810 Ratio
1246 772 1361 826 hujus
1386 775 1600 812 mutationis
1615 802 1626 821 ‚
1641 775 1681 812 in
1692 783 1793 815 textu

971 850 1091 889 graeco
1112 868 1120 885 ,
1139 836 1257 876 Petri
1281 845 1317 876 et
1331 837 1463 876 Petroe
1482 869 1491 884 ,
1520 839 1728 878 desumitur
1749 855 1794 880 ex

970 904 1189 954 proprietate
1209 904 1346 954 linguae
1363 917 1485 956 graecae
1500 934 1510 952 ‚
1536 906 1577 942 in
1595 919 1669 957 qua
1685 919 1792 945 voces

971 966 1107 1021 Πέτρος
1129 976 1165 1006 et
1185 967 1303 1021 πέτρα
1328 971 1368 1007 in
1392 970 1598 1008 masculino
1620 984 1663 1009 ac
1684 971 1793 1010 femi-

970 1038 1063 1074 nino
1089 1050 1221 1087 genere
1246 1038 1453 1088 promiscue
1486 1045 1713 1089 usurpantur
1748 1037 1797 1077 ad

969 1101 1067 1141 idem
1085 1102 1389 1153 significandum.
1404 1102 1499 1141 Cum
1511 1105 1622 1154 igitur
1632 1103 1800 1144 Christus

969 1168 1105 1206 dixerit
1133 1170 1273 1220 syriace
1296 1182 1307 1206 :
1351 1168 1409 1206 Tu
1433 1183 1471 1207 es
1497 1170 1613 1221 cepha
1642 1171 1799 1221 (petra),

970 1242 1006 1273 et
1038 1249 1147 1286 super
1180 1235 1276 1273 hanc
1307 1235 1423 1287 cepha
1470 1235 1666 1287 (petram)
1709 1238 1800 1277 aedi-

975 1301 1093 1339 ficabo
1136 1300 1337 1339 Ecclesiam
1376 1315 1497 1340 meam
1512 1330 1522 1347 .,
1565 1316 1700 1354 graecus
1738 1305 1799 1343 in·

976 1374 1135 1418 terpres,
1183 1369 1360 1418 quoniam
1396 1368 1434 1405 id
1477 1368 1602 1419 lingua
1636 1369 1800 1418 ferebat,

977 1434 1227 1471 masculinum
1244 1447 1357 1485 genus
1373 1432 1472 1471 Petri
1488 1447 1652 1485 personae
1667 1464 1678 1483 ‚
1692 1436 1800 1474 femi-

978 1510 1093 1534 neum
1115 1498 1182 1544 rei,
1207 1509 1289 1548 quae
1311 1496 1589 1547 significabatur
1606 1527 1617 1545 ‚
1645 1512 1797 1537 accom-
1864 1532 1875 1539 .

979 1562 1159 1601 modavit.
1189 1561 1372 1613 Vulgatus
1397 1563 1531 1601 latinus
1552 1573 1731 1616 sequutus
1748 1573 1802 1605 est

978 1632 1217 1681 interpretem
1253 1642 1427 1680 graecum.
1458 1629 1606 1669 Grotius
1639 1634 1800 1683 penitio-

981 1708 1058 1733 rem
1081 1696 1265 1733 rationem
1288 1694 1472 1742 exhibet,
1497 1710 1611 1748 quare
1638 1696 1805 1740 Matthaei

979 1762 1160 1812 interpres
1188 1762 1385 1799 mutaverit
1405 1774 1519 1812 genus
1537 1791 1548 1809 ,
1576 1764 1662 1815 quia
1684 1765 1800 1803 nimi-

981 1841 1064 1865 rum
1079 1823 1205 1878 πέτρος
1217 1827 1357 1864 usitate
1382 1827 1421 1864 id
1441 1840 1520 1865 non
1546 1828 1777 1878 significabat
1791 1859 1802 1879 ‚

982 1893 1081 1944 quod
1103 1892 1272 1931 Christus
1291 1892 1499 1931 indicatum
1515 1894 1661 1932 volebat
1675 1925 1686 1943 ‚
1699 1895 1804 1935 vide·

982 1959 1068 1997 licet
1084 1970 1222 1995 saxum
1241 1958 1313 1996 tale
1329 1987 1340 2005 ‚
1356 1972 1465 2009 super
1476 1973 1550 2011 quo
1561 1959 1704 2013 aliquid
1719 1960 1806 1999 aedi-

983 2024 1086 2062 ficari
1114 2024 1228 2062 soleat
1247 2036 1258 2072 ς
1280 2023 1370 2061 hinc
1392 2025 1552 2075 positum
1576 2039 1651 2064 esse
1668 2024 1802 2079 πέτρα.

985 2088 1157 2129 Ceterum
1184 2103 1288 2127 nunc
1309 2091 1422 2128 etiam
1460 2093 1680 2130 recentiores
1714 2091 1804 2131 Pro-

988 2163 1157 2193 testantes
1189 2156 1525 2207 interpretationem
1572 2159 1728 2208 petitam
1759 2173 1805 2197 ex

987 2220 1140 2259 vocibus
1151 2219 1279 2274 πέτρος
1295 2229 1331 2259 et
1348 2220 1464 2274 πέτραι
1479 2222 1699 2273 explodunt.
1714 2221 1808 2262 Satis

987 2288 1034 2325 sit
1044 2287 1105 2325 hie
1116 2288 1323 2326 exscribere
1335 2287 1446 2325 verba
1458 2286 1644 2326 Kuinoe‘lii
1657 2290 1697 2326 in
1706 2289 1809 2328 hunc

988 2352 1062 2392 loc.
1075 2350 1197 2399 Male,
1216 2354 1354 2405 inquit,
1363 2353 1496 2404 plures
1510 2353 1810 2408 interprete-sper

989 2415 1117 2470 πέτραν
1143 2417 1414 2456 intellexerunt
1439 2417 1500 2456 vel
1520 2417 1716 2457 Christum
1747 2422 1809 2472 ip-

989 2497 1074 2521 sum
1089 2484 1152 2522 vel
1163 2483 1438 2537 professionem
1459 2484 1569 2522 Petri
1588 2492 1676 2523 ante
1694 2498 1732 2524 υ.
1760 2484 1810 2525 16

990 2549 1146 2590 editam.
1183 2549 1231 2588 V
1225 2550 1281 2589 id.
1313 2547 1472 2589 Suicera·
1483 2579 1494 2595 ‚
1530 2549 1650 2589 Thes.
1681 2551 1811 2591 eccles.

991 2614 1064 2652 hac
1086 2628 1166 2654 voe.
1184 2629 1200 2664 ‚·
1234 2613 1409 2665 Wolfius
1446 2615 1493 2652 in
1532 2614 1651 2653 Caris
1664 2632 1679 2662 ,-
1704 2615 1809 2655 Koe-

991 2679 1126 2719 cherus
1140 2710 1151 2729 ‚
1190 2680 1296 2723 anal,
1338 2680 1390 2718 ad
1425 2680 1528 2719 laune
1562 2681 1636 2721 loc.
1679 2681 1810 2733 Neque

994 2759 1079 2784 vero
1101 2746 1153 2785 ad
1171 2747 1243 2785 has
1270 2753 1460 2785 contortas
1479 2748 1811 2799 interpretationes

997 2811 1254 2865 eonfuqissent
1265 2814 1487 2865 interpretes
1499 2840 1512 2861 ‚
1531 2814 1569 2850 si
1585 2825 1663 2850 ‘non
1678 2814 1811 2865 ponti-

990 2878 1077 2929 ficii
1089 2892 1109 2916 e
1134 2878 1258 2917 verbiS
1270 2874 1332 2917 xxi
1349 2874 1408 2917 ἐπὶ
1427 2895 1539 2926 ταυτῃ
1559 2895 1601 2925 τῃ
1618 2875 1748 2929 πέτρᾳ,
1761 2877 1813 2915 ad

997 2943 1160 2982 Petrum
1176 2943 1322 2994 relatis,
1341 2942 1441 2981 male
1455 2956 1500 2981 ac
1508 2956 1709 2995 perperam
1725 2943 1812 2980 vin-

998 3009 1129 3049 dicare
1148 3009 1358 3060 voluissent
1374 3010 1489 3048 Petri
1508 3007 1785 3047 successoribus
1797 3035 1810 3055 ,
