2028 3354
1682 215 1779 264 289

401 241 533 271 PART.
572 240 608 268 1.
646 236 746 267 GAP.
786 236 849 267 lv.
889 237 944 265 DE
978 234 1198 266 ECCLESIAE
1232 234 1438 265 DOTIBUS·

77 361 173 409 vim
198 358 503 406 obtinuerunt
517 392 531 413 7
562 354 611 401 id
631 354 805 400 factum
824 360 894 399 est
910 388 922 410 7
944 360 1195 416 postquam
1223 349 1420 397 Ecclesia
1443 366 1518 397 eas
1538 348 1781 416 adoptavit

76 454 128 483 ac
156 453 261 483 suas
286 435 408 482 fecit.
442 431 577 492 Quod
614 447 725 478 vero
753 437 934 492 spectat
964 428 1025 474 ad
1056 426 1179 489 leges
1213 425 1564 485 ecclesiasticas,
1599 443 1703 490 quae
1733 426 1781 473 in

75 531 238 578 regum
260 514 543 559 Francorum,
568 505 900 573 capitularibus
922 512 1176 551 occurrunt
1193 539 1206 561 7
1240 512 1287 550 el:
1315 502 1402 549 sub
1431 503 1582 549 Caroli
1604 504 1667 550 M.
1694 521 1784 550 no—

74 592 202 637 mine
233 587 650 644 circumferuntur7
682 601 781 630 non
814 600 840 628 a
866 581 980 627 laica
997 616 1009 638 7
1044 579 1126 625 sed
1152 580 1215 624 ab
1237 581 1590 640 Episcoporzcm
1615 588 1785 627 aucto-

75 671 217 713 ritate
245 664 348 711 latae
372 663 591 721 fuerunt7
622 668 825 708 testante
855 656 1021 704 eodem
1048 653 1216 701 carolo
1248 655 1312 700 M.
1351 654 1429 700 ubi
1461 655 1526 700 ait
1559 673 1570 701 ε
1597 658 1785 720 Aliqua

74 744 321 807 capz'tula7
356 759 462 805 quoe
497 742 652 803 mayis
682 738 811 784 vohis
838 732 1134 798 (Episcopis)
1166 734 1437 778 necessaria
1467 734 1786 794 videbantur,

76 821 441 881 subyzenoeirnns.
469 818 681 880 Loquens
699 820 856 859 autem
887 809 945 856 de
975 807 1257 873 quibusdam
1286 807 1546 872 disciplinae
1569 808 1781 873 legibus,

75 896 172 944 haec
210 894 402 942 habet:
439 895 543 940 Ista
572 906 677 937 vero
707 890 898 942 omnia,
935 902 1044 949 quoe
1068 887 1193 931 vires
1218 893 1407 931 nostras
1436 886 1700 944 eoecedmzc,
1730 893 1788 934 in

60 974 261 1036 judicio
289 971 639 1034 Episcoporum
660 969 815 1028 jux-ta
852 964 1140 1010 canonicam
1177 965 1476 1009 sanctconem
1509 963 1787 1025 definienda

80 1050 383 1112 relzquz'mus.
426 1044 529 1093 Neo
568 1045 699 1090 enim
714 1076 730 1098 ,
774 1039 935 1086 subdit
969 1041 1076 1086 Nat.
1119 1038 1417 1098 Alexander
1453 1044 1789 1087 auctoritatem

78 1127 195 1189 loyes
229 1140 353 1169 mere
389 1122 726 1167 eccleszasticas
757 1118 955 1180 ferendi
981 1117 1080 1162 sihi
1106 1118 1357 1179 arroyavic
1386 1133 1474 1163 rex
1508 1133 1786 1175 mammas,

79 1203 161 1248 scd
176 1216 346 1246 aarum
371 1200 690 1245 executzoncm
723 1195 985 1257 imperavit
1012 1192 1104 1255 (1).

145 1275 257 1323 434.
298 1274 367 1321 Ad
396 1274 493 1331 4¹³7
527 1275 655 1320 Dz'sc.
687 1273 739 1317 In
766 1269 931 1317 ordine
963 1268 1024 1315 ad
1053 1268 1377 1316 defensionem
1419 1278 1664 1317 externam
1700 1272 1788 1320 Ec·-

79 1352 253 1412 clesiae7
272 1367 403 1398 conc.
421 1366 437 1404 ,·
457 1350 506 1396 in
530 1348 693 1396 ordine
710 1348 771 1394 ad
789 1355 1070 1411 potestatem
1093 1345 1143 1391 in
1165 1344 1415 1392 Ecclesiam
1442 1348 1753 1395 exercendam
1774 1386 1787 1408 7

81 1448 185 1494 neq.
212 1429 385 1477 Mirum
409 1435 479 1474 est
500 1463 511 1486 7
535 1442 679 1490 quam
702 1423 832 1470 abusi
853 1423 1028 1469 fuerint
1050 1420 1184 1468 aulici
1204 1422 1452 1487 scriptores
1482 1424 1648 1472 festivo
1666 1429 1792 1488 ejus—

79 1506 210 1553 modi
235 1504 359 1551 dicto
378 1540 390 1562 7
421 1501 548 1567 quod
576 1500 910 1547 Constantinus
932 1499 1056 1545 inter
1083 1497 1243 1561 epulas
1270 1515 1355 1563 per
1373 1503 1531 1561 jocum
1557 1502 1785 1566 protulit!

81 1583 186 1628 Non
213 1579 340 1626 aliud
360 1578 499 1625 effato
521 1577 600 1623 illo
622 1576 856 1641 piissimus
879 1577 1140 1639 Imperator
1159 1575 1416 1638 significare
1439 1575 1588 1624 voluit
1603 1614 1615 1637 7
1644 1595 1788 1643 quam

82 1657 209 1722 quod
241 1655 450 1720 Episcopi
480 1653 540 1700 ad
573 1654 751 1700 bonum
778 1652 988 1699 Ecclesiae
1014 1652 1361 1698 constituissent
1384 1688 1397 1712 7
1430 1653 1530 1718 ipse
1557 1654 1686 1704 velut
1712 1673 1790 1704 ec-

80 1732 229 1781 clesiae
258 1731 475 1780 defensor
505 1729 799 1778 adniteretur
826 1727 1089 1777 executioni
1116 1727 1343 1776 mandare
1367 1729 1439 1793 (2)
1461 1749 1474 1788 ς
1507 1740 1589 1777 aut
1613 1732 1755 1779 etiam
1773 1770 1786 1794 7

138 1931 191 1983 (1)
211 1930 321 1969 Hist.
335 1929 425 1970 eccl.
441 1944 511 1970 sec.
523 1931 606 1980 vui,
622 1943 704 1981 cap.
721 1943 760 1983 7,
780 1937 849 1968 art.
863 1927 902 1977 8,

86 1995 144 2037 De
165 1997 303 2037 Carolo
322 1997 387 2036 M.

140 2063 193 2114 (2)
228 2063 283 2100 En
299 2092 309 2109 7
323 2062 513 2115 quomodo
532 2077 611 2101 rem
632 2071 746 2101 totam
772 2062 907 2101 referat

85 2127 281 2175 Eusebius,
299 2129 367 2167 lib.
390 2143 442 2178 iv,
466 2131 528 2168 De
541 2131 623 2167 vita
636 2126 904 2167 Constantini.

87 2192 183 2231 Cum
203 2196 457 2244 praemisisset7
483 2208 565 2246 cap.
591 2194 641 2232 23
660 2223 670 2240 7
691 2194 807 2245 legem
819 2206 906 2231 eum

88 2257 231 2296 dedisse
253 2259 299 2297 ad
334 2261 505 2310 praesides
534 2261 836 2312 provinciarum,
866 2265 907 2297 ut

89 2325 191 2363 diem
212 2325 436 2364 dominicam
459 2329 569 2365 etiam
595 2328 665 2377 ipsi
693 2339 908 2364 veneraren-

94 2398 154 2429 tur
169 2420 181 2437 7
204 2398 238 2428 et
258 2391 336 2428 dies
358 2391 467 2430 festos
491 2392 700 2443 Martyrum
721 2405 808 2429 cum
824 2391 908 2429 reli-

96 2457 180 2508 quis
202 2456 519 2508 solemnitatibus,
544 2457 694 2505 subdit,
720 2471 803 2507 cap.
817 2456 870 2508 24
892 2467 904 2491 ³

103 2521 298 2573 Quocirca
321 2534 400 2558 non
424 2522 609 2570 absurde,
631 2536 721 2560 cum
746 2521 909 2574 Episco-

92 2600 163 2640 pos
192 2586 403 2638 aliquando
424 2590 597 2626 convivio
621 2590 810 2640 eoeciperet
827 2618 837 2637 ,
870 2602 910 2626 se

95 2666 242 2705 quoque
263 2652 505 2705 Episcopum
523 2666 601 2691 esse
619 2652 721 2691 discit
733 2684 744 2701 7
761 2653 911 2706 hissere

97 2719 225 2757 verbis
251 2732 346 2756 usus
372 2734 386 2757 :
412 2719 521 2756 nobis
537 2718 794 2771 praesentibus
811 2749 823 2770 7
848 2731 911 2757 vos

97 2783 271 2835 quidem,
288 2785 417 2836 inquit
432 2815 443 2832 7
460 2786 506 2823 in
525 2785 593 2833 iis,
612 2798 696 2836 quoe
712 2787 819 2823 intra
833 2784 912 2824 Ec-

97 2850 249 2889 clesiam
258 2858 363 2899 sunt,
377 2851 567 2904 Episcopi
575 2851 765 2902 estis.qu
775 2852 912 2891 veroin

97 2918 176 2964 iis,
201 2931 286 2969 quw
316 2925 422 2956 eoetra
454 2926 666 2969 sperantur,
693 2917 913 2971 Episcopus

97 2995 184 3021 sum
206 2994 231 3019 a
262 2980 338 3021 Deo
358 2985 600 3023 constitut—10⁸.
629 2984 769 3035 Itaque
782 3013 795 3034 ‚
822 2997 912 3035 con-

97 3046 188 3088 eilia
206 3046 362 3098 capiens
384 3047 500 3087 dictis
522 3050 775 3101 conyruentia
787 3077 801 3097 ‚
832 3062 912 3089 om-

229 3111 282 3159 T.
321 3110 441 3160 V11'1.

968 1941 1037 1966 nes
1067 1929 1232 1981 imperio
1258 1941 1326 1967 suo
1360 1929 1546 1982 subjectos
1578 1932 1790 1985 episcopali

967 1994 1227 2032 sollicitudine
1254 1995 1523 2045 9ubernabat;
1561 2005 1594 2034 ec
1629 1999 1787 2049 quibus-

967 2074 1127 2112 cumque
1156 2062 1279 2099 modis
1290 2068 1440 2113 poterat
1452 2092 1464 2111 7
1487 2070 1531 2100 nt
1555 2077 1688 2101 veram
1699 2066 1790 2116 pie-

968 2132 1083 2163 tate-m
1108 2133 1415 2164 consectarentur
1429 2157 1439 2174 7
1470 2129 1674 2168 incitabat.
1696 2130 1787 2182 Quis

968 2205 1077 2243 porro
1098 2195 1138 2229 in
1151 2192 1209 2230 his
1222 2206 1299 2230 non
1311 2193 1433 2231 videat
1452 2223 1462 2240 7
1485 2194 1694 2245 piissimum
1709 2196 1787 2234 Im-

968 2265 1172 2308 peratorem
1185 2259 1239 2295 nil
1261 2258 1363 2296 aliud
1386 2259 1555 2297 adductis
1577 2260 1699 2298 verbis
1711 2264 1785 2315 sig-

969 2324 1120 2362 nificare
1139 2324 1321 2370 voluisse,
1349 2338 1463 2375 quam
1485 2339 1523 2363 se
1546 2326 1783 2376 effecturum,

971 2397 1011 2427 ut
1026 2391 1138 2440 pietas
1163 2391 1324 2441 vigeret,
1346 2395 1383 2427 et
1407 2388 1580 2429 Ecclesiae
1605 2392 1699 2444 leges
1713 2408 1787 2433 ser-

970 2464 1142 2493 varentur
1154 2484 1168 2503 ,
1192 2468 1235 2494 ac
1254 2455 1391 2494 ethnici
1405 2457 1472 2507 ipsi
1486 2458 1531 2495 ad
1544 2459 1784 2499 christianam

971 2522 1185 2572 religionem
1230 2522 1526 2573 amplectendam
1555 2526 1785 2565 adduceren-

972 2587 1063 2625 tur?
1080 2586 1234 2640 Optime
1259 2589 1384 2627 Petrus
1416 2590 1464 2628 de
1494 2590 1643 2638 Mar-oa,
1682 2593 1785 2632 Con-

972 2653 1103 2692 cordia
1125 2654 1329 2693 sacerdotii
1361 2662 1396 2693 et
1426 2657 1607 2708 imperii,
1631 2659 1698 2697 lib.
1728 2671 1784 2707 η,

973 2731 1053 2770 cap.
1082 2731 1154 2764 ιο,
1178 2735 1219 2759 n.
1240 2734 1261 2773 7
1288 2733 1299 2758 ε
1324 2718 1428 2760 Solet
1444 2750 1456 2768 7
1480 2721 1635 2769 scribit,
1657 2724 1709 2761 ad
1722 2739 1787 2763 as-

955 2828 958 2830 ,
977 2783 1177 2825 serendam
1201 2786 1457 2839 Principibus
1475 2782 1626 2827 tuenda,-
1652 2788 1789 2830 Eccle-

978 2852 1048 2889 siae
1072 2853 1337 2891 auctoritatem
1355 2853 1527 2905 profhrri
1551 2855 1707 2894 celebris
1721 2856 1790 2895 illa

981 2916 1228 2958 Constantini
1256 2919 1309 2957 ad
1321 2918 1363 2957 E
1358 2920 1539 2971 piscopos
1551 2922 1674 2959 oratio
1685 2949 1698 2969 ‚
1712 2935 1790 2973 qua

978 2984 1063 3022 illos
1093 2986 1198 3024 incra
1222 2985 1463 3035 Ecclesiam,
1492 3000 1534 3025 ree
1566 2994 1693 3027 atatem
1722 3003 1802 3031 ew.

979 3057 1039 3091 tra
1057 3047 1274 3092 Ecclesiam
1294 3052 1541 3092 constitutum
1555 3046 1791 3108 Episcopum

1506 3117 1568 3163 19
