<?xml version="1.0" encoding="UTF-8"?>
<!DOCTYPE html PUBLIC "-//W3C//DTD XHTML 1.0 Transitional//EN"
    "http://www.w3.org/TR/xhtml1/DTD/xhtml1-transitional.dtd">
<html xmlns="http://www.w3.org/1999/xhtml" xml:lang="en" lang="en">
 <head>
  <title>
</title>
<meta http-equiv="Content-Type" content="text/html;charset=utf-8" />
  <meta name='ocr-system' content='tesseract 3.04.00' />
  <meta name='ocr-capabilities' content='ocr_page ocr_carea ocr_par ocr_line ocrx_word'/>
</head>
<body>
  <div class='ocr_page' id='page_1' title='image "./praelectionestheo08perruoft/praelectionestheo08perruoft_0026.png"; bbox 0 0 2028 3354; ppageno 0'>
   <div class='ocr_carea' id='block_1_1' title="bbox 209 204 269 251">
    <p class='ocr_par' dir='ltr' id='par_1_1' title="bbox 209 204 269 251">
     <span class='ocr_line' id='line_1_1' title="bbox 209 204 269 251; baseline -0.033 0"><span class='ocrx_word' id='word_1_1' title='bbox 209 204 269 251; x_wconf 79' lang='lat'>14</span> 
     </span>
    </p>
   </div>
   <div class='ocr_carea' id='block_1_2' title="bbox 678 221 1411 251">
    <p class='ocr_par' dir='ltr' id='par_1_2' title="bbox 678 221 1411 251">
     <span class='ocr_line' id='line_1_2' title="bbox 678 221 1411 251; baseline 0 0"><span class='ocrx_word' id='word_1_2' title='bbox 678 222 836 251; x_wconf 69' lang='lat' dir='ltr'>TRACT.</span> <span class='ocrx_word' id='word_1_3' title='bbox 877 221 929 248; x_wconf 81' lang='lat' dir='ltr'>DE</span> <span class='ocrx_word' id='word_1_4' title='bbox 968 221 1080 250; x_wconf 74' lang='lat' dir='ltr'>Locis</span> <span class='ocrx_word' id='word_1_5' title='bbox 1116 222 1411 251; x_wconf 79' lang='lat' dir='ltr'>THEOLOGICIS.</span> 
     </span>
    </p>
   </div>
   <div class='ocr_carea' id='block_1_3' title="bbox 198 330 1886 1386">
    <p class='ocr_par' dir='ltr' id='par_1_3' title="bbox 198 330 1886 1386">
     <span class='ocr_line' id='line_1_3' title="bbox 269 330 1881 398; baseline 0.002 -19"><span class='ocrx_word' id='word_1_6' title='bbox 269 334 349 380; x_wconf 77' lang='lat'>27.</span> <span class='ocrx_word' id='word_1_7' title='bbox 388 333 521 391; x_wconf 88' lang='lat' dir='ltr'>Quod</span> <span class='ocrx_word' id='word_1_8' title='bbox 548 332 788 393; x_wconf 86' lang='lat' dir='ltr'>subjicitur</span> <span class='ocrx_word' id='word_1_9' title='bbox 839 330 898 378; x_wconf 90' lang='lat' dir='ltr'>de</span> <span class='ocrx_word' id='word_1_10' title='bbox 938 334 1214 397; x_wconf 78' lang='lat' dir='ltr'>acri-pugna</span> <span class='ocrx_word' id='word_1_11' title='bbox 1250 351 1391 398; x_wconf 90' lang='lat' dir='ltr'>quam</span> <span class='ocrx_word' id='word_1_12' title='bbox 1417 335 1612 392; x_wconf 68' lang='lat' dir='ltr'>Paulus‚</span> <span class='ocrx_word' id='word_1_13' title='bbox 1636 339 1767 398; x_wconf 84' lang='lat' dir='ltr'>juxta</span> <span class='ocrx_word' id='word_1_14' title='bbox 1797 337 1881 384; x_wconf 88' lang='lat' dir='ltr'>ad—</span> 
     </span>
     <span class='ocr_line' id='line_1_4' title="bbox 204 405 1881 473; baseline 0.002 -16"><span class='ocrx_word' id='word_1_15' title='bbox 204 410 462 458; x_wconf 84' lang='lat' dir='ltr'>versarium</span> <span class='ocrx_word' id='word_1_16' title='bbox 498 408 724 455; x_wconf 88' lang='lat' dir='ltr'>sustinere</span> <span class='ocrx_word' id='word_1_17' title='bbox 757 405 919 453; x_wconf 85' lang='lat' dir='ltr'>debuit</span> <span class='ocrx_word' id='word_1_18' title='bbox 945 406 1164 455; x_wconf 89' lang='lat' dir='ltr'>adversus</span> <span class='ocrx_word' id='word_1_19' title='bbox 1182 409 1344 473; x_wconf 89' lang='lat' dir='ltr'>primae</span> <span class='ocrx_word' id='word_1_20' title='bbox 1374 410 1542 458; x_wconf 74' lang='lat' dir='ltr'>scholae</span> <span class='ocrx_word' id='word_1_21' title='bbox 1564 409 1811 460; x_wconf 74' lang='lat' dir='ltr'>sectatores</span> <span class='ocrx_word' id='word_1_22' title='bbox 1834 422 1881 460; x_wconf 89' lang='lat' dir='ltr'>et</span> 
     </span>
     <span class='ocr_line' id='line_1_5' title="bbox 203 484 1882 553; baseline 0.002 -20"><span class='ocrx_word' id='word_1_23' title='bbox 203 485 424 534; x_wconf 84' lang='lat' dir='ltr'>adversus</span> <span class='ocrx_word' id='word_1_24' title='bbox 453 484 641 530; x_wconf 88' lang='lat' dir='ltr'>Petrum</span> <span class='ocrx_word' id='word_1_25' title='bbox 662 484 814 548; x_wconf 86' lang='lat' dir='ltr'>ipsum</span> <span class='ocrx_word' id='word_1_26' title='bbox 832 519 843 541; x_wconf 78' lang='grc'>,</span> <span class='ocrx_word' id='word_1_27' title='bbox 875 491 1192 530; x_wconf 86' lang='lat' dir='ltr'>commentum</span> <span class='ocrx_word' id='word_1_28' title='bbox 1220 494 1290 531; x_wconf 87' lang='lat' dir='ltr'>est</span> <span class='ocrx_word' id='word_1_29' title='bbox 1317 486 1376 533; x_wconf 87' lang='lat' dir='ltr'>ab</span> <span class='ocrx_word' id='word_1_30' title='bbox 1403 487 1667 535; x_wconf 86' lang='lat' dir='ltr'>adversario</span> <span class='ocrx_word' id='word_1_31' title='bbox 1701 491 1882 553; x_wconf 83' lang='lat' dir='ltr'>excogi-</span> 
     </span>
     <span class='ocr_line' id='line_1_6' title="bbox 203 557 1882 627; baseline 0.002 -20"><span class='ocrx_word' id='word_1_32' title='bbox 203 570 368 607; x_wconf 85' lang='lat' dir='ltr'>tatum.</span> <span class='ocrx_word' id='word_1_33' title='bbox 399 560 546 606; x_wconf 87' lang='lat' dir='ltr'>Immo</span> <span class='ocrx_word' id='word_1_34' title='bbox 579 560 741 606; x_wconf 85' lang='lat' dir='ltr'>Petrus</span> <span class='ocrx_word' id='word_1_35' title='bbox 769 576 975 622; x_wconf 83' lang='lat' dir='ltr'>pugnare</span> <span class='ocrx_word' id='word_1_36' title='bbox 1005 557 1166 606; x_wconf 83' lang='lat' dir='ltr'>debuit</span> <span class='ocrx_word' id='word_1_37' title='bbox 1195 576 1301 606; x_wconf 91' lang='lat' dir='ltr'>cum</span> <span class='ocrx_word' id='word_1_38' title='bbox 1319 562 1659 623; x_wconf 79' lang='lat' dir='ltr'>judaizantibus</span> <span class='ocrx_word' id='word_1_39' title='bbox 1687 565 1787 627; x_wconf 73' lang='grc'>(1),</span> <span class='ocrx_word' id='word_1_40' title='bbox 1829 582 1882 612; x_wconf 90' lang='lat' dir='ltr'>eo</span> 
     </span>
     <span class='ocr_line' id='line_1_7' title="bbox 203 633 1883 701; baseline 0.003 -19"><span class='ocrx_word' id='word_1_41' title='bbox 203 635 327 701; x_wconf 90' lang='lat' dir='ltr'>quod</span> <span class='ocrx_word' id='word_1_42' title='bbox 361 634 618 683; x_wconf 80' lang='lat' dir='ltr'>admisisset</span> <span class='ocrx_word' id='word_1_43' title='bbox 651 634 700 681; x_wconf 89' lang='lat' dir='ltr'>in</span> <span class='ocrx_word' id='word_1_44' title='bbox 729 634 976 681; x_wconf 79' lang='lat' dir='ltr'>Ecclesiam</span> <span class='ocrx_word' id='word_1_45' title='bbox 1012 633 1206 697; x_wconf 79' lang='lat' dir='ltr'>gentiles</span> <span class='ocrx_word' id='word_1_46' title='bbox 1244 634 1419 700; x_wconf 79' lang='lat' dir='ltr'>absque</span> <span class='ocrx_word' id='word_1_47' title='bbox 1447 642 1647 686; x_wconf 87' lang='lat' dir='ltr'>mosaico</span> <span class='ocrx_word' id='word_1_48' title='bbox 1686 640 1793 687; x_wconf 81' lang='lat' dir='ltr'>ritu,</span> <span class='ocrx_word' id='word_1_49' title='bbox 1830 642 1883 687; x_wconf 88' lang='lat' dir='ltr'>ln</span> 
     </span>
     <span class='ocr_line' id='line_1_8' title="bbox 203 710 1883 775; baseline 0.003 -17"><span class='ocrx_word' id='word_1_50' title='bbox 203 711 405 758; x_wconf 82' lang='lat' dir='ltr'>Concilio</span> <span class='ocrx_word' id='word_1_51' title='bbox 449 710 867 774; x_wconf 76' lang='lat' dir='ltr'>Hierosolymitano</span> <span class='ocrx_word' id='word_1_52' title='bbox 904 710 1003 775; x_wconf 85' lang='lat' dir='ltr'>pari</span> <span class='ocrx_word' id='word_1_53' title='bbox 1040 727 1265 757; x_wconf 87' lang='lat' dir='ltr'>consensu</span> <span class='ocrx_word' id='word_1_54' title='bbox 1305 713 1608 760; x_wconf 85' lang='lat' dir='ltr'>constitutum</span> <span class='ocrx_word' id='word_1_55' title='bbox 1647 725 1742 775; x_wconf 72' lang='lat' dir='ltr'>est7</span> <span class='ocrx_word' id='word_1_56' title='bbox 1788 734 1883 763; x_wconf 91' lang='lat' dir='ltr'>non</span> 
     </span>
     <span class='ocr_line' id='line_1_9' title="bbox 202 784 1884 852; baseline 0.002 -17"><span class='ocrx_word' id='word_1_57' title='bbox 202 804 300 835; x_wconf 90' lang='lat' dir='ltr'>esse</span> <span class='ocrx_word' id='word_1_58' title='bbox 329 787 554 850; x_wconf 80' lang='lat' dir='ltr'>cogendas</span> <span class='ocrx_word' id='word_1_59' title='bbox 580 795 741 851; x_wconf 81' lang='lat' dir='ltr'>gentes</span> <span class='ocrx_word' id='word_1_60' title='bbox 775 784 834 832; x_wconf 89' lang='lat' dir='ltr'>ad</span> <span class='ocrx_word' id='word_1_61' title='bbox 860 785 975 832; x_wconf 84' lang='lat' dir='ltr'>ritus</span> <span class='ocrx_word' id='word_1_62' title='bbox 1004 785 1224 832; x_wconf 86' lang='lat' dir='ltr'>mosaicos</span> <span class='ocrx_word' id='word_1_63' title='bbox 1262 787 1517 835; x_wconf 84' lang='lat' dir='ltr'>servandos</span> <span class='ocrx_word' id='word_1_64' title='bbox 1556 790 1642 852; x_wconf 76' lang='lat'>(2).</span> <span class='ocrx_word' id='word_1_65' title='bbox 1679 791 1815 848; x_wconf 83' lang='lat' dir='ltr'>Quod</span> <span class='ocrx_word' id='word_1_66' title='bbox 1846 792 1884 837; x_wconf 90' lang='lat' dir='ltr'>si</span> 
     </span>
     <span class='ocr_line' id='line_1_10' title="bbox 202 860 1880 928; baseline 0.001 -17"><span class='ocrx_word' id='word_1_67' title='bbox 202 863 410 912; x_wconf 88' lang='lat' dir='ltr'>Christus</span> <span class='ocrx_word' id='word_1_68' title='bbox 438 872 484 910; x_wconf 87' lang='lat' dir='ltr'>et</span> <span class='ocrx_word' id='word_1_69' title='bbox 499 862 701 928; x_wconf 81' lang='lat' dir='ltr'>Apostoli</span> <span class='ocrx_word' id='word_1_70' title='bbox 737 879 916 909; x_wconf 87' lang='lat' dir='ltr'>morem</span> <span class='ocrx_word' id='word_1_71' title='bbox 958 860 1016 908; x_wconf 83' lang='lat' dir='ltr'>ab</span> <span class='ocrx_word' id='word_1_72' title='bbox 1046 862 1180 908; x_wconf 87' lang='lat' dir='ltr'>initio</span> <span class='ocrx_word' id='word_1_73' title='bbox 1216 873 1458 924; x_wconf 73' lang='lat' dir='ltr'>gesserunt</span> <span class='ocrx_word' id='word_1_74' title='bbox 1482 866 1880 913; x_wconf 75' lang='lat' dir='ltr'>caeremonialibus</span> 
     </span>
     <span class='ocr_line' id='line_1_11' title="bbox 200 937 1886 1004; baseline 0.001 -18"><span class='ocrx_word' id='word_1_75' title='bbox 200 940 423 986; x_wconf 88' lang='lat' dir='ltr'>institutis</span> <span class='ocrx_word' id='word_1_76' title='bbox 446 975 458 999; x_wconf 75' lang='grc'><em>,</em></span> <span class='ocrx_word' id='word_1_77' title='bbox 491 938 713 1004; x_wconf 81' lang='lat' dir='ltr'>prudenti</span> <span class='ocrx_word' id='word_1_78' title='bbox 740 937 943 1002; x_wconf 88' lang='lat' dir='ltr'>quadam</span> <span class='ocrx_word' id='word_1_79' title='bbox 969 938 1224 985; x_wconf 82' lang='lat' dir='ltr'>oeconomia</span> <span class='ocrx_word' id='word_1_80' title='bbox 1255 939 1327 984; x_wconf 89' lang='lat' dir='ltr'>usi</span> <span class='ocrx_word' id='word_1_81' title='bbox 1358 949 1467 986; x_wconf 89' lang='lat' dir='ltr'>sunt</span> <span class='ocrx_word' id='word_1_82' title='bbox 1486 976 1498 997; x_wconf 64' lang='lat' dir='ltr'>a</span> <span class='ocrx_word' id='word_1_83' title='bbox 1524 949 1577 987; x_wconf 92' lang='lat' dir='ltr'>ut</span> <span class='ocrx_word' id='word_1_84' title='bbox 1607 941 1781 988; x_wconf 86' lang='lat' dir='ltr'>facilius</span> <span class='ocrx_word' id='word_1_85' title='bbox 1805 944 1831 988; x_wconf 88' lang='lat' dir='ltr'><strong>J</strong></span> <span class='ocrx_word' id='word_1_86' title='bbox 1838 960 1886 988; x_wconf 85' lang='lat' dir='ltr'>u-</span> 
     </span>
     <span class='ocr_line' id='line_1_12' title="bbox 199 1013 1885 1082; baseline -0.001 -18"><span class='ocrx_word' id='word_1_87' title='bbox 199 1015 320 1064; x_wconf 89' lang='lat' dir='ltr'>daeos</span> <span class='ocrx_word' id='word_1_88' title='bbox 347 1016 406 1063; x_wconf 84' lang='lat' dir='ltr'>ad</span> <span class='ocrx_word' id='word_1_89' title='bbox 436 1015 736 1063; x_wconf 82' lang='lat' dir='ltr'>christianam</span> <span class='ocrx_word' id='word_1_90' title='bbox 760 1013 1030 1078; x_wconf 84' lang='lat' dir='ltr'>religionem</span> <span class='ocrx_word' id='word_1_91' title='bbox 1055 1013 1429 1078; x_wconf 81' lang='lat' dir='ltr'>amplectendam</span> <span class='ocrx_word' id='word_1_92' title='bbox 1454 1014 1765 1075; x_wconf 75' lang='lat' dir='ltr'>adducerentt,</span> <span class='ocrx_word' id='word_1_93' title='bbox 1794 1034 1885 1082; x_wconf 89' lang='lat' dir='ltr'>qua</span> 
     </span>
     <span class='ocr_line' id='line_1_13' title="bbox 198 1089 1886 1155; baseline -0.001 -16"><span class='ocrx_word' id='word_1_94' title='bbox 198 1102 427 1153; x_wconf 82' lang='lat' dir='ltr'>cessante,</span> <span class='ocrx_word' id='word_1_95' title='bbox 463 1101 587 1138; x_wconf 87' lang='lat' dir='ltr'>totus</span> <span class='ocrx_word' id='word_1_96' title='bbox 620 1091 699 1139; x_wconf 91' lang='lat' dir='ltr'>ille</span> <span class='ocrx_word' id='word_1_97' title='bbox 717 1089 895 1137; x_wconf 87' lang='lat' dir='ltr'>ritualis</span> <span class='ocrx_word' id='word_1_98' title='bbox 912 1098 1161 1154; x_wconf 85' lang='lat' dir='ltr'>apparatus</span> <span class='ocrx_word' id='word_1_99' title='bbox 1188 1099 1352 1155; x_wconf 85' lang='lat' dir='ltr'>utpote</span> <span class='ocrx_word' id='word_1_100' title='bbox 1381 1107 1750 1155; x_wconf 79' lang='lat' dir='ltr'>supervacaneus</span> <span class='ocrx_word' id='word_1_101' title='bbox 1772 1092 1886 1139; x_wconf 86' lang='lat' dir='ltr'>sub-</span> 
     </span>
     <span class='ocr_line' id='line_1_14' title="bbox 200 1166 1883 1232; baseline -0.001 -16"><span class='ocrx_word' id='word_1_102' title='bbox 200 1168 320 1215; x_wconf 87' lang='lat' dir='ltr'>latus</span> <span class='ocrx_word' id='word_1_103' title='bbox 351 1176 420 1216; x_wconf 88' lang='lat' dir='ltr'>est</span> <span class='ocrx_word' id='word_1_104' title='bbox 444 1167 529 1231; x_wconf 79' lang='lat'><strong>(3).</strong></span> <span class='ocrx_word' id='word_1_105' title='bbox 552 1166 820 1230; x_wconf 81' lang='lat' dir='ltr'>Objurgatio</span> <span class='ocrx_word' id='word_1_106' title='bbox 856 1175 1010 1213; x_wconf 89' lang='lat' dir='ltr'>autem</span> <span class='ocrx_word' id='word_1_107' title='bbox 1028 1201 1040 1224; x_wconf 66' lang='lat' dir='ltr'>a</span> <span class='ocrx_word' id='word_1_108' title='bbox 1078 1183 1182 1230; x_wconf 80' lang='lat' dir='ltr'>quae</span> <span class='ocrx_word' id='word_1_109' title='bbox 1214 1183 1239 1212; x_wconf 88' lang='lat' dir='ltr'>a</span> <span class='ocrx_word' id='word_1_110' title='bbox 1267 1167 1408 1213; x_wconf 86' lang='lat' dir='ltr'>Paulo</span> <span class='ocrx_word' id='word_1_111' title='bbox 1438 1169 1557 1214; x_wconf 74' lang='lat' dir='ltr'>facta</span> <span class='ocrx_word' id='word_1_112' title='bbox 1584 1177 1653 1214; x_wconf 88' lang='lat' dir='ltr'>est</span> <span class='ocrx_word' id='word_1_113' title='bbox 1687 1168 1883 1232; x_wconf 82' lang='lat' dir='ltr'>Cepbae,</span> 
     </span>
     <span class='ocr_line' id='line_1_15' title="bbox 200 1241 1876 1309; baseline -0.001 -18"><span class='ocrx_word' id='word_1_114' title='bbox 200 1262 251 1291; x_wconf 88' lang='lat' dir='ltr'>ac</span> <span class='ocrx_word' id='word_1_115' title='bbox 274 1246 312 1291; x_wconf 88' lang='lat' dir='ltr'>si</span> <span class='ocrx_word' id='word_1_116' title='bbox 333 1243 597 1293; x_wconf 86' lang='lat' dir='ltr'>adversario</span> <span class='ocrx_word' id='word_1_117' title='bbox 615 1243 759 1306; x_wconf 83' lang='lat' dir='ltr'>magis</span> <span class='ocrx_word' id='word_1_118' title='bbox 779 1241 976 1300; x_wconf 73' lang='lat' dir='ltr'>arridet,</span> <span class='ocrx_word' id='word_1_119' title='bbox 1009 1243 1145 1289; x_wconf 88' lang='lat' dir='ltr'>Petro</span> <span class='ocrx_word' id='word_1_120' title='bbox 1167 1241 1266 1305; x_wconf 75' lang='grc'>(4),</span> <span class='ocrx_word' id='word_1_121' title='bbox 1290 1242 1350 1289; x_wconf 85' lang='lat' dir='ltr'>ad</span> <span class='ocrx_word' id='word_1_122' title='bbox 1382 1260 1522 1307; x_wconf 87' lang='lat' dir='ltr'>quam</span> <span class='ocrx_word' id='word_1_123' title='bbox 1550 1244 1648 1309; x_wconf 88' lang='lat' dir='ltr'>ipse</span> <span class='ocrx_word' id='word_1_124' title='bbox 1678 1243 1844 1290; x_wconf 81' lang='lat' dir='ltr'>alludit</span> <span class='ocrx_word' id='word_1_125' title='bbox 1864 1279 1876 1302; x_wconf 80' lang='lat'>,</span> 
     </span>
     <span class='ocr_line' id='line_1_16' title="bbox 200 1318 1884 1386; baseline -0.002 -19"><span class='ocrx_word' id='word_1_126' title='bbox 200 1337 285 1386; x_wconf 89' lang='lat' dir='ltr'>pro</span> <span class='ocrx_word' id='word_1_127' title='bbox 322 1320 500 1383; x_wconf 79' lang='lat' dir='ltr'>obJ‘ecto</span> <span class='ocrx_word' id='word_1_128' title='bbox 538 1318 703 1367; x_wconf 89' lang='lat' dir='ltr'>habuit</span> <span class='ocrx_word' id='word_1_129' title='bbox 750 1318 1166 1365; x_wconf 79' lang='lat' dir='ltr'>dissimulationem</span> <span class='ocrx_word' id='word_1_130' title='bbox 1206 1318 1485 1383; x_wconf 68' lang='lat' dir='ltr'>practicam,</span> <span class='ocrx_word' id='word_1_131' title='bbox 1533 1336 1636 1383; x_wconf 86' lang='lat' dir='ltr'>quae</span> <span class='ocrx_word' id='word_1_132' title='bbox 1676 1319 1884 1366; x_wconf 88' lang='lat' dir='ltr'>ethnicos</span> 
     </span>
    </p>
   </div>
   <div class='ocr_carea' id='block_1_4' title="bbox 199 1393 1360 1459">
    <p class='ocr_par' dir='ltr' id='par_1_4' title="bbox 199 1393 1360 1459">
     <span class='ocr_line' id='line_1_17' title="bbox 199 1393 1360 1459; baseline -0.003 -14"><span class='ocrx_word' id='word_1_133' title='bbox 199 1413 444 1447; x_wconf 82' lang='lat' dir='ltr'>conversos</span> <span class='ocrx_word' id='word_1_134' title='bbox 467 1395 686 1445; x_wconf 88' lang='lat' dir='ltr'>inducere</span> <span class='ocrx_word' id='word_1_135' title='bbox 707 1393 841 1442; x_wconf 87' lang='lat' dir='ltr'>facile</span> <span class='ocrx_word' id='word_1_136' title='bbox 866 1402 1050 1459; x_wconf 88' lang='lat' dir='ltr'>poterat</span> <span class='ocrx_word' id='word_1_137' title='bbox 1073 1394 1122 1439; x_wconf 92' lang='lat' dir='ltr'>in</span> <span class='ocrx_word' id='word_1_138' title='bbox 1140 1411 1360 1441; x_wconf 81' lang='lat' dir='ltr'>errorem.</span> 
     </span>
    </p>
   </div>
   <div class='ocr_carea' id='block_1_5' title="bbox 196 1568 1016 3069">
    <p class='ocr_par' dir='ltr' id='par_1_5' title="bbox 196 1568 1014 2478">
     <span class='ocr_line' id='line_1_18' title="bbox 200 1568 1014 1624; baseline -0.015 -5"><span class='ocrx_word' id='word_1_139' title='bbox 200 1581 324 1619; x_wconf 70' lang='lat' dir='ltr'>suivis</span> <span class='ocrx_word' id='word_1_140' title='bbox 356 1584 391 1616; x_wconf 80' lang='lat' dir='ltr'>et</span> <span class='ocrx_word' id='word_1_141' title='bbox 421 1574 714 1615; x_wconf 51' lang='lat' dir='ltr'>anathematis&amp;</span> <span class='ocrx_word' id='word_1_142' title='bbox 746 1584 825 1624; x_wconf 79' lang='lat' dir='ltr'>par</span> <span class='ocrx_word' id='word_1_143' title='bbox 862 1570 895 1608; x_wconf 86' lang='lat' dir='ltr'>le</span> <span class='ocrx_word' id='word_1_144' title='bbox 919 1568 1014 1622; x_wconf 72' lang='lat' dir='ltr'>plue</span> 
     </span>
     <span class='ocr_line' id='line_1_19' title="bbox 196 1636 1013 1700; baseline -0.018 -14"><span class='ocrx_word' id='word_1_145' title='bbox 196 1647 378 1700; x_wconf 76' lang='lat' dir='ltr'>puissam</span> <span class='ocrx_word' id='word_1_146' title='bbox 398 1649 432 1681; x_wconf 79' lang='lat' dir='ltr'>et</span> <span class='ocrx_word' id='word_1_147' title='bbox 455 1643 573 1680; x_wconf 69' lang='lat' dir='ltr'>meme</span> <span class='ocrx_word' id='word_1_148' title='bbox 580 1652 659 1693; x_wconf 81' lang='lat' dir='ltr'>par</span> <span class='ocrx_word' id='word_1_149' title='bbox 681 1638 713 1676; x_wconf 83' lang='lat' dir='ltr'>le</span> <span class='ocrx_word' id='word_1_150' title='bbox 728 1636 818 1690; x_wconf 81' lang='lat' dir='ltr'>plus</span> <span class='ocrx_word' id='word_1_151' title='bbox 831 1637 1013 1688; x_wconf 73' lang='lat' dir='ltr'>pratique</span> 
     </span>
     <span class='ocr_line' id='line_1_20' title="bbox 200 1703 1011 1761; baseline -0.017 -10"><span class='ocrx_word' id='word_1_152' title='bbox 200 1713 247 1750; x_wconf 81' lang='lat' dir='ltr'>de</span> <span class='ocrx_word' id='word_1_153' title='bbox 269 1714 352 1750; x_wconf 74' lang='lat' dir='ltr'>tou’e</span> <span class='ocrx_word' id='word_1_154' title='bbox 374 1710 426 1749; x_wconf 76' lang='lat' dir='ltr'>les</span> <span class='ocrx_word' id='word_1_155' title='bbox 445 1705 613 1761; x_wconf 73' lang='lat' dir='ltr'>apo&#39;tres.</span> <span class='ocrx_word' id='word_1_156' title='bbox 645 1704 749 1744; x_wconf 75' lang='lat' dir='ltr'>Paul</span> <span class='ocrx_word' id='word_1_157' title='bbox 766 1703 848 1741; x_wconf 80' lang='lat' dir='ltr'>leur</span> <span class='ocrx_word' id='word_1_158' title='bbox 871 1713 1011 1755; x_wconf 76' lang='lat' dir='ltr'>opposa</span> 
     </span>
     <span class='ocr_line' id='line_1_21' title="bbox 201 1766 1014 1820; baseline -0.017 -3"><span class='ocrx_word' id='word_1_159' title='bbox 201 1784 294 1817; x_wconf 77' lang='lat' dir='ltr'>cette</span> <span class='ocrx_word' id='word_1_160' title='bbox 321 1774 556 1815; x_wconf 62' lang='lat' dir='ltr'>declaration</span> <span class='ocrx_word' id='word_1_161' title='bbox 593 1768 796 1810; x_wconf 74' lang='lat' dir='ltr'>solennelle</span> <span class='ocrx_word' id='word_1_162' title='bbox 822 1782 893 1820; x_wconf 81' lang='lat' dir='ltr'>que</span> <span class='ocrx_word' id='word_1_163' title='bbox 915 1798 924 1816; x_wconf 87' lang='lat'>,</span> <span class='ocrx_word' id='word_1_164' title='bbox 951 1766 1014 1805; x_wconf 74' lang='lat' dir='ltr'>s’il</span> 
     </span>
     <span class='ocr_line' id='line_1_22' title="bbox 202 1831 1010 1896; baseline -0.016 -14"><span class='ocrx_word' id='word_1_165' title='bbox 202 1842 272 1896; x_wconf 74' lang='lat' dir='ltr'>n’y</span> <span class='ocrx_word' id='word_1_166' title='bbox 284 1842 389 1881; x_wconf 76' lang='lat' dir='ltr'>avait</span> <span class='ocrx_word' id='word_1_167' title='bbox 393 1853 468 1893; x_wconf 84' lang='lat' dir='ltr'>pas</span> <span class='ocrx_word' id='word_1_168' title='bbox 483 1839 526 1876; x_wconf 84' lang='lat' dir='ltr'>de</span> <span class='ocrx_word' id='word_1_169' title='bbox 539 1837 790 1876; x_wconf 65' lang='lat' dir='ltr'>resurrection</span> <span class='ocrx_word' id='word_1_170' title='bbox 805 1831 1010 1872; x_wconf 67' lang='lat' dir='ltr'>maeerielle</span> 
     </span>
     <span class='ocr_line' id='line_1_23' title="bbox 204 1898 1013 1952; baseline -0.014 -6"><span class='ocrx_word' id='word_1_171' title='bbox 204 1908 268 1947; x_wconf 79' lang='lat' dir='ltr'>des</span> <span class='ocrx_word' id='word_1_172' title='bbox 290 1914 429 1952; x_wconf 67' lang='lat' dir='ltr'>morte,</span> <span class='ocrx_word' id='word_1_173' title='bbox 456 1902 724 1942; x_wconf 64' lang='lat' dir='ltr'>Jews-Christ</span> <span class='ocrx_word' id='word_1_174' title='bbox 745 1914 824 1939; x_wconf 75' lang='lat' dir='ltr'>non</span> <span class='ocrx_word' id='word_1_175' title='bbox 847 1898 937 1952; x_wconf 81' lang='lat' dir='ltr'>plus</span> <span class='ocrx_word' id='word_1_176' title='bbox 964 1911 1013 1936; x_wconf 74' lang='lat' dir='ltr'>ne</span> 
     </span>
     <span class='ocr_line' id='line_1_24' title="bbox 204 1965 1012 2024; baseline -0.012 -12"><span class='ocrx_word' id='word_1_177' title='bbox 204 1974 321 2012; x_wconf 70' lang='lat' dir='ltr'>serait</span> <span class='ocrx_word' id='word_1_178' title='bbox 344 1984 419 2024; x_wconf 71' lang='lat' dir='ltr'>pas</span> <span class='ocrx_word' id='word_1_179' title='bbox 453 1971 678 2016; x_wconf 70' lang='lat' dir='ltr'>ressuscite5</span> <span class='ocrx_word' id='word_1_180' title='bbox 703 1973 737 2005; x_wconf 79' lang='lat' dir='ltr'>et</span> <span class='ocrx_word' id='word_1_181' title='bbox 761 1968 796 2003; x_wconf 72' lang='lat' dir='ltr'>ei</span> <span class='ocrx_word' id='word_1_182' title='bbox 818 1965 850 2002; x_wconf 82' lang='lat' dir='ltr'>le</span> <span class='ocrx_word' id='word_1_183' title='bbox 874 1966 1012 2002; x_wconf 71' lang='lat' dir='ltr'>maitre</span> 
     </span>
     <span class='ocr_line' id='line_1_25' title="bbox 204 2031 1013 2091; baseline -0.014 -14"><span class='ocrx_word' id='word_1_184' title='bbox 204 2038 417 2091; x_wconf 69' lang='lat' dir='ltr'>n’etaitpas</span> <span class='ocrx_word' id='word_1_185' title='bbox 428 2033 625 2074; x_wconf 55' lang='lat' dir='ltr'>ressuscita</span> <span class='ocrx_word' id='word_1_186' title='bbox 641 2062 652 2080; x_wconf 89' lang='lat'><strong>‚</strong></span> <span class='ocrx_word' id='word_1_187' title='bbox 673 2031 739 2069; x_wconf 70' lang='lat'><strong><em>3²2⁴!</em></strong></span> <span class='ocrx_word' id='word_1_188' title='bbox 748 2045 795 2068; x_wconf 79' lang='lat' dir='ltr'>ne</span> <span class='ocrx_word' id='word_1_189' title='bbox 820 2034 1013 2083; x_wconf 73' lang='lat' dir='ltr'>represen-</span> 
     </span>
     <span class='ocr_line' id='line_1_26' title="bbox 205 2095 1010 2156; baseline -0.015 -13"><span class='ocrx_word' id='word_1_190' title='bbox 205 2106 277 2143; x_wconf 80' lang='lat' dir='ltr'>tait</span> <span class='ocrx_word' id='word_1_191' title='bbox 282 2105 407 2156; x_wconf 80' lang='lat' dir='ltr'>point,</span> <span class='ocrx_word' id='word_1_192' title='bbox 428 2114 476 2139; x_wconf 81' lang='lat' dir='ltr'>en</span> <span class='ocrx_word' id='word_1_193' title='bbox 494 2100 626 2137; x_wconf 72' lang='lat' dir='ltr'>dehors</span> <span class='ocrx_word' id='word_1_194' title='bbox 645 2097 688 2135; x_wconf 82' lang='lat' dir='ltr'>de</span> <span class='ocrx_word' id='word_1_195' title='bbox 702 2103 800 2134; x_wconf 78' lang='lat' dir='ltr'>toute</span> <span class='ocrx_word' id='word_1_196' title='bbox 824 2095 1010 2147; x_wconf 74' lang='lat' dir='ltr'>alleqorie,</span> 
     </span>
     <span class='ocr_line' id='line_1_27' title="bbox 208 2160 1012 2222; baseline -0.012 -15"><span class='ocrx_word' id='word_1_197' title='bbox 208 2168 423 2222; x_wconf 80' lang='lat' dir='ltr'>lepremier</span> <span class='ocrx_word' id='word_1_198' title='bbox 456 2169 505 2203; x_wconf 72' lang='lat' dir='ltr'>ne</span> <span class='ocrx_word' id='word_1_199' title='bbox 527 2163 666 2203; x_wconf 73' lang='lat' dir='ltr'>visible</span> <span class='ocrx_word' id='word_1_200' title='bbox 705 2168 740 2200; x_wconf 85' lang='lat' dir='ltr'>et</span> <span class='ocrx_word' id='word_1_201' title='bbox 751 2160 930 2214; x_wconf 78' lang='lat' dir='ltr'>palpable</span> <span class='ocrx_word' id='word_1_202' title='bbox 960 2160 1012 2197; x_wconf 74' lang='lat' dir='ltr'>du</span> 
     </span>
     <span class='ocr_line' id='line_1_28' title="bbox 206 2226 1013 2289; baseline -0.015 -13"><span class='ocrx_word' id='word_1_203' title='bbox 206 2248 387 2289; x_wconf 78' lang='lat' dir='ltr'>royaume</span> <span class='ocrx_word' id='word_1_204' title='bbox 418 2229 638 2271; x_wconf 75' lang='lat' dir='ltr'>wrnaturel</span> <span class='ocrx_word' id='word_1_205' title='bbox 665 2231 733 2281; x_wconf 81' lang='lat' dir='ltr'>qui</span> <span class='ocrx_word' id='word_1_206' title='bbox 763 2228 889 2267; x_wconf 73' lang='lat' dir='ltr'>devaiae</span> <span class='ocrx_word' id='word_1_207' title='bbox 915 2226 1013 2266; x_wconf 79' lang='lat' dir='ltr'>s&#39;ac-</span> 
     </span>
     <span class='ocr_line' id='line_1_29' title="bbox 207 2293 1014 2354; baseline -0.015 -12"><span class='ocrx_word' id='word_1_208' title='bbox 207 2300 391 2354; x_wconf 78' lang='lat' dir='ltr'>complir,</span> <span class='ocrx_word' id='word_1_209' title='bbox 422 2304 520 2338; x_wconf 76' lang='lat' dir='ltr'>toute</span> <span class='ocrx_word' id='word_1_210' title='bbox 552 2296 589 2334; x_wconf 84' lang='lat' dir='ltr'>la</span> <span class='ocrx_word' id='word_1_211' title='bbox 614 2295 857 2348; x_wconf 75' lang='lat' dir='ltr'>predication</span> <span class='ocrx_word' id='word_1_212' title='bbox 893 2294 939 2330; x_wconf 81' lang='lat' dir='ltr'>de</span> <span class='ocrx_word' id='word_1_213' title='bbox 975 2293 1014 2331; x_wconf 90' lang='lat' dir='ltr'>Ia</span> 
     </span>
     <span class='ocr_line' id='line_1_30' title="bbox 208 2359 1012 2407; baseline -0.012 -1"><span class='ocrx_word' id='word_1_214' title='bbox 208 2365 375 2407; x_wconf 73' lang='lat' dir='ltr'>nouvelle</span> <span class='ocrx_word' id='word_1_215' title='bbox 385 2365 480 2403; x_wconf 75' lang='lat' dir='ltr'>eccle</span> <span class='ocrx_word' id='word_1_216' title='bbox 495 2363 612 2402; x_wconf 77' lang='lat' dir='ltr'>serait</span> <span class='ocrx_word' id='word_1_217' title='bbox 622 2360 747 2399; x_wconf 76' lang='lat' dir='ltr'>vaine.</span> <span class='ocrx_word' id='word_1_218' title='bbox 763 2359 841 2398; x_wconf 80' lang='lat' dir='ltr'>Cfr.</span> <span class='ocrx_word' id='word_1_219' title='bbox 858 2362 966 2398; x_wconf 85' lang='lat' dir='ltr'>etiam</span> <span class='ocrx_word' id='word_1_220' title='bbox 987 2365 1012 2396; x_wconf 85' lang='lat' dir='ltr'>li</span> 
     </span>
     <span class='ocr_line' id='line_1_31' title="bbox 209 2427 732 2478; baseline -0.015 -6"><span class='ocrx_word' id='word_1_221' title='bbox 209 2433 255 2473; x_wconf 84' lang='lat' dir='ltr'>ad</span> <span class='ocrx_word' id='word_1_222' title='bbox 279 2431 442 2470; x_wconf 82' lang='lat' dir='ltr'>Timoth.</span> <span class='ocrx_word' id='word_1_223' title='bbox 463 2441 491 2467; x_wconf 83' lang='lat'>11</span> <span class='ocrx_word' id='word_1_224' title='bbox 506 2458 517 2477; x_wconf 77' lang='lat'>‚</span> <span class='ocrx_word' id='word_1_225' title='bbox 548 2441 592 2478; x_wconf 87' lang='lat'>17</span> <span class='ocrx_word' id='word_1_226' title='bbox 613 2436 647 2465; x_wconf 88' lang='lat' dir='ltr'>et</span> <span class='ocrx_word' id='word_1_227' title='bbox 669 2427 732 2465; x_wconf 75' lang='lat'>18.</span> 
     </span>
    </p>

    <p class='ocr_par' dir='ltr' id='par_1_6' title="bbox 271 2494 766 2548">
     <span class='ocr_line' id='line_1_32' title="bbox 271 2494 766 2548; baseline -0.008 -15"><span class='ocrx_word' id='word_1_228' title='bbox 271 2497 322 2548; x_wconf 90' lang='grc'>(1)</span> <span class='ocrx_word' id='word_1_229' title='bbox 352 2494 433 2533; x_wconf 86' lang='lat' dir='ltr'>Act.</span> <span class='ocrx_word' id='word_1_230' title='bbox 465 2508 527 2541; x_wconf 75' lang='lat' dir='ltr'>xi,</span> <span class='ocrx_word' id='word_1_231' title='bbox 554 2504 578 2529; x_wconf 88' lang='lat'>2</span> <span class='ocrx_word' id='word_1_232' title='bbox 602 2499 638 2530; x_wconf 87' lang='lat' dir='ltr'>et</span> <span class='ocrx_word' id='word_1_233' title='bbox 662 2505 766 2543; x_wconf 84' lang='lat' dir='ltr'>seqq.</span> 
     </span>
    </p>

    <p class='ocr_par' dir='ltr' id='par_1_7' title="bbox 210 2553 1016 3069">
     <span class='ocr_line' id='line_1_33' title="bbox 263 2553 1012 2612; baseline -0.012 -13"><span class='ocrx_word' id='word_1_234' title='bbox 263 2562 315 2612; x_wconf 73' lang='lat'>(2)</span> <span class='ocrx_word' id='word_1_235' title='bbox 344 2559 440 2598; x_wconf 82' lang='lat' dir='ltr'>lbid.</span> <span class='ocrx_word' id='word_1_236' title='bbox 471 2572 519 2597; x_wconf 85' lang='lat' dir='ltr'>xv</span> <span class='ocrx_word' id='word_1_237' title='bbox 535 2587 547 2607; x_wconf 88' lang='lat'>‚</span> <span class='ocrx_word' id='word_1_238' title='bbox 575 2570 596 2610; x_wconf 89' lang='lat'><strong>7</strong></span> <span class='ocrx_word' id='word_1_239' title='bbox 625 2565 660 2594; x_wconf 89' lang='lat' dir='ltr'>et</span> <span class='ocrx_word' id='word_1_240' title='bbox 681 2569 785 2607; x_wconf 85' lang='lat' dir='ltr'>seqq.</span> <span class='ocrx_word' id='word_1_241' title='bbox 805 2553 882 2593; x_wconf 88' lang='lat' dir='ltr'>Nec</span> <span class='ocrx_word' id='word_1_242' title='bbox 900 2555 1012 2592; x_wconf 85' lang='lat' dir='ltr'>omit-</span> 
     </span>
     <span class='ocr_line' id='line_1_34' title="bbox 218 2617 1014 2677; baseline -0.013 -10"><span class='ocrx_word' id='word_1_243' title='bbox 218 2627 393 2674; x_wconf 79' lang='lat' dir='ltr'>tendum,</span> <span class='ocrx_word' id='word_1_244' title='bbox 409 2624 507 2677; x_wconf 80' lang='lat' dir='ltr'>quo&#39;d</span> <span class='ocrx_word' id='word_1_245' title='bbox 519 2623 657 2674; x_wconf 75' lang='lat' dir='ltr'>legitur</span> <span class='ocrx_word' id='word_1_246' title='bbox 668 2619 750 2666; x_wconf 81' lang='lat' dir='ltr'>Act.</span> <span class='ocrx_word' id='word_1_247' title='bbox 772 2633 809 2657; x_wconf 77' lang='lat' dir='ltr'>vt</span> <span class='ocrx_word' id='word_1_248' title='bbox 828 2649 838 2666; x_wconf 90' lang='lat'>‚</span> <span class='ocrx_word' id='word_1_249' title='bbox 871 2617 918 2669; x_wconf 73' lang='grc'>14</span> <span class='ocrx_word' id='word_1_250' title='bbox 932 2646 943 2668; x_wconf 86' lang='lat'>,</span> <span class='ocrx_word' id='word_1_251' title='bbox 969 2618 1014 2657; x_wconf 77' lang='lat' dir='ltr'>de</span> 
     </span>
     <span class='ocr_line' id='line_1_35' title="bbox 210 2684 1013 2743; baseline -0.014 -11"><span class='ocrx_word' id='word_1_252' title='bbox 210 2693 255 2732; x_wconf 89' lang='lat' dir='ltr'>B.</span> <span class='ocrx_word' id='word_1_253' title='bbox 285 2690 493 2743; x_wconf 78' lang='lat' dir='ltr'>Stephano,</span> <span class='ocrx_word' id='word_1_254' title='bbox 519 2688 692 2726; x_wconf 78' lang='lat' dir='ltr'>adversus·</span> <span class='ocrx_word' id='word_1_255' title='bbox 715 2698 824 2737; x_wconf 86' lang='lat' dir='ltr'>quem</span> <span class='ocrx_word' id='word_1_256' title='bbox 851 2686 929 2737; x_wconf 86' lang='lat' dir='ltr'>ejus</span> <span class='ocrx_word' id='word_1_257' title='bbox 948 2684 1013 2722; x_wconf 83' lang='lat' dir='ltr'>ad-</span> 
     </span>
     <span class='ocr_line' id='line_1_36' title="bbox 210 2751 1012 2799; baseline -0.014 0"><span class='ocrx_word' id='word_1_258' title='bbox 210 2758 358 2799; x_wconf 72' lang='lat' dir='ltr'>versarii</span> <span class='ocrx_word' id='word_1_259' title='bbox 373 2754 644 2795; x_wconf 77' lang='lat' dir='ltr'>accusationem</span> <span class='ocrx_word' id='word_1_260' title='bbox 657 2751 860 2789; x_wconf 83' lang='lat' dir='ltr'>intulerunt</span> <span class='ocrx_word' id='word_1_261' title='bbox 884 2763 926 2788; x_wconf 86' lang='lat' dir='ltr'>ex</span> <span class='ocrx_word' id='word_1_262' title='bbox 942 2763 987 2789; x_wconf 91' lang='lat' dir='ltr'>eo</span> <span class='ocrx_word' id='word_1_263' title='bbox 1002 2779 1012 2798; x_wconf 86' lang='lat'><strong>,</strong></span> 
     </span>
     <span class='ocr_line' id='line_1_37' title="bbox 213 2813 1016 2879; baseline -0.014 -16"><span class='ocrx_word' id='word_1_264' title='bbox 213 2823 312 2879; x_wconf 82' lang='lat' dir='ltr'>quod</span> <span class='ocrx_word' id='word_1_265' title='bbox 340 2822 476 2860; x_wconf 85' lang='lat' dir='ltr'>diceret</span> <span class='ocrx_word' id='word_1_266' title='bbox 504 2832 514 2856; x_wconf 77' lang='lat' dir='ltr'><strong><em>z</em></strong></span> <span class='ocrx_word' id='word_1_267' title='bbox 535 2818 730 2868; x_wconf 76' lang='lat' dir='ltr'>Quoniam</span> <span class='ocrx_word' id='word_1_268' title='bbox 755 2814 871 2854; x_wconf 73' lang='lat' dir='ltr'>Jews</span> <span class='ocrx_word' id='word_1_269' title='bbox 888 2813 1016 2853; x_wconf 72' lang='lat' dir='ltr'>Naza-</span> 
     </span>
     <span class='ocr_line' id='line_1_38' title="bbox 211 2881 1016 2928; baseline -0.015 1"><span class='ocrx_word' id='word_1_270' title='bbox 211 2901 326 2928; x_wconf 67' lang='lat' dir='ltr'>renm</span> <span class='ocrx_word' id='word_1_271' title='bbox 360 2886 422 2925; x_wconf 73' lang='lat' dir='ltr'>hio</span> <span class='ocrx_word' id='word_1_272' title='bbox 456 2884 620 2922; x_wconf 64' lang='lat' dir='ltr'>decernet</span> <span class='ocrx_word' id='word_1_273' title='bbox 652 2881 772 2921; x_wconf 73' lang='lat' dir='ltr'>locum</span> <span class='ocrx_word' id='word_1_274' title='bbox 799 2882 914 2919; x_wconf 73' lang='lat' dir='ltr'>istum</span> <span class='ocrx_word' id='word_1_275' title='bbox 932 2911 942 2928; x_wconf 82' lang='lat'>‚</span> <span class='ocrx_word' id='word_1_276' title='bbox 981 2887 1016 2918; x_wconf 81' lang='lat' dir='ltr'>et</span> 
     </span>
     <span class='ocr_line' id='line_1_39' title="bbox 212 2944 1016 2998; baseline -0.011 -5"><span class='ocrx_word' id='word_1_277' title='bbox 212 2952 375 2993; x_wconf 76' lang='lat' dir='ltr'>mutabit</span> <span class='ocrx_word' id='word_1_278' title='bbox 386 2947 625 2993; x_wconf 64' lang='lat' dir='ltr'>traditiones,</span> <span class='ocrx_word' id='word_1_279' title='bbox 637 2959 731 2998; x_wconf 72' lang='lat' dir='ltr'>quae</span> <span class='ocrx_word' id='word_1_280' title='bbox 740 2944 899 2984; x_wconf 77' lang='lat' dir='ltr'>tradidit</span> <span class='ocrx_word' id='word_1_281' title='bbox 908 2945 1016 2985; x_wconf 72' lang='lat' dir='ltr'>nobis</span> 
     </span>
     <span class='ocr_line' id='line_1_40' title="bbox 216 3010 1012 3069; baseline -0.009 -13"><span class='ocrx_word' id='word_1_282' title='bbox 216 3019 383 3069; x_wconf 67' lang='lat' dir='ltr'>Moyses.</span> <span class='ocrx_word' id='word_1_283' title='bbox 419 3014 506 3066; x_wconf 80' lang='lat' dir='ltr'>Quae</span> <span class='ocrx_word' id='word_1_284' title='bbox 536 3012 698 3064; x_wconf 80' lang='lat' dir='ltr'>profecto</span> <span class='ocrx_word' id='word_1_285' title='bbox 733 3010 939 3051; x_wconf 77' lang='lat' dir='ltr'>referuntur</span> <span class='ocrx_word' id='word_1_286' title='bbox 967 3012 1012 3050; x_wconf 77' lang='lat' dir='ltr'>ad</span> 
     </span>
    </p>
   </div>
   <div class='ocr_carea' id='block_1_6' title="bbox 1073 1568 1889 3067">
    <p class='ocr_par' dir='ltr' id='par_1_8' title="bbox 1078 1568 1886 1751">
     <span class='ocr_line' id='line_1_41' title="bbox 1079 1568 1886 1620; baseline -0.001 -15"><span class='ocrx_word' id='word_1_287' title='bbox 1079 1569 1349 1619; x_wconf 80' lang='lat' dir='ltr'>abrogationem</span> <span class='ocrx_word' id='word_1_288' title='bbox 1370 1568 1491 1620; x_wconf 80' lang='lat' dir='ltr'>legum</span> <span class='ocrx_word' id='word_1_289' title='bbox 1515 1569 1704 1606; x_wconf 83' lang='lat' dir='ltr'>ritualium</span> <span class='ocrx_word' id='word_1_290' title='bbox 1724 1597 1735 1617; x_wconf 83' lang='lat'>‚</span> <span class='ocrx_word' id='word_1_291' title='bbox 1763 1576 1800 1607; x_wconf 86' lang='lat' dir='ltr'>et</span> <span class='ocrx_word' id='word_1_292' title='bbox 1831 1576 1886 1605; x_wconf 82' lang='lat' dir='ltr'>ta-</span> 
     </span>
     <span class='ocr_line' id='line_1_42' title="bbox 1078 1633 1886 1686; baseline 0 -15"><span class='ocrx_word' id='word_1_293' title='bbox 1078 1647 1164 1672; x_wconf 85' lang='lat' dir='ltr'>men</span> <span class='ocrx_word' id='word_1_294' title='bbox 1176 1642 1340 1685; x_wconf 82' lang='lat' dir='ltr'>spectant</span> <span class='ocrx_word' id='word_1_295' title='bbox 1355 1633 1401 1672; x_wconf 86' lang='lat' dir='ltr'>ad</span> <span class='ocrx_word' id='word_1_296' title='bbox 1415 1636 1572 1685; x_wconf 84' lang='lat' dir='ltr'>primam</span> <span class='ocrx_word' id='word_1_297' title='bbox 1588 1661 1600 1682; x_wconf 88' lang='lat'>‚</span> <span class='ocrx_word' id='word_1_298' title='bbox 1630 1647 1740 1686; x_wconf 83' lang='lat' dir='ltr'>quam</span> <span class='ocrx_word' id='word_1_299' title='bbox 1756 1634 1886 1672; x_wconf 85' lang='lat' dir='ltr'>adver-</span> 
     </span>
     <span class='ocr_line' id='line_1_43' title="bbox 1078 1700 1776 1751; baseline 0.001 -13"><span class='ocrx_word' id='word_1_300' title='bbox 1078 1702 1194 1739; x_wconf 79' lang='lat' dir='ltr'>sarius</span> <span class='ocrx_word' id='word_1_301' title='bbox 1216 1708 1320 1738; x_wconf 84' lang='lat' dir='ltr'>vocat</span> <span class='ocrx_word' id='word_1_302' title='bbox 1347 1700 1609 1739; x_wconf 78' lang='lat' dir='ltr'>christianismi</span> <span class='ocrx_word' id='word_1_303' title='bbox 1629 1701 1776 1751; x_wconf 84' lang='lat' dir='ltr'>phasin.</span> 
     </span>
    </p>

    <p class='ocr_par' dir='ltr' id='par_1_9' title="bbox 1077 1764 1887 2142">
     <span class='ocr_line' id='line_1_44' title="bbox 1133 1764 1887 1818; baseline 0 -15"><span class='ocrx_word' id='word_1_304' title='bbox 1133 1765 1183 1817; x_wconf 83' lang='lat'>(3)</span> <span class='ocrx_word' id='word_1_305' title='bbox 1213 1764 1351 1803; x_wconf 82' lang='lat' dir='ltr'>Eadem</span> <span class='ocrx_word' id='word_1_306' title='bbox 1373 1767 1480 1812; x_wconf 86' lang='lat' dir='ltr'>ratio,</span> <span class='ocrx_word' id='word_1_307' title='bbox 1507 1780 1586 1818; x_wconf 75' lang='lat' dir='ltr'>quae</span> <span class='ocrx_word' id='word_1_308' title='bbox 1614 1766 1762 1817; x_wconf 85' lang='lat' dir='ltr'>impulit</span> <span class='ocrx_word' id='word_1_309' title='bbox 1788 1768 1887 1818; x_wconf 71' lang='lat' dir='ltr'>Apo-</span> 
     </span>
     <span class='ocr_line' id='line_1_45' title="bbox 1078 1830 1887 1883; baseline 0 -15"><span class='ocrx_word' id='word_1_310' title='bbox 1078 1830 1192 1869; x_wconf 80' lang='lat' dir='ltr'>stolos</span> <span class='ocrx_word' id='word_1_311' title='bbox 1204 1831 1249 1868; x_wconf 83' lang='lat' dir='ltr'>ad</span> <span class='ocrx_word' id='word_1_312' title='bbox 1270 1831 1461 1868; x_wconf 86' lang='lat' dir='ltr'>retinenda</span> <span class='ocrx_word' id='word_1_313' title='bbox 1472 1830 1597 1883; x_wconf 84' lang='lat' dir='ltr'>legalia</span> <span class='ocrx_word' id='word_1_314' title='bbox 1609 1859 1623 1879; x_wconf 89' lang='lat'><strong><em>,</em></strong></span> <span class='ocrx_word' id='word_1_315' title='bbox 1641 1845 1714 1882; x_wconf 89' lang='lat' dir='ltr'>quo</span> <span class='ocrx_word' id='word_1_316' title='bbox 1741 1830 1887 1869; x_wconf 84' lang='lat' dir='ltr'>facilius</span> 
     </span>
     <span class='ocr_line' id='line_1_46' title="bbox 1079 1895 1887 1948; baseline 0 -14"><span class='ocrx_word' id='word_1_317' title='bbox 1079 1895 1224 1934; x_wconf 75' lang='lat' dir='ltr'>Judaeos</span> <span class='ocrx_word' id='word_1_318' title='bbox 1248 1895 1468 1934; x_wconf 85' lang='lat' dir='ltr'>inducerent</span> <span class='ocrx_word' id='word_1_319' title='bbox 1489 1897 1536 1933; x_wconf 88' lang='lat' dir='ltr'>ad</span> <span class='ocrx_word' id='word_1_320' title='bbox 1556 1896 1801 1948; x_wconf 83' lang='lat' dir='ltr'>profitendam</span> <span class='ocrx_word' id='word_1_321' title='bbox 1829 1910 1887 1934; x_wconf 87' lang='lat' dir='ltr'>re·</span> 
     </span>
     <span class='ocr_line' id='line_1_47' title="bbox 1077 1962 1887 2014; baseline 0 -15"><span class='ocrx_word' id='word_1_322' title='bbox 1077 1962 1253 2014; x_wconf 78' lang='lat' dir='ltr'>ligionem</span> <span class='ocrx_word' id='word_1_323' title='bbox 1267 1962 1503 2000; x_wconf 83' lang='lat' dir='ltr'>christianam</span> <span class='ocrx_word' id='word_1_324' title='bbox 1519 1990 1531 2010; x_wconf 92' lang='lat'><strong><em>,</em></strong></span> <span class='ocrx_word' id='word_1_325' title='bbox 1547 1962 1727 2013; x_wconf 86' lang='lat' dir='ltr'>compulit</span> <span class='ocrx_word' id='word_1_326' title='bbox 1749 1962 1887 2012; x_wconf 86' lang='lat' dir='ltr'>pariter</span> 
     </span>
     <span class='ocr_line' id='line_1_48' title="bbox 1079 2026 1885 2080; baseline -0.001 -15"><span class='ocrx_word' id='word_1_327' title='bbox 1079 2028 1126 2065; x_wconf 81' lang='lat' dir='ltr'>ad</span> <span class='ocrx_word' id='word_1_328' title='bbox 1148 2042 1189 2066; x_wconf 85' lang='lat' dir='ltr'>ea</span> <span class='ocrx_word' id='word_1_329' title='bbox 1212 2027 1436 2080; x_wconf 78' lang='lat' dir='ltr'>abjicienda,</span> <span class='ocrx_word' id='word_1_330' title='bbox 1460 2041 1508 2064; x_wconf 76' lang='lat' dir='ltr'>ne</span> <span class='ocrx_word' id='word_1_331' title='bbox 1540 2026 1586 2065; x_wconf 89' lang='lat' dir='ltr'>ab</span> <span class='ocrx_word' id='word_1_332' title='bbox 1608 2027 1737 2066; x_wconf 86' lang='lat' dir='ltr'>eadem</span> <span class='ocrx_word' id='word_1_333' title='bbox 1770 2027 1885 2079; x_wconf 85' lang='lat' dir='ltr'>profi-</span> 
     </span>
     <span class='ocr_line' id='line_1_49' title="bbox 1079 2091 1667 2142; baseline -0.002 -12"><span class='ocrx_word' id='word_1_334' title='bbox 1079 2093 1187 2131; x_wconf 86' lang='lat' dir='ltr'>tenda</span> <span class='ocrx_word' id='word_1_335' title='bbox 1208 2092 1479 2130; x_wconf 85' lang='lat' dir='ltr'>retraherentur</span> <span class='ocrx_word' id='word_1_336' title='bbox 1499 2091 1667 2142; x_wconf 82' lang='lat' dir='ltr'>gentiles.</span> 
     </span>
    </p>

    <p class='ocr_par' dir='ltr' id='par_1_10' title="bbox 1073 2156 1889 3067">
     <span class='ocr_line' id='line_1_50' title="bbox 1130 2156 1888 2209; baseline -0.004 -13"><span class='ocrx_word' id='word_1_337' title='bbox 1130 2159 1186 2208; x_wconf 70' lang='lat'>(4)</span> <span class='ocrx_word' id='word_1_338' title='bbox 1218 2156 1301 2195; x_wconf 89' lang='lat' dir='ltr'>Non</span> <span class='ocrx_word' id='word_1_339' title='bbox 1322 2159 1428 2209; x_wconf 81' lang='lat' dir='ltr'>pauci</span> <span class='ocrx_word' id='word_1_340' title='bbox 1448 2157 1580 2203; x_wconf 81' lang='lat' dir='ltr'>critici,</span> <span class='ocrx_word' id='word_1_341' title='bbox 1602 2158 1723 2193; x_wconf 86' lang='lat' dir='ltr'>innixi</span> <span class='ocrx_word' id='word_1_342' title='bbox 1745 2158 1888 2206; x_wconf 77' lang='lat' dir='ltr'>potissi·-</span> 
     </span>
     <span class='ocr_line' id='line_1_51' title="bbox 1080 2220 1886 2269; baseline -0.001 -8"><span class='ocrx_word' id='word_1_343' title='bbox 1080 2236 1183 2261; x_wconf 90' lang='lat' dir='ltr'>mum</span> <span class='ocrx_word' id='word_1_344' title='bbox 1198 2224 1403 2261; x_wconf 84' lang='lat' dir='ltr'>auctoritati</span> <span class='ocrx_word' id='word_1_345' title='bbox 1418 2220 1616 2260; x_wconf 80' lang='lat' dir='ltr'>Clementis</span> <span class='ocrx_word' id='word_1_346' title='bbox 1629 2221 1719 2259; x_wconf 85' lang='lat' dir='ltr'>Alex</span> <span class='ocrx_word' id='word_1_347' title='bbox 1730 2249 1753 2269; x_wconf 88' lang='lat'>.,</span> <span class='ocrx_word' id='word_1_348' title='bbox 1777 2229 1886 2260; x_wconf 89' lang='lat' dir='ltr'>tuen-</span> 
     </span>
     <span class='ocr_line' id='line_1_52' title="bbox 1079 2286 1887 2337; baseline -0.001 -12"><span class='ocrx_word' id='word_1_349' title='bbox 1079 2296 1139 2326; x_wconf 88' lang='lat' dir='ltr'>tur</span> <span class='ocrx_word' id='word_1_350' title='bbox 1151 2317 1163 2334; x_wconf 91' lang='lat'>,</span> <span class='ocrx_word' id='word_1_351' title='bbox 1189 2286 1354 2337; x_wconf 86' lang='lat' dir='ltr'>Cepham</span> <span class='ocrx_word' id='word_1_352' title='bbox 1375 2301 1395 2324; x_wconf 85' lang='lat' dir='ltr'>a</span> <span class='ocrx_word' id='word_1_353' title='bbox 1410 2286 1523 2325; x_wconf 83' lang='lat' dir='ltr'>Paulo</span> <span class='ocrx_word' id='word_1_354' title='bbox 1542 2286 1805 2337; x_wconf 85' lang='lat' dir='ltr'>reprehensum</span> <span class='ocrx_word' id='word_1_355' title='bbox 1829 2287 1887 2324; x_wconf 86' lang='lat' dir='ltr'>di-</span> 
     </span>
     <span class='ocr_line' id='line_1_53' title="bbox 1081 2349 1887 2402; baseline -0.001 -11"><span class='ocrx_word' id='word_1_356' title='bbox 1081 2366 1221 2394; x_wconf 84' lang='lat' dir='ltr'>versum</span> <span class='ocrx_word' id='word_1_357' title='bbox 1235 2366 1310 2390; x_wconf 82' lang='lat' dir='ltr'>esse</span> <span class='ocrx_word' id='word_1_358' title='bbox 1329 2367 1350 2390; x_wconf 83' lang='lat' dir='ltr'>a</span> <span class='ocrx_word' id='word_1_359' title='bbox 1362 2352 1485 2390; x_wconf 83' lang='lat' dir='ltr'>Petro.</span> <span class='ocrx_word' id='word_1_360' title='bbox 1499 2349 1592 2389; x_wconf 88' lang='lat' dir='ltr'>Sane</span> <span class='ocrx_word' id='word_1_361' title='bbox 1603 2350 1773 2389; x_wconf 88' lang='lat' dir='ltr'>Clemens</span> <span class='ocrx_word' id='word_1_362' title='bbox 1788 2352 1887 2402; x_wconf 88' lang='lat' dir='ltr'>apud</span> 
     </span>
     <span class='ocr_line' id='line_1_54' title="bbox 1080 2416 1882 2469; baseline -0.001 -12"><span class='ocrx_word' id='word_1_363' title='bbox 1080 2418 1298 2459; x_wconf 72' lang='lat' dir='ltr'>Eusebium.</span> <span class='ocrx_word' id='word_1_364' title='bbox 1310 2417 1377 2455; x_wconf 91' lang='lat' dir='ltr'>lib.</span> <span class='ocrx_word' id='word_1_365' title='bbox 1390 2416 1531 2465; x_wconf 48' lang='lat' dir='ltr'>ulline.</span> <span class='ocrx_word' id='word_1_366' title='bbox 1545 2416 1709 2469; x_wconf 79' lang='lat' dir='ltr'>eechap</span> <span class='ocrx_word' id='word_1_367' title='bbox 1718 2420 1882 2465; x_wconf 84' lang='lat' dir='ltr'>.12‚ait:</span> 
     </span>
     <span class='ocr_line' id='line_1_55' title="bbox 1081 2481 1884 2535; baseline -0.002 -13"><span class='ocrx_word' id='word_1_368' title='bbox 1081 2483 1251 2535; x_wconf 82' lang='lat' dir='ltr'>Cepham</span> <span class='ocrx_word' id='word_1_369' title='bbox 1274 2481 1445 2521; x_wconf 38' lang='lat' dir='ltr'>avPaulo</span> <span class='ocrx_word' id='word_1_370' title='bbox 1469 2482 1733 2534; x_wconf 74' lang='lat' dir='ltr'>reprehensum</span> <span class='ocrx_word' id='word_1_371' title='bbox 1762 2496 1884 2521; x_wconf 77' lang='lat' dir='ltr'>unum</span> 
     </span>
     <span class='ocr_line' id='line_1_56' title="bbox 1073 2548 1887 2602; baseline -0.002 -14"><span class='ocrx_word' id='word_1_372' title='bbox 1073 2550 1197 2602; x_wconf 70' lang='lat' dir='ltr'>fuisse</span> <span class='ocrx_word' id='word_1_373' title='bbox 1210 2562 1256 2588; x_wconf 75' lang='lat' dir='ltr'>ea:</span> <span class='ocrx_word' id='word_1_374' title='bbox 1279 2563 1344 2588; x_wconf 73' lang='lat' dir='ltr'>Lxx</span> <span class='ocrx_word' id='word_1_375' title='bbox 1358 2550 1573 2602; x_wconf 74' lang='lat' dir='ltr'>discipulis,</span> <span class='ocrx_word' id='word_1_376' title='bbox 1589 2551 1701 2588; x_wconf 77' lang='lat' dir='ltr'>Petri</span> <span class='ocrx_word' id='word_1_377' title='bbox 1712 2548 1887 2601; x_wconf 69' lang='lat' dir='ltr'>Apostoli</span> 
     </span>
     <span class='ocr_line' id='line_1_57' title="bbox 1077 2612 1884 2667; baseline -0.001 -14"><span class='ocrx_word' id='word_1_378' title='bbox 1077 2617 1336 2667; x_wconf 76' lang='lat' dir='ltr'>aoqnomz&#39;nem</span> <span class='ocrx_word' id='word_1_379' title='bbox 1360 2632 1373 2652; x_wconf 89' lang='grc'>.·</span> <span class='ocrx_word' id='word_1_380' title='bbox 1394 2613 1591 2664; x_wconf 63' lang='grc' dir='ltr'><strong><em>Κηφοῖνυ..</em></strong></span> <span class='ocrx_word' id='word_1_381' title='bbox 1614 2613 1672 2655; x_wconf 66' lang='grc' dir='ltr'>ἕω</span> <span class='ocrx_word' id='word_1_382' title='bbox 1693 2612 1782 2664; x_wconf 61' lang='grc' dir='ltr'>φησὶ</span> <span class='ocrx_word' id='word_1_383' title='bbox 1819 2631 1884 2661; x_wconf 76' lang='grc' dir='ltr'>γε-</span> 
     </span>
     <span class='ocr_line' id='line_1_58' title="bbox 1078 2677 1880 2731; baseline -0.002 -12"><span class='ocrx_word' id='word_1_384' title='bbox 1078 2680 1212 2728; x_wconf 67' lang='grc' dir='ltr'>γονέναι</span> <span class='ocrx_word' id='word_1_385' title='bbox 1230 2685 1293 2720; x_wconf 67' lang='grc' dir='ltr'>’τᾶν</span> <span class='ocrx_word' id='word_1_386' title='bbox 1310 2679 1564 2730; x_wconf 61' lang='grc' dir='ltr'>ε’βὸομῆκοντω</span> <span class='ocrx_word' id='word_1_387' title='bbox 1575 2683 1772 2731; x_wconf 54' lang='lat' dir='ltr'>pensuram,</span> <span class='ocrx_word' id='word_1_388' title='bbox 1788 2677 1880 2729; x_wconf 60' lang='grc' dir='ltr'>ὅμοῖ-</span> 
     </span>
     <span class='ocr_line' id='line_1_59' title="bbox 1080 2742 1883 2800; baseline -0.002 -14"><span class='ocrx_word' id='word_1_389' title='bbox 1080 2763 1179 2797; x_wconf 69' lang='grc' dir='ltr'><strong><em>υνμον</em></strong></span> <span class='ocrx_word' id='word_1_390' title='bbox 1211 2743 1331 2800; x_wconf 66' lang='grc' dir='ltr'>Πέτρῳ</span> <span class='ocrx_word' id='word_1_391' title='bbox 1360 2744 1587 2797; x_wconf 62' lang='grc' dir='ltr'>τυγχάνοντι</span> <span class='ocrx_word' id='word_1_392' title='bbox 1602 2748 1652 2797; x_wconf 62' lang='grc' dir='ltr'>τῇ</span> <span class='ocrx_word' id='word_1_393' title='bbox 1675 2742 1883 2796; x_wconf 62' lang='grc' dir='ltr'>ἀποστ-ὅλῳ.</span> 
     </span>
     <span class='ocr_line' id='line_1_60' title="bbox 1079 2814 1886 2867; baseline 0 -15"><span class='ocrx_word' id='word_1_394' title='bbox 1079 2814 1181 2854; x_wconf 88' lang='lat' dir='ltr'>Idem</span> <span class='ocrx_word' id='word_1_395' title='bbox 1194 2818 1336 2855; x_wconf 87' lang='lat' dir='ltr'>censuit</span> <span class='ocrx_word' id='word_1_396' title='bbox 1348 2830 1390 2855; x_wconf 86' lang='lat' dir='ltr'>ex</span> <span class='ocrx_word' id='word_1_397' title='bbox 1401 2814 1772 2867; x_wconf 81' lang='lat' dir='ltr'>antiquisDorotheus</span> <span class='ocrx_word' id='word_1_398' title='bbox 1778 2814 1886 2867; x_wconf 82' lang='lat' dir='ltr'>Tyri,</span> 
     </span>
     <span class='ocr_line' id='line_1_61' title="bbox 1080 2878 1887 2931; baseline 0.001 -14"><span class='ocrx_word' id='word_1_399' title='bbox 1080 2881 1120 2918; x_wconf 90' lang='lat' dir='ltr'>in</span> <span class='ocrx_word' id='word_1_400' title='bbox 1134 2880 1413 2919; x_wconf 71' lang='lat' dir='ltr'>Commentario</span> <span class='ocrx_word' id='word_1_401' title='bbox 1425 2879 1471 2917; x_wconf 87' lang='lat' dir='ltr'>de</span> <span class='ocrx_word' id='word_1_402' title='bbox 1481 2893 1545 2918; x_wconf 65' lang='lat' dir='ltr'>Lxx</span> <span class='ocrx_word' id='word_1_403' title='bbox 1556 2878 1773 2931; x_wconf 74' lang='lat' dir='ltr'>discipulis,</span> <span class='ocrx_word' id='word_1_404' title='bbox 1789 2881 1887 2931; x_wconf 83' lang='lat' dir='ltr'>apud</span> 
     </span>
     <span class='ocr_line' id='line_1_62' title="bbox 1082 2944 1889 2998; baseline 0 -15"><span class='ocrx_word' id='word_1_405' title='bbox 1082 2944 1143 2984; x_wconf 90' lang='lat' dir='ltr'>Du</span> <span class='ocrx_word' id='word_1_406' title='bbox 1154 2946 1336 2998; x_wconf 78' lang='lat' dir='ltr'>Cangium</span> <span class='ocrx_word' id='word_1_407' title='bbox 1356 2948 1396 2984; x_wconf 90' lang='lat' dir='ltr'>in</span> <span class='ocrx_word' id='word_1_408' title='bbox 1416 2945 1593 2984; x_wconf 86' lang='lat' dir='ltr'>chronico</span> <span class='ocrx_word' id='word_1_409' title='bbox 1608 2945 1772 2997; x_wconf 81' lang='lat' dir='ltr'>paschali</span> <span class='ocrx_word' id='word_1_410' title='bbox 1795 2973 1808 2995; x_wconf 82' lang='lat'>,</span> <span class='ocrx_word' id='word_1_411' title='bbox 1820 2957 1889 2983; x_wconf 79' lang='lat' dir='ltr'>uec</span> 
     </span>
     <span class='ocr_line' id='line_1_63' title="bbox 1077 3009 1886 3067; baseline -0.001 -17"><span class='ocrx_word' id='word_1_412' title='bbox 1077 3025 1155 3050; x_wconf 85' lang='lat' dir='ltr'>non</span> <span class='ocrx_word' id='word_1_413' title='bbox 1174 3012 1228 3051; x_wconf 89' lang='lat' dir='ltr'>illi</span> <span class='ocrx_word' id='word_1_414' title='bbox 1246 3041 1257 3058; x_wconf 93' lang='lat'>‚</span> <span class='ocrx_word' id='word_1_415' title='bbox 1282 3025 1439 3064; x_wconf 83' lang='lat' dir='ltr'>quorum</span> <span class='ocrx_word' id='word_1_416' title='bbox 1455 3012 1624 3050; x_wconf 86' lang='lat' dir='ltr'>meminit</span> <span class='ocrx_word' id='word_1_417' title='bbox 1644 3009 1685 3049; x_wconf 91' lang='lat' dir='ltr'>S.</span> <span class='ocrx_word' id='word_1_418' title='bbox 1700 3010 1886 3067; x_wconf 79' lang='lat' dir='ltr'>Hierony-</span> 
     </span>
    </p>
   </div>
  </div>
 </body>
</html>
