2028 3354
209 193 304 242 488

695 212 852 244 TRAGT.
887 215 942 243 DE
976 216 1097 246 LOCIS
1131 218 1424 253 'rnnomalcls-

209 323 387 372 ducunt
421 323 673 373 adversarii
712 324 857 374 veluti
894 326 1123 392 imparem
1139 364 1152 388 a
1202 329 1249 377 in
1275 334 1487 396 praesenti
1511 351 1668 384 rerum
1694 333 1860 384 ordine
1878 372 1891 396 ,

208 398 467 453 medendo,
493 399 759 463 excogitatis
790 400 880 448 illis
909 402 1213 451 incommodis
1253 423 1351 471 quae
1374 426 1432 457 ex
1457 428 1509 458 ea
1538 411 1627 476 ipsi
1649 421 1894 477 repetunt,

215 491 507 540 quorumque
548 474 743 523 obtentu
788 478 1032 543 pontificiae
1076 482 1317 545 potestatis
1359 501 1509 533 osores
1551 487 1897 537 distinctionem

214 550 342 596 illam
372 551 421 597 in
451 551 660 600 medium
696 553 1006 617 protulerunt.
1027 557 1156 605 Nova
1181 557 1408 622 siquidem
1432 560 1782 625 perturbaretur
1801 564 1898 612 dis-

213 626 408 692 ciplina,
437 636 568 676 vetus
595 636 752 677 autem
780 630 974 679 minime
1001 642 1297 681 revocaretur
1320 634 1410 697 (1).

867 784 912 817 DI
916 784 1240 820 FFICULTATES

278 891 393 938 712.
433 890 540 953 Obj.
584 895 752 957 prima.
799 895 848 940 1ο
885 893 1095 942 Christus
1133 914 1229 943 non
1267 900 1348 945 uni
1386 917 1504 948 rom.
1550 902 1786 962 Pontifici,
1826 901 1909 949 sed

206 968 346 1015 etiam
365 967 600 1032 Episcopis
623 968 873 1016 Ecclesiam
897 968 1134 1017 ordinario
1153 975 1259 1032 jure
1283 975 1537 1036 regendam
1564 986 1611 1025 et
1641 978 1908 1042 gubernan-

208 1042 317 1089 dam
346 1042 604 1102 commisit,
635 1044 852 1090 imminui
890 1044 1088 1109 proinde
1121 1063 1219 1091 non
1260 1055 1409 1110 potest
1437 1052 1781 1100 ordinariorum
1816 1070 1907 1119 po-

208 1128 351 1166 testas
370 1154 382 1176 a
421 1119 536 1181 quin
575 1119 877 1184 perturbetur
897 1120 1010 1167 ordo
1042 1138 1067 1167 a
1087 1119 1270 1168 Christo
1305 1122 1405 1187 ipso
1431 1124 1685 1174 institutus.
1708 1130 1764 1176 20
1789 1130 1910 1176 Sane

213 1195 412 1242 Ecclesia
453 1194 693 1258 primitiva
719 1233 732 1254 2
783 1196 1049 1244 fidelissima
1091 1196 1263 1244 Christi
1304 1198 1559 1247 voluntatis
1595 1203 1825 1269 interpres
1863 1214 1912 1254 et

210 1288 445 1318 canonum
485 1280 665 1329 custos,
703 1289 789 1318 usu
810 1282 857 1319 et
879 1271 1203 1321 observatione
1234 1284 1395 1340 aperte
1425 1276 1630 1324 ostendit
1651 1314 1664 1336 ,
1694 1295 1911 1343 quaenam

209 1352 315 1411 jura
353 1347 618 1393 essentialia
648 1349 873 1413 pontificii
907 1348 1133 1414 primatus
1168 1351 1347 1398 censeri
1375 1350 1609 1411 debeant,
1624 1358 1713 1417 jus
1741 1355 1913 1403 scilicet

211 1440 446 1485 supremae
486 1427 823 1486 inspectionis,
849 1429 939 1486 jus
980 1431 1199 1488 supremi
1220 1430 1489 1490 provi-§orii
1525 1433 1800 1494 reqiminis‚
1819 1436 1912 1495 ,βας

221 1500 438 1547 Concilia
467 1501 757 1547 convocandi·
797 1504 951 1565 iisque
986 1503 1307 1563 proesz‘dendz‘,
1335 1507 1429 1566 jus
1461 1506 1748 1553 vindicandi
1772 1524 1912 1554 cano-

221 1594 340 1623 num
370 1578 746 1633 observantiam,
768 1586 878 1636 etc.3
910 1577 1087 1642 reliqua
1113 1596 1223 1626 vero
1241 1582 1375 1642 jura,
1394 1598 1468 1629 ex.
1501 1599 1568 1645 gr.
1596 1585 1919 1646 confirmandi

215 1653 475 1715 Episcopos
485 1688 504 1709 ,
538 1654 866 1720 cano-meandi
888 1654 1106 1709 Sancto-5,
1135 1657 1473 1719 appellationes
1494 1660 1787 1720 recipiendij
1808 1659 1913 1705 dis-

213 1729 492 1791 pensandi,
522 1731 648 1791 festa
676 1730 988 1786 instituendi,
1019 1747 1160 1777 casus
1185 1733 1492 1790 reservandi,
1524 1742 1610 1781 etc.
1634 1751 1736 1799 quae
1752 1735 1914 1798 primis

221 1804 386 1852 seculis
426 1821 451 1850 a
492 1821 612 1851 rom.
657 1804 958 1851 Pontificibus
1006 1805 1199 1853 minime
1240 1807 1611 1867 exercebantur,
1654 1808 1735 1856 sed
1771 1809 1913 1856 serius

221 1880 377 1944 primo
417 1897 441 1926 a
480 1878 850 1945 metropolitanis
886 1917 899 1939 .,
955 1879 1124 1928 deinde
1161 1899 1186 1927 a
1224 1881 1411 1946 synodis
1450 1882 1810 1948 provincialibus
1854 1883 1915 1931 ad

229 1955 419 2003 eosdem
456 1954 674 2004 devoluta
698 1965 836 2016 sunt,
865 1955 993 2004 velut
1020 1956 1318 2004 accidentalia
1337 1966 1447 2005 sunt
1477 1958 1687 2025 putanda
1720 1957 1824 2020 vel,
1856 1976 1914 2009 ex

225 2150 334 2190 docta
358 2150 563 2190 dissertatio
604 2152 825 2202 prooemialis
844 2180 855 2202 ‚
889 2153 930 2189 in
964 2167 1038 2204 qua

222 2218 325 2256 idem
378 2225 505 2256 auctor
566 2217 766 2256 clarissimo
811 2219 850 2256 in
897 2219 1038 2258 lumine

223 2285 328 2335 ponit
347 2282 581 2321 schismatica
603 2282 701 2321 illius
719 2296 932 2335 congressus
955 2297 1037 2322 mo·-

227 2349 375 2386 limina.
413 2346 528 2386 Paulo
559 2356 643 2387 ante
668 2350 746 2400 jam
772 2362 1040 2387 commemora-

225 2414 347 2450 vimus
386 2426 553 2450 erroneas
591 2421 626 2451 et
669 2413 920 2451 schismaticas
955 2407 1041 2452 ”do-

226 2478 387 2524 ctrina-s,
415 2480 456 2514 in
478 2492 568 2530 quas
592 2478 764 2516 nonnulli
796 2479 1038 2517 distinctionis

230 2539 345 2593 hujus
368 2550 562 2580 assertores
586 2543 745 2594 prolapsi
765 2551 864 2582 sunt.

281 2605 337 2657 (Ι)
366 2605 494 2658 Neque
522 2608 583 2645 hic
612 2608 857 2647 omittendum
891 2617 969 2656 est,
997 2621 1039 2648 ex

229 2672 392 2722 plurium
428 2671 693 2724 Episcoporum
723 2686 764 2711 ac
789 2674 1039 2725 metropolita-

225 2750 309 2773 rum
337 2737 560 2787 negligentia
591 2738 839 2788 superioribus
864 2740 1040 2789 tempori-

229 2802 299 2841 bus
311 2803 448 2841 factum
471 2816 568 2851 esse,
597 2813 635 2841 ut
662 2818 754 2842 rom.
771 2804 963 2843 Pontifices
983 2807 1041 2843 in-

227 2876 422 2919 terponere
438 2869 632 2907 debuerint
647 2871 900 2908 auctoritatem
914 2884 1018 2908 suam
1028 2900 1038 2917 ‚

228 2935 337 2984 cujus
363 2948 438 2971 non
466 2948 581 2985 pauca
602 2934 769 2987 exempla
788 2934 846 2973 vel
863 2937 940 2986 ipse
954 2949 1039 2987 pro-

229 2992 516 3039 testans‘fiurter
539 3001 674 3052 profert
696 3001 736 3039 in
759 3000 910 3039 historia
925 2999 1035 3038 [nno-

1106 2156 1216 2192 centii
1261 2153 1331 2193 111.
1377 2154 1507 2206 Neque
1549 2153 1790 2206 praetereundi
1831 2162 1917 2193 sunt

1105 2220 1371 2258 nonnullorum
1412 2220 1674 2271 Episcoporum
1707 2219 1844 2258 abusus
1875 2221 1917 2258 in

1105 2286 1281 2323 exercitio
1305 2297 1378 2323 suae
1403 2285 1646 2331 auctoritatis,
1670 2286 1735 2336 qui
1756 2286 1916 2324 occasio·-

1106 2362 1191 2387 nem
1204 2349 1442 2399 praebuerunt
1451 2363 1551 2388 rom.
1561 2349 1804 2388 Pontificibus
1814 2350 1919 2402 plura

1105 2413 1174 2451 sibi
1208 2414 1435 2453 reservandi.
1470 2413 1599 2466 Neque
1633 2415 1795 2468 denique
1820 2429 1917 2467 prae-

1106 2479 1383 2517 termittendum
1408 2487 1485 2529 est,
1517 2480 1602 2518 talia
1621 2481 1843 2534 quandoque
1872 2495 1916 2521 ex

1099 2557 1229 2583 »rerum
1259 2545 1493 2597 politicarum
1528 2554 1624 2585 statu
1654 2546 1827 2599 adjuncta
1853 2547 1912 2584 vi-

1106 2624 1187 2662 gere
1204 2639 1214 2656 ‚
1248 2611 1385 2663 quibus
1416 2611 1640 2663 impossibile
1671 2613 1717 2650 sit
1745 2610 1912 2650 concilia

1106 2676 1342 2727 provincialia
1353 2690 1492 2727 cogere.
1507 2675 1725 2724 Adversarii,
1741 2675 1807 2728 qui
1819 2687 1913 2727 saepe

1107 2741 1199 2779 adeo
1216 2741 1388 2780 adversus
1411 2741 1549 2780 abusus
1572 2740 1766 2794 pontificiae
1781 2748 1909 2779 aucto-

1107 2808 1222 2845 ritatis
1245 2805 1468 2853 declamant,
1495 2807 1576 2846 haec
1598 2806 1721 2844 omnia
1737 2804 1910 2845 dissimu-

1107 2871 1188 2908 lant
1205 2899 1215 2918 ,
1255 2873 1283 2909 si
1320 2870 1520 2911 nonnullos
1556 2870 1668 2922 magis
1703 2869 1909 2911 moderatos

1108 2937 1277 2987 excipias.
