2028 3354
308 204 434 232 mm.
472 203 505 230 1.
545 202 642 230 οη.
685 201 717 229 1.
756 200 809 228 ΒΕ
843 198 1019 229 cniusri
1055 198 1173 228 acci„
1210 179 1430 227 ius'ri'rur.
1469 196 1521 225 ar
1556 195 1679 225 ome.
1805 177 1837 223 9

159 327 534 382 argumentorum
555 331 721 378 genere
735 312 1102 360 luculentissime
1124 312 1312 365 factum,
1328 309 1453 376 quod
1465 307 1830 357 enunciavimus.

161 394 293 453 Quod
327 410 435 441 vero
467 399 646 457 spectat
671 390 729 437 ad
751 395 874 452 jus,
909 388 969 435 ad
995 398 1215 435 aeternam
1244 386 1414 434 scilicet
1453 385 1648 433 salutem
1673 384 1837 431 mediis

160 469 335 517 idoneis
357 467 488 514 nobis
503 465 866 531 comparandam
883 501 895 524 7
918 474 1143 530 tanquam
1172 465 1313 510 finem
1333 500 1346 523 7
1367 479 1506 526 quem
1525 461 1732 509 Christus
1752 460 1840 508 sibi

160 545 398 610 proposuit
424 544 473 589 in
499 542 786 588 instituenda
812 540 1005 587 Ecclesia
1037 557 1116 585 sua
1134 574 1146 597 7
1177 546 1318 603 prout
1341 537 1544 584 secundo
1563 537 1664 584 loco
1687 545 1840 584 osten-

158 619 364 667 dendum
398 618 728 681 assumpsimus
747 653 759 676 7
799 633 892 661 non
921 614 1078 660 minus
1109 622 1268 676 aperte
1293 611 1565 659 adstruitur.
1594 614 1655 659 Ac
1677 616 1841 675 primo

159 713 216 743 ex
233 697 332 760 ipsa
350 695 510 743 divina
529 692 698 739 Christi
716 690 930 738 missione
948 725 959 748 7
984 705 1124 753 quam
1142 689 1184 734 ei
1197 687 1377 750 jamdiu
1398 687 1735 735 vindicavimus
1748 688 1840 753 (l)-

159 771 402 834 Objectum
433 787 570 834 porro
610 768 780 815 divinae
814 764 1044 811 missionis
1079 782 1176 811 non
1211 763 1338 810 aliud
1366 780 1463 810 esse
1502 773 1658 828 potest
1700 782 1841 829 quam

159 845 408 895 revocandi
431 863 482 892 ac
503 841 812 905 conjungendi
842 840 1054 888 homines
1084 858 1190 887 cum
1211 842 1308 887 Deo
1328 839 1494 887 ultimo
1526 841 1621 886 fine
1648 849 1809 888 nostro
1827 877 1841 901 7

159 924 330 971 sivein
356 932 563 985 tempore
595 918 692 965 sive
730 918 780 964 in
811 918 1095 976 aeternitate3
1127 925 1180 963 ut
1213 917 1383 964 scilicet
1409 916 1622 963 homines
1649 916 1847 964 redeant

162 997 365 1044 advillud
390 995 673 1060 principium
694 1008 711 1052 7‘
731 1012 754 1040 a
776 1011 869 1058 quo
891 994 1117 1057 originem
1146 1010 1231 1058 per
1263 993 1545 1040 creationem
1568 992 1763 1040 habent.
1789 995 1846 1039 In

162 1073 248 1119 hoc
267 1074 421 1118 autem
444 1071 651 1117 consistit
675 1078 848 1117 aeterna
870 1070 1116 1116 hominum
1144 1068 1281 1116 salus.
1315 1070 1531 1116 Secundo
1569 1068 1658 1116 hoc
1689 1070 1847 1135 ipsum

159 1146 394 1193 conficitur
423 1163 477 1193 ex
501 1145 785 1210 professione
807 1146 951 1211 ipsius
975 1144 1180 1192 Ecclesiae
1209 1162 1233 1191 a
1258 1145 1441 1192 Christo
1459 1146 1682 1192 institutae
1700 1181 1712 1204 7
1740 1162 1848 1210 quae

158 1240 253 1268 non
272 1222 414 1268 alium
447 1222 535 1268 sibi
563 1222 874 1287 praestitutum
900 1222 1044 1268 finem
1064 1222 1252 1285 agnovit
1287 1230 1458 1286 praeter
1486 1229 1712 1269 aeternam
1741 1222 1845 1269 feli-

158 1299 342 1345 citatem
369 1297 675 1345 obtinendam
699 1334 711 1357 7
741 1315 834 1362 ‘ope
871 1297 1042 1345 divinae
1073 1298 1227 1361 gratiae
1253 1307 1300 1345 et
1332 1298 1542 1344 omnium
1573 1299 1802 1346 virtutum
1829 1335 1843 1358 7

159 1373 391 1421 charitatis
406 1411 417 1430 7
443 1374 673 1439 praecipue
692 1374 742 1420 in
763 1375 913 1421 Deum
931 1383 978 1420 et
992 1374 1256 1438 proximum
1273 1409 1286 1433 7
1310 1375 1544 1421 exercitio.
1570 1376 1671 1421 Huc
1691 1374 1845 1422 media

160 1450 316 1497 omnia
354 1450 603 1498 collineant
628 1468 679 1497 ac
715 1459 1010 1497 revocantur.
1061 1450 1219 1496 Tertio
1248 1449 1438 1496 demum
1485 1450 1641 1514 palam
1670 1460 1739 1498 est
1769 1468 1844 1498 re-

159 1526 317 1590 petitis
350 1526 498 1572 effatis
536 1526 710 1572 Christi
742 1525 993 1572 conditoris
1023 1525 1257 1584 Ecclesiae7
1293 1526 1462 1579 relatis¹
1482 1543 1506 1572 a
1544 1526 1847 1591 scriptoribus

161 1602 321 1649 coaevis
345 1637 357 1660 7
390 1600 557 1666 quibus
589 1609 871 1666 protestatus
901 1610 972 1647 est
988 1637 1000 1658 7
1027 1618 1075 1648 se
1095 1602 1144 1647 in
1158 1601 1283 1648 hunc
1308 1601 1541 1649 mundum
1561 1602 1846 1662 venisse7‘ut

160 1675 293 1722 daret
306 1676 448 1722 vitam
464 1712 477 1736 ,
501 1693 694 1741 eamque
715 1676 1036 1724 abundantem
1054 1712 1067 1735 7
1092 1676 1256 1724 ovibus
1279 1679 1371 1724 suis
1388 1677 1458 1741 (2)
1476 1715 1489 1738 7
1513 1680 1606 1725 suis
1629 1678 1846 1728 videlicet

163 1751 445 1811 cultoribus3
482 1770 582 1819 quae
623 1754 811 1818 quidem
836 1755 930 1801 vita
967 1754 1161 1818 gratiam
1193 1754 1515 1819 complectitur
1547 1756 1595 1801 in
1627 1757 1845 1821 praesenti

165 1845 246 1876 ceu
265 1846 451 1893 germen
471 1867 482 1888 7
512 1848 649 1894 opera
666 1840 823 1877 sancta
837 1839 1061 1895 tanquam
1081 1831 1281 1878 fructum
1294 1866 1311 1888 ,
1335 1840 1553 1880 aeternam
1573 1849 1682 1880 vero
1702 1832 1845 1880 beati-

160 1912 305 1952 tatem
327 1907 457 1970 quasi
485 1906 691 1969 ejusdem
720 1906 1035 1955 evolutionem
1064 1924 1116 1954 ac
1143 1908 1399 1955 terminum
1419 1945 1431 1968 7
1458 1925 1690 1974 quamque
1708 1908 1845 1957 abso-

161 1979 259 2027 lute
283 1982 521 2029 interdum
551 1993 684 2030 vocat
714 1987 860 2030 vitam
890 1992 1121 2030 oeternam
1159 1983 1244 2049 (3).
1277 1985 1438 2031 Omnis
1473 1988 1568 2047 ejus
1602 1985 1810 2033 doctrina
1828 2023 1844 2046 7

160 2066 420 2121 praecepta,
458 2059 673 2118 consilia7
713 2060 1007 2106 Sacramenta
1026 2096 1039 2119 7
1071 2069 1158 2107 etc.
1193 2060 1340 2108 veluti
1374 2060 1569 2108 totidem
1605 2062 1757 2110 media
1788 2079 1842 2111 eo

160 2132 363 2181 tendunt
380 2171 392 2194 7
420 2142 558 2200 atque
585 2136 633 2181 in
653 2135 702 2182 id
730 2153 877 2182 unum
897 2136 1177 2201 conspirant.

225 2209 308 2256 20.
347 2211 462 2257 Cum
485 2200 730 2277 propterea
749 2212 1036 2276 apertissime
1052 2229 1105 2260 ex
1125 2213 1258 2261 dictis
1290 2213 1464 2261 factum
1486 2230 1591 2261 cum
1603 2217 1707 2276 jure
1730 2229 1843 2260 con-

158 2286 373 2344 junctum
409 2288 714 2334 constitutum
748 2288 808 2335 sit
829 2323 842 2347 7
876 2297 1035 2353 patet,
1063 2289 1187 2354 quod
1221 2286 1574 2354 proposuimus7
1607 2288 1842 2336 Christum
1880 2305 1885 2310 ·

165 2374 335 2425 nempe
360 2363 607 2410 Ecclesiam
630 2364 879 2423 instituisse
904 2373 1043 2429 atque
1068 2365 1312 2424 fundasse,
1344 2374 1396 2411 ut
1416 2366 1464 2411 in
1489 2381 1545 2412 ea,
1562 2373 1607 2412 et
1625 2381 1710 2430 per
1737 2381 1843 2412 eam

165 2434 235 2480 sui
264 2435 457 2486 cultores
488 2439 653 2487 mediis
684 2439 863 2488 idoneis
888 2449 1043 2488 essent
1069 2441 1282 2488 instructi
1305 2440 1366 2488 ad
1389 2449 1612 2489 aeternam
1640 2440 1836 2489 salutem

166 2508 251 2556 sibi
277 2514 650 2576 comparandam.

801 2637 1187 2672 DIFFICULTATES.

205 2730 307 2791 '21.
347 2743 572 2806 ObJ'ectio.
609 2747 658 2793 1ο
681 2746 992 2797 Vehementer
1017 2759 1164 2809 errat,
1194 2751 1351 2814 quiex
1392 2750 1614 2799 hodierna
1649 2750 1841 2799 Ecclesia

217 2918 274 2971 (l)
300 2920 417 2961 Tract.
442 2920 505 2961 De
533 2936 621 2962 vora
652 2924 775 2976 Relziq.
801 2934 897 2978 part.
930 2940 971 2977 ι,
1092 2925 1142 2976 (2)
1171 2926 1281 2966 Joan.
1306 2942 1328 2965 x
1346 2956 1358 2975 7
1395 2939 1454 2966 ιο.

163 2996 241 3035 cap.
266 2983 308 3034 4.
1095 2991 1147 3042 (3)
1176 2993 1194 3031 1
1223 2992 1333 3033 Joan.
1360 3006 1410 3042 v,
1441 3006 1500 3032 ιι.
