2028 3354
444 196 571 225 PAR'r.
611 196 644 225 1.
683 195 780 225 GAP.
816 195 885 227 111.
922 196 976 226 DE
1011 195 1229 228 EGGLESIAE
1261 195 1403 229 noris.

1675 182 1771 230 209

90 306 326 356 erroribus
348 307 565 373 componi
585 315 725 372 queat
744 306 828 371 (l).
852 306 1058 372 Triginta
1080 308 1169 374 ipsi
1191 326 1364 359 novem
1384 309 1589 369 articuli,
1612 310 1689 375 qui
1712 311 1773 359 ad

91 383 335 433 arbitrium
349 384 530 451 conficti
548 391 676 437 sunt„
698 393 749 430 ut
762 401 976 431 normam
995 385 1332 448 constituerent
1347 384 1455 433 fidei
1472 384 1676 434 Ecclesiae
1692 403 1775 434 an·

86 459 277 523 glicanae
294 496 306 519 ,
327 459 635 508 diversimode
647 459 973 522 intelliguntur
985 496 998 519 ,
1025 461 1085 507 sic
1101 469 1153 506 ut
1170 461 1287 507 mira
1306 461 1365 507 sit
1384 461 1508 508 inter
1525 462 1772 527 Episcopos

85 544 133 584 et
161 535 367 583 doctores
388 535 673 599 anglicanos,
693 537 831 583 etiarn
852 536 1003 601 quoad
1024 535 1332 582 substantiam
1349 536 1535 583 illorum
1552 575 1565 597 7
1595 537 1776 588 diversa

84 612 424 677 interpretandi
443 613 558 658 ratio
591 613 689 676 (⁴2.)7
716 628 868 676 neque
899 610 993 657 ulla
1023 610 1148 674 apud
1180 610 1304 673 ipsos
1337 610 1671 660 conciliationis
1698 614 1773 662 via

85 686 265 735 defectu
281 688 566 735 auctoritatis
581 688 761 735 existat.
777 690 927 744 Quare
941 686 990 731 in
1005 694 1232 750 perpetua
1250 685 1554 734 fluctuatione
1577 704 1771 736 versan-

83 773 176 824 tur,
200 773 250 811 ut
265 773 394 830 patet
410 782 465 812 ex
478 764 669 810 historia
683 762 970 810 diversarum
987 760 1209 825 phaseon,
1232 778 1345 825 quas
1363 760 1611 810 subierunt
1629 773 1770 828 atque

83 839 199 887 adeo
219 839 429 887 subeunt
446 838 695 903 anglicanae
721 835 929 885 Ecclesiae
950 836 1039 900 (3).
1066 836 1407 884 Concludamus
1428 838 1569 902 igitur
1591 846 1639 886 et
1661 856 1746 886 nos
1763 876 1776 898 ‚

83 915 305 963 Ecclesias
333 916 494 974 hasce,
518 931 615 961 non
639 912 855 960 obstante
885 929 1057 976 magno
1086 912 1165 959 illo
1196 912 1449 962 verborum
1477 924 1705 979 apparatu
1725 925 1774 963 et

83 990 313 1038 lenocinio
328 1027 341 1051 .,
364 1008 455 1055 quo
474 989 723 1038 adversarii
748 989 898 1035 nostri
916 986 1132 1036 tenebras
1154 989 1339 1037 veritati
1359 1007 1411 1037 ac
1427 990 1518 1037 luci
1531 990 1773 1040 offundere

83 1075 329 1128 conantur,
351 1082 506 1132 neque
526 1081 737 1130 unquam
758 1063 989 1127 habuisse,
1011 1082 1098 1113 nec
1120 1064 1293 1115 habere
1309 1101 1321 1125 ‚
1344 1074 1424 1113 aut
1443 1065 1617 1115 habere
1634 1084 1772 1132 posse

81 1274 282 1312 humanam
299 1286 375 1313 esse
387 1302 401 1323 ,
428 1287 493 1312 seu
510 1287 604 1326 opus
625 1274 822 1312 hominum
846 1272 893 1312 il-

80 1340 152 1378 lam
175 1340 505 1387 modificationem,
521 1354 634 1393 quam
656 1340 769 1379 subiit
786 1342 825 1378 in
847 1339 894 1378 il-

78 1406 125 1444 lis
151 1406 362 1458 regionibus
389 1407 589 1444 christiana
609 1406 763 1458 religio,
792 1419 895 1444 secus

82 1484 123 1510 ac
156 1474 300 1510 eveniat
338 1473 378 1509 in
420 1471 659 1523 regiminibus
690 1472 893 1510 catholicis.

83 1536 191 1574 Ratio
226 1537 339 1587 hujus
365 1537 587 1574 discriminis
621 1544 697 1585 est,
730 1536 820 1589 quia
840 1550 897 1574 re-

84 1602 171 1652 ligio
205 1600 390 1640 catholica
429 1616 450 1639 a
482 1600 561 1640 Deo
596 1610 651 1640 est
679 1606 717 1640 et
754 1601 897 1640 homini

85 1668 314 1719 imponitur3
352 1666 551 1705 acatholica
589 1681 672 1706 vero
710 1675 763 1705 est
805 1680 897 1719 opus

84 1732 247 1771 hominis
260 1760 274 1781 ,
295 1740 330 1771 et
351 1732 459 1769 homo
483 1732 572 1770 colit
597 1731 741 1770 idolum
764 1745 895 1771 eninm.

143 1797 197 1849 (Ι)
228 1798 272 1835 Id
299 1798 415 1851 liquet
437 1809 480 1836 ex
508 1798 675 1849 pluribus
700 1797 864 1836 articulis
883 1826 894 1845 ‚

87 1864 153 1917 qui
179 1863 308 1902 saltem
334 1878 353 1901 a
377 1862 564 1915 plerisque
588 1864 787 1916 anglicanis
814 1877 898 1915 pro-

86 1929 311 1970 testantibus
337 1932 555 1983 rejiciuntur
574 1960 585 1979 ,
620 1938 656 1969 et
680 1931 726 1969 de
762 1930 898 1983 quibus

88 1997 286 2035 certissime
323 2003 465 2035 constat
498 2010 541 2035 ex
579 1996 802 2046 traditione3
833 2011 898 2035 cu-

86 2062 250 2115 jusmodi
270 2076 329 2101 ex.
349 2075 403 2113 gr.
424 2071 476 2101 est
491 2063 667 2114 primatus
677 2064 760 2115 jure
773 2063 898 2101 divino

89 2126 196 2165 Rom.
210 2126 421 2176 pontificis,
441 2136 482 2166 ut
499 2128 606 2181 paulo
627 2135 708 2181 post
732 2128 899 2166 ostende-

91 2206 201 2241 mus,
234 2193 464 2233 Sacrificium
499 2194 603 2250 quod
639 2197 680 2232 in
709 2196 816 2232 missa
846 2194 902 2232 of-

93 2257 234 2306 fertur,
270 2262 456 2299 invocatio
492 2258 738 2306 Sanctorum,
768 2258 901 2297 suffra-

93 2324 197 2376 gium
220 2337 286 2374 pro
310 2324 519 2374 defunctis,
546 2333 618 2364 etc.
648 2331 690 2363 ut
720 2337 787 2363 suo
821 2324 901 2373 loco

92 2389 282 2427 evicimus.

150 2454 204 2505 (2)
234 2453 406 2505 Apposite
441 2448 575 2509 Pzssey,
601 2457 641 2494 in
672 2469 735 2508 op.
770 2453 902 2493 Philo-

54 2513 59 2519 ’
94 2518 213 2571 sophy
229 2548 240 2566 ‚
264 2519 333 2558 lib.
367 2532 438 2566 ιιι,
463 2529 558 2572 part.
590 2535 604 2559 ι
621 2550 631 2568 ,
658 2535 740 2572 cap.
762 2531 812 2569 2,
838 2522 902 2573 qui

96 2593 219 2624 tamen
256 2587 390 2636 etipse
421 2584 492 2623 fuit
519 2593 721 2637 protestans
744 2586 904 2638 anglica-

98 2663 181 2699 nus,
197 2651 241 2689 de
257 2652 406 2703 triginta
426 2664 559 2689 novem
582 2650 742 2689 articulis
757 2653 904 2690 sancitis

99 2729 120 2754 a
140 2715 389 2754 Parlamento
405 2745 416 2763 ‚
444 2716 571 2754 scribit
598 2729 609 2754 ε
644 2715 727 2768 Qui
751 2724 905 2755 eonten-

102 2779 199 2818 dune
211 2810 222 2829 .,
237 2780 343 2819 nihil
350 2780 463 2819 aliud
473 2780 806 2834 possejustzficore
821 2780 907 2820 sab-

102 2845 348 2897 scriptionem
359 2860 468 2886 xxxix
480 2845 730 2885 articulorum
746 2876 757 2895 ‚
769 2853 909 2899 proeter

106 2908 290 2948 actualem
297 2911 411 2961 fidem
422 2913 723 2966 uniuscujusque
736 2911 903 2963 illorum,

104 2987 150 3012 ao
169 2974 411 3026 einqulorum
423 2979 747 3032 propositionum,
762 2991 846 3031 quoe
863 2978 907 3017 in

169 3040 221 3087 T.
262 3041 378 3090 VIII.
724 3060 753 3070 r

961 1272 1041 1312 illis
1061 1274 1332 1324 continentur,
1366 1287 1580 1327 supponere
1609 1274 1746 1315 debent
1762 1305 1778 1327 ,

959 1342 1224 1379 auctoritatem
1237 1339 1492 1392 leyislalioam
1508 1342 1591 1381 sibi
1610 1342 1774 1381 adblan-

962 1405 1082 1444 ditam
1104 1406 1229 1457 fuisse
1254 1406 1301 1444 de
1318 1420 1504 1445 consensu
1524 1408 1649 1446 decem
1668 1407 1772 1446 mille

960 1473 1152 1519 virorum,
1175 1471 1289 1522 idque
1318 1474 1362 1509 in
1388 1475 1625 1512 successione
1641 1487 1775 1526 perpe-

961 1542 1028 1574 tua
1058 1566 1069 1586 ‚
1102 1549 1149 1573 ne
1198 1537 1328 1574 dicam
1368 1539 1472 1576 circa
1507 1536 1567 1575 vel
1612 1539 1774 1576 unicam

954 1602 1282 1654 propositionem,
1322 1602 1387 1640 sed
1416 1604 1520 1640 circa
1544 1601 1679 1655 plures
1713 1616 1775 1641 ea-

962 1667 1135 1704 rumdem
1165 1673 1357 1705 centenas.
1391 1666 1568 1719 Difficile
1590 1682 1707 1720 porro
1726 1676 1780 1707 eet

962 1731 1041 1769 sihi
1051 1731 1286 1783 persuadere
1302 1761 1312 1778 ‚
1328 1732 1512 1783 quomodo
1529 1732 1572 1771 id
1585 1736 1781 1785 expectari

961 1811 985 1835 a
1007 1810 1196 1849 quoquam
1220 1799 1414 1850 potuerit,
1438 1800 1509 1849 qui
1533 1799 1585 1836 ad
1615 1800 1781 1839 insana-

962 1862 1073 1901 bilem
1103 1863 1360 1901 diversitatem
1407 1861 1668 1902 humanarum
1693 1866 1777 1918 opi-

962 1930 1126 1966 nion-um
1158 1930 1202 1966 in
1224 1930 1276 1966 iis
1307 1929 1487 1967 omnibus
1517 1929 1657 1979 rebus,
1694 1943 1780 1982 quoe

963 1995 1169 2046 incapaces
1192 2001 1282 2032 sunt
1305 1994 1663 2043 demonstrationis,
1694 1996 1782 2034 ani-

963 2073 1070 2098 mum
1091 2060 1328 2098 intendisset.
1357 2060 1404 2098 Et
1421 2075 1507 2099 sane
1530 2074 1664 2111 magna
1685 2059 1783 2112 viget

965 2128 1064 2165 inter
1088 2126 1309 2178 Anglicanos
1334 2129 1598 2165 sententiarum
1630 2127 1784 2165 diversi-

967 2199 1023 2230 tas
1037 2221 1048 2239 ‚
1073 2193 1234 2230 etiamin
1255 2183 1562 2231 substantialibus
1585 2194 1681 2230 circa
1693 2205 1782 2243 ger-

967 2271 1115 2296 manam
1180 2256 1464 2309 intelligentiam
1536 2258 1781 2310 plurimorum

965 2322 1098 2361 horum
1117 2324 1264 2375 triginta
1278 2336 1414 2361 novem
1427 2324 1681 2363 articulorum.

1021 2387 1073 2438 (3)
1101 2388 1267 2427 Profecto
1287 2388 1457 2427 Ecclesiae
1470 2389 1687 2428 britannicae
1699 2387 1781 2428 fue-

967 2460 1055 2491 runt
1066 2454 1256 2493 catholicae
1276 2456 1406 2506 primis
1430 2456 1537 2493 annis
1550 2456 1653 2506 regni
1671 2452 1778 2494 Hen-

968 2519 1034 2557 rici
1056 2532 1143 2570 vm3
1168 2520 1303 2559 deinde
1328 2521 1478 2558 fuerunt
1499 2522 1633 2572 partim
1649 2519 1776 2559 catho-

968 2583 1053 2621 licae
1071 2587 1200 2636 partim
1223 2584 1438 2637 anqlicanae
1459 2585 1527 2623 suh
1547 2585 1661 2624 finem
1674 2585 1774 2624 illius

968 2651 1072 2700 regni
1097 2662 1108 2698 ;
1140 2650 1288 2689 fuerunt
1323 2650 1429 2702 plene
1468 2650 1667 2702 anglicanae
1702 2649 1773 2688 snb

970 2714 1142 2754 Eduardo
1156 2729 1193 2755 vt
1205 2744 1220 2765 ,
1233 2730 1276 2755 ac
1288 2730 1434 2754 rursum
1446 2716 1516 2755 sub
1528 2715 1740 2755 Elisabetha
1759 2727 1772 2765 ;

970 2780 1251 2832 presbyterianae
1273 2782 1343 2820 sub
1367 2781 1575 2829 Cromwel,
1601 2789 1673 2821 etc.
1695 2780 1773 2819 Cfr.

973 2860 1053 2899 quae
1085 2847 1312 2899 scripsimus,
1334 2854 1437 2886 tract.
1460 2845 1519 2885 De
1549 2859 1638 2885 vero
1661 2845 1772 2895 reliq.

974 2919 1069 2965 part.
1095 2924 1147 2962 ιι,
1178 2926 1219 2954 ιι.
1251 2914 1356 2966 304,
1382 2920 1462 2954 not.
1493 2913 1569 2964 (1),
1608 2926 1645 2964 p.
1677 2909 1773 2950 352.

1531 3039 1589 3087 14
