2028 3354
519 213 641 246 PAnr.
677 216 710 245 1.
746 214 842 248 cn.
883 216 951 248 111.
989 214 1045 248 DE
1081 212 1296 249 nccznsm
1330 217 1474 249 noris.
1720 202 1816 251 213

136 329 371 390 Pontifici,
399 328 568 394 quique
594 328 791 394 proinde
823 330 963 378 etiam
985 331 1035 378 in
1058 331 1254 380 Ecclesia
1277 348 1468 379 romana
1490 348 1570 380 seu
1590 331 1813 381 catholica

135 404 350 452 coluntur
376 405 463 468 (l).
488 406 688 452 Demum
709 405 947 469 anglicana
967 406 1162 454 Ecclesia
1182 406 1401 470 gloriatur
1423 406 1482 455 de
1506 408 1682 455 Sanctis
1699 444 1712 468 ‚
1740 409 1820 475 qui

134 480 245 528 olim
274 482 321 527 in
342 480 547 527 Ecclesiis
571 479 841 528 britannicis
865 475 1063 529 floruere
1080 482 1167 545 (2).
1188 483 1358 529 Verum
1383 483 1483 547 quis
1512 500 1608 530 non
1633 484 1789 532 videat
1804 522 1817 545 ,

134 557 252 604 nihil
278 556 452 604 habere
478 574 725 604 commune
748 557 833 603 hos
862 559 1052 604 Sanctos
1073 572 1177 603 cum
1206 557 1427 620 praesenti
1446 557 1639 607 istarum
1662 560 1822 609 Eccle-

132 634 304 681 siarum
328 635 553 698 apostasia
572 670 584 694 a
613 652 637 681 a
660 651 756 698 qua
787 633 940 680 Sancti
962 632 1029 679 illi
1056 632 1258 679 maxime
1284 631 1665 684 abhorruerunt?
1696 625 1823 684 Ali'o-

130 709 244 775 quin
282 710 422 757 etiam
460 710 721 758 Nestoriani
756 717 802 757 et
836 708 1088 755 Donatistae
1121 708 1179 756 de
1216 709 1309 755 suis
1342 710 1604 774 potuissent
1639 713 1819 760 Sanctis

129 785 328 850 gloriari.

193 862 306 909 323.
344 862 413 909 Ad
443 861 539 922 4¹1¹,
572 862 690 925 Neq.
721 860 951 922 Quaelibet
974 861 1103 909 enim
1131 871 1255 909 secta
1280 879 1491 910 seorsum
1517 872 1704 929 sumpta
1734 881 1823 911 an-

129 939 271 1001 gustis
300 936 522 985 limitibus
552 937 892 1001 circumscripta
923 947 1010 985 est.
1041 938 1086 985 Si
1122 938 1321 1003 excipias
1353 947 1540 1003 partem
1560 940 1822 989 Germaniae

128 1016 375 1078 Statusque
396 1013 642 1060 foederatos
662 1013 883 1061 Americae
901 1051 912 1073 ,
945 1014 1021 1062 vix
1041 1014 1251 1064 invenies
1264 1014 1568 1062 Lutheranos.
1595 1015 1726 1063 Idem
1750 1015 1824 1064 dic

128 1091 187 1138 de
201 1089 494 1152 Zwinglianis
511 1098 640 1136 extra
654 1089 875 1140 Helvetiae
889 1099 1061 1138 tractus
1076 1127 1087 1150 .,
1105 1091 1163 1138 de
1185 1091 1464 1154 Hugonottis
1481 1100 1610 1139 extra
1630 1091 1819 1139 Gallias.

127 1164 397 1228 Anglicanos
418 1173 465 1211 et
493 1166 662 1211 Russos
681 1165 995 1212 schismaticos
1025 1175 1155 1213 extra
1176 1166 1355 1231 proprii
1375 1166 1562 1230 Imperii
1588 1167 1704 1214 fines
1731 1167 1826 1214 fru-

124 1249 218 1289 stra
239 1230 485 1306 quaesieriS.
511 1241 649 1299 Quod
670 1258 779 1290 vero
802 1241 1039 1307 speciatim
1059 1242 1227 1288 attinet
1246 1241 1306 1289 ad
1328 1240 1602 1305 Anglicanos
1619 1279 1631 1302 a
1648 1241 1819 1290 idcirco

123 1318 208 1383 ipsi
239 1318 288 1364 in
316 1319 564 1383 provinciis
595 1317 830 1366 foederatis
856 1319 1073 1366 Americae
1099 1319 1416 1385 reperiuntur.
1443 1318 1570 1384 quod
1590 1319 1662 1366 his
1688 1319 1824 1383 Angli

124 1393 354 1442 dominati
374 1395 572 1453 fuerint,
597 1411 751 1459 neque
775 1404 1026 1459 supersunt
1048 1395 1138 1442 nisi
1156 1394 1386 1460 reliquiae,
1401 1411 1502 1460 quae
1516 1396 1565 1443 in
1586 1394 1682 1442 dies
1701 1395 1823 1443 dila-

122 1469 300 1517 buntur
328 1479 469 1535 atque
484 1470 721 1517 deficiunt.
744 1470 1019 1517 Missionarii
1039 1470 1206 1518 harum
1233 1478 1462 1518 sectarum
1492 1479 1602 1517 sunt
1623 1472 1823 1519 viatores

124 1553 172 1593 et
204 1554 485 1594 mercatores
503 1581 516 1606 ‚
546 1545 627 1609 qui
646 1545 697 1592 in
722 1545 997 1611 longinquas
1024 1547 1232 1609 regiones
1256 1563 1365 1594 cum
1382 1562 1526 1593 uxore
1547 1545 1748 1611 filiisque
1775 1563 1825 1593 se

124 1621 392 1679 conferunt,
427 1629 480 1667 ut
510 1621 810 1684 negotientur
838 1638 889 1669 ac
917 1622 1096 1669 interea
1129 1620 1415 1668 distribuant
1444 1620 1587 1668 biblia
1607 1657 1619 1680 ‚
1659 1630 1712 1668 ut
1743 1639 1818 1669 co·

129 1696 269 1762 piosis
287 1696 503 1744 fruantur
527 1696 831 1762 proventibus
847 1732 860 1755 ,
882 1714 996 1763 quos
1018 1697 1282 1763 percipiunt
1312 1715 1335 1744 a
1360 1697 1604 1756 societate3
1627 1698 1676 1745 id
1696 1698 1824 1763 quod

129 1789 211 1819 suo
244 1772 345 1819 loco
374 1773 485 1818 satis
515 1772 802 1820 ostendimus
826 1773 912 1837 (3).

196 1848 309 1896 324.
346 1848 415 1895 Ad
440 1848 535 1909 5¹1¹,
570 1849 689 1913 Ney.
720 1850 991 1914 Requiritur
1022 1849 1149 1898 enim
1164 1853 1298 1912 juxta
1336 1849 1457 1897 dicta
1488 1849 1547 1897 ad
1581 1848 1824 1897 catholici-

130 1932 277 1972 tatem
307 1924 683 1972 constituendam
715 1925 901 1972 diffusio
929 1935 1031 1973 tum
1059 1926 1313 1975 successiva
1336 1934 1439 1972 tum
1474 1924 1664 1973 actualis
1681 1961 1694 1984 7
1728 1942 1824 1973 una

131 2017 236 2048 cum
256 2000 503 2049 identitate
538 2001 762 2049 doctrinae
792 2011 840 2049 et
874 2002 1230 2050 communionis.
1269 2003 1400 2050 Hanc
1426 2001 1560 2049 nobis
1584 2001 1824 2049 notionem

131 2076 347 2142 praebent
368 2076 528 2124 divina
556 2077 738 2125 oracula
757 2114 769 2138 7
793 2095 896 2143 quae
923 2078 1151 2140 ejusmodi
1175 2078 1470 2126 diffusionem
1486 2077 1658 2142 passim
1679 2094 1827 2124 enun-

133 2152 271 2201 ciant.
311 2155 461 2212 Quare
495 2155 541 2201 S.
567 2154 849 2217 Augustinus
884 2172 894 2200 ε
930 2155 1048 2218 Ipsa
1086 2164 1153 2201 est
1183 2159 1347 2212 enim,
1383 2155 1565 2219 inquit,
1606 2154 1824 2200 Ecclesia

133 2229 393 2289 catholica3
421 2231 549 2277 unde
571 2232 764 2285 καθολικὴ
793 2247 943 2293 9νωοθ
965 2231 1265 2294 appellatur,
1301 2230 1430 2293 quod
1445 2247 1541 2292 per
1569 2236 1716 2275 totum
1739 2245 1825 2275 or·-

130 2304 238 2350 ’hem
275 2313 520 2353 terrarum
561 2307 858 2370 diffunditur
891 2305 979 2370 (4).
1018 2307 1073 2353 Et
1117 2323 1338 2353 rursum:
1381 2304 1551 2353 Totum
1588 2304 1823 2367 possidet,

135 2378 322 2440 scribit,
357 2384 485 2444 quod
509 2401 541 2430 a
573 2386 675 2429 viro
702 2398 787 2429 suo
812 2384 986 2445 accepit
1013 2385 1066 2428 in
1101 2383 1271 2429 dotem.
1303 2382 1421 2445 Leqo
1445 2381 1636 2428 tabulas
1657 2382 1825 2426 matri-

134 2457 363 2503 moniales
394 2461 493 2519 ejus
505 2493 522 2515 ,
557 2459 781 2505 recitabO.
818 2459 997 2505 Audite
1024 2457 1264 2517 haeretici,
1292 2458 1415 2520 quid
1443 2459 1680 2520 scriptum
1712 2459 1777 2503 sit
1810 2472 1822 2502 ε

137 2532 329 2595 Oportet
352 2533 596 2581 Christum
620 2537 735 2597 pati
751 2541 796 2581 et
821 2550 1064 2596 resumere
1090 2552 1121 2581 a
1153 2536 1386 2594 mortuis,
1415 2542 1458 2579 et
1473 2533 1743 2597 praedz'cari
1768 2535 1821 2578 in

192 2732 243 2782 (l)
272 2730 353 2771 Csr.
381 2731 645 2779 Costanzi‚-in
669 2729 865 2772 Schemate
885 2744 952 2785 ap-
1024 2731 1183 2781 bantur,
1222 2733 1360 2785 quique
1399 2737 1565 2783 tempora
1597 2728 1733 2781 Angliae
1760 2740 1824 2766 ca-

133 2796 317 2848 pcndicis
327 2797 530 2851 primae,§
555 2810 594 2846 2,
615 2812 695 2850 pag.
722 2798 758 2837 3.
1018 2795 1158 2836 thelica
1185 2796 1432 2836 illustrarunt.

193 2862 244 2912 (2)
273 2861 371 2902 Sane
393 2871 436 2902 ut
460 2863 605 2902 Palmer
623 2865 767 2903 evincat
781 2891 795 2913 ,
823 2862 949 2902 Eccle-
1071 2861 1124 2913 (3)
1143 2862 1197 2911 ⁸In
1218 2869 1326 2902 tract.
1350 2859 1408 2900 De
1423 2873 1512 2899 vera
1535 2858 1643 2911 reliq.
1659 2863 1755 2911 part.
1769 2867 1813 2901 n·

140 2927 231 2964 siam
247 2928 474 2979 anglicanam
487 2944 562 2969 esse
577 2937 757 2976 sanctam,
779 2937 950 2982 provocat
1016 2940 1119 2979 prop·
1143 2943 1178 2967 x.

139 2990 185 3029 ad
213 2990 461 3047 Sanctus.qui
482 2997 521 3034 in
542 2995 712 3048 catalogis
735 2996 866 3034 nostris
877 2995 947 3035 ha·
1071 2993 1123 3044 (h)
1152 2993 1272 3046 Epist.
1292 3006 1357 3042 ιιι,
1392 3008 1433 3032 n.
1462 3005 1497 3032 1.
