2028 3354
225 175 319 224 318
715 191 870 222 macr.
907 194 962 223 nn
997 195 1117 226 roms
1144 197 1445 228 mnotoaims.

218 324 366 375 super
382 306 504 354 hanc
524 312 751 369 petram;
769 307 834 352 ita
860 307 1062 371 syriaca,
1084 308 1264 357 arabica
1280 347 1293 371 a
1320 311 1495 378 persica
1516 347 1533 371 ,
1557 313 1803 380 aethiopica
1815 316 1885 380 (1)
1902 353 1915 377 .,

223 402 310 434 nec
328 401 423 431 non
447 398 638 430 armena
656 417 669 442 ‚
702 382 877 448 coptica
914 391 962 430 et
991 383 1193 432 ruthena
1222 386 1311 449 (⁵2).

289 460 401 507 473.
442 460 537 506 Nec
570 458 827 524 quidquam
856 459 1060 521 evincit,
1088 459 1215 526 quod
1248 461 1414 526 legitur
1441 465 1568 530 apud
1598 467 1873 533 Apostolum
1907 486 1917 517 :

223 538 371 585 Petra
390 545 551 583 autem
564 546 668 582 erac
684 537 899 584 Christus
914 555 929 590 ,·
954 554 1067 584 nam
1086 555 1144 585 ex
1163 555 1237 598 eo,
1262 539 1392 604 quod
1413 541 1528 590 inibi
1548 543 1758 591 Christus
1768 554 1921 608 μεῖνα.»

222 614 413 661 nomine
435 612 758 677 intelligatur
793 631 890 660 non
916 613 1049 673 fluit,
1079 615 1332 681 ipsummet
1369 615 1456 663 hoc
1498 621 1688 667 nomine
1725 622 1920 686 intelligi

222 690 393 738 Matth.
417 691 639 750 XV1,aut
655 691 705 737 in
720 691 884 756 quovis
909 691 998 738 alio
1025 693 1118 738 Sci
1109 701 1369 756 ipturarum
1391 693 1491 740 loco
1498 695 1810 764 ubicumque
1828 715 1921 748 vox

211 775 366 831 petroe
396 767 619 825 occurrit
649 767 775 832 quod
809 775 931 816 esset
967 768 1237 815 absurdum.

287 842 400 891 474.
442 842 724 907 Augustinus
743 845 904 909 utique
920 844 1088 910 aliique
1102 846 1316 893 recensiti
1331 847 1488 894 Patres
1500 827 1783 913 perpetrant
1797 850 1924 916 apud

220 919 494 968 Mattliaeum
536 918 872 967 intellexerunt
895 920 1162 977 Christum,
1194 939 1291 968 non
1320 922 1379 969 ad
1413 923 1756 972 excludendum
1775 926 1925 973 colla-

222 1007 325 1045 tum
375 998 513 1044 Petro
543 996 831 1060 primatum,
870 998 953 1046 sed
984 997 1043 1045 ad
1087 959 1386 1046 indicandam
1427 1002 1653 1064 originem
1691 1002 1925 1049 firmitatis

222 1090 366 1139 quam
405 1081 679 1121 consecutus
729 1083 801 1121 est
843 1075 1026 1122 Petrus.
1065 1075 1244 1123 Deinde
1286 1092 1398 1125 vero
1450 1078 1556 1141 quia
1594 1079 1640 1126 S.
1672 1080 1845 1127 Doctor
1875 1079 1925 1126 in

222 1152 484 1199 mutatione
492 1160 642 1215 petrae
657 1160 704 1199 et
719 1152 873 1210 Petri,
888 1169 944 1199 ex
957 1152 1248 1217 ignoratione
1267 1151 1435 1215 linguae
1452 1155 1652 1218 syriacae,
1667 1156 1925 1220 suspicatus

222 1237 294 1275 est
313 1227 502 1292 aliquod
523 1227 667 1274 latere
684 1228 985 1293 mysterium3
1012 1238 1114 1276 tum
1135 1229 1277 1277 etiam
1293 1266 1305 1289 ,
1328 1230 1433 1295 quia
1449 1247 1555 1277 cum
1575 1231 1672 1296 ipse
1693 1242 1925 1297 pugnaret

223 1303 446 1352 adversus
481 1304 745 1351 Donatistas
768 1341 781 1359 ,
832 1307 912 1369 qui
955 1306 1362 1353 Sacramentorum
1399 1306 1494 1355 vim
1522 1324 1579 1354 ex
1603 1307 1925 1355 ministrorum

225 1381 470 1428 sanctitate
481 1379 777 1437 derivabant,
800 1382 976 1429 veritus
995 1391 1085 1439 est,
1106 1400 1182 1438 ne,
1204 1383 1301 1429 siin
1316 1386 1455 1429 Petro
1461 1384 1676 1445 fundata
1693 1383 1926 1432 diceretur

225 1457 423 1505 Ecclesia
448 1494 460 1517 .,
493 1457 760 1522 praesidium
800 1457 851 1504 in
890 1475 945 1505 eo
991 1459 1061 1505 sui
1109 1459 1277 1506 erroris
1314 1460 1613 1518 invenirent,
1653 1460 1820 1507 maluit
1865 1460 1926 1509 ad

218 1533 521 1598 eripiendum
556 1534 646 1582 illis
684 1534 1012 1601 quodcumque
1056 1536 1301 1599 effugium,
1346 1535 1641 1584 fundamenti
1674 1552 1755 1584 seu
1780 1545 1927 1602 petrae

223 1607 457 1658 rationem
476 1610 535 1658 ad
551 1611 791 1659 Christum
804 1629 1036 1660 revocare.
1059 1614 1162 1660 Non
1175 1613 1239 1660 ita
1259 1622 1420 1661 tamen
1432 1612 1540 1660 huic
1554 1613 1934 1679 interpretationi

224 1687 360 1737 haesit
383 1688 665 1752 Augustinus
693 1726 704 1748 7
729 1698 783 1736 ut
804 1688 1056 1738 litteralem
1093 1698 1141 1737 et
1169 1690 1359 1738 obviam
1378 1690 1670 1749 excluderem
1701 1690 1933 1756 siquidem

225 1766 385 1814 Enar.
427 1769 482 1812 in
504 1766 587 1812 Ps.
625 1765 789 1812 LXIX
803 1801 815 1822 7
850 1766 913 1813 ita
942 1766 1100 1813 scribit
1126 1784 1136 1813 :
1185 1768 1378 1825 Petrus,
1416 1770 1505 1832 qui
1524 1772 1673 1832 paulo
1696 1777 1806 1814 ante
1823 1785 1931 1815 eum

226 1846 464 1905 confessus
488 1851 595 1889 erat
608 1843 799 1889 Filium
824 1843 920 1889 Dei
936 1878 955 1900 ,
978 1851 1023 1890 et
1044 1846 1099 1890 in
1119 1845 1204 1890 illa
1234 1847 1518 1908 confessione
1541 1846 1810 1908 appellatus
1828 1852 1933 1892 erat

208 1919 210 1921 ’
219 1927 363 1983 petra
380 1952 399 1975 ,
434 1936 587 1982 supra
611 1935 761 1981 quam
771 1920 1105 1981 fabricaretur
1132 1921 1350 1968 Ecclesia
1381 1919 1479 1984 (3);
1528 1919 1709 1968 etialibi
1735 1921 1926 1987 passim.

227 1996 447 2045 Ceterum
474 1996 521 2042 S.
548 1996 721 2043 Doctor
738 1995 996 2061 primatum
1017 1996 1143 2043 Petri
1165 2005 1435 2046 constanter
1462 1998 1650 2061 agnovit
1672 2032 1685 2057 ,
1705 1998 1802 2047 sive
1818 2014 1929 2045 cum

226 2207 295 2245 Ιιοσ
306 2199 645 2255 est,Pontificibu8
660 2203 768 2241 Rom.
786 2203 1050 2241 auctoritatem
1173 2203 1225 2254 (2)
1254 2203 1332 2243 Cfr.
1369 2203 1479 2242 eard.
1514 2202 1575 2241 Du
1609 2202 1768 2250 Peri-on,
1801 2217 1864 2256 op.
1893 2214 1928 2243 et

226 2280 263 2312 et
287 2271 590 2325 praeroqativam
618 2269 856 2320 sinqularem
881 2282 926 2308 ac
947 2269 1050 2308 divi·
1115 2269 1187 2307 loc.
1213 2270 1276 2308 cit.
1305 2283 1389 2321 pag.
1418 2267 1513 2323 469.
1545 2267 1670 2308 Placet
1698 2269 1777 2307 haec
1802 2272 1927 2309 omnia

227 2337 514 2377 nam.Estenim
529 2335 1049 2388 protestansralionalista,qui
1113 2336 1332 2373 confirmare
1369 2335 1598 2374 confessione
1635 2337 1748 2387 ipsius
1783 2335 1886 2374 Bezae
1914 2366 1925 2385 ,

228 2403 576 2451 itascribit).Eadem
586 2402 1046 2442 ferebabetRosenmiiller.
1112 2402 1177 2452 qui
1202 2409 1339 2440 textum
1363 2400 1403 2440 S.
1431 2400 1598 2440 Matthaei
1624 2403 1672 2439 ita
1693 2410 1922 2440 commenta-

283 2468 339 2518 (1)
373 2467 453 2506 Cfr.
482 2467 635 2506 &Valton
654 2496 665 2512 ‚
692 2463 903 2518 Polyqlotta
919 2496 929 2514 ‚
953 2475 1044 2507 tom.
1111 2471 1170 2505 tus
1194 2475 1247 2506 est
1271 2478 1283 2506 ε
1317 2465 1517 2505 Dominus
1552 2469 1703 2519 syriace
1737 2467 1918 2518 loquens,

229 2550 276 2585 v,
296 2534 343 2572 ad
368 2535 470 2571 hunc
504 2531 580 2572 loe.
606 2532 695 2570 Sine
728 2532 1045 2571 animadversione
1108 2531 1217 2571 nulla
1231 2546 1324 2571 usus
1337 2540 1390 2571 est
1402 2532 1920 2585 aynominatione3aedutro-

230 2600 406 2653 peculiari
431 2597 570 2637 dimini
592 2611 668 2635 non
693 2597 803 2636 debet
823 2600 938 2636 versio
960 2613 1044 2650 per-
1108 2597 1221 2648 bique
1237 2597 1340 2636 dixit
1365 2598 1521 2653 Cephen
1542 2596 1856 2650 quemadmodum
1884 2603 1920 2633 ee

231 2668 305 2707 sica
324 2693 336 2716 ‚
368 2679 453 2720 quae
491 2666 542 2703 sic
579 2666 746 2716 energiee
781 2662 903 2703 reddit
930 2666 1042 2705 verba
1107 2663 1355 2703 vernaculum
1382 2678 1547 2710 nornen,
1578 2661 1711 2703 Pierre
1729 2691 1741 2710 ‚
1767 2667 1845 2699 tam
1873 2662 1919 2699 de

229 2732 367 2771 Christi
394 2744 404 2771 ε
429 2729 485 2771 Et
505 2744 571 2782 eqo
587 2730 661 2768 tibi
680 2730 766 2769 dico
793 2745 808 2768 .·
836 2730 901 2769 Tu
921 2744 959 2769 es
974 2745 1042 2785 pe·
1104 2730 1263 2782 proprio
1281 2760 1292 2778 ‚
1314 2743 1430 2782 quam
1448 2729 1495 2768 de
1515 2729 1740 2784 appellativo
1759 2725 1922 2767 dicitur.

231 2805 292 2837 tra
315 2796 515 2848 reliqionis
535 2809 629 2834 mem
659 2796 730 2846 (id
748 2802 824 2843 est,
844 2795 984 2850 lapis),
1009 2803 1045 2835 et
1112 2793 1167 2833 In
1198 2808 1322 2847 qroeco
1362 2809 1508 2848 quoque
1533 2805 1702 2833 sermone
1728 2790 1855 2845 πέτρος
1888 2799 1925 2831 et

226 2863 526 2916 fundamentum
555 2860 743 2901 Ecclesiae
763 2874 857 2899 meoe
886 2876 1001 2916 super
1013 2869 1047 2901 te
1115 2858 1230 2913 πέτραι
1244 2875 1322 2900 non
1333 2874 1375 2899 re
1390 2891 1400 2910 ,
1416 2860 1482 2899 sed
1492 2859 1761 2898 terminatione
1773 2865 1922 2896 tantum

230 2935 448 2967 extructum
473 2929 569 2977 erit,
595 2934 630 2966 et
644 2933 765 2980 portoe
787 2927 908 2978 inseri
933 2928 1042 2966 illam
1117 2925 1316 2978 differunt.

231 3006 311 3034 non
332 2993 534 3033 destruent.
1177 2992 1231 3044 (3)
1260 2992 1308 3031 N.
1332 2989 1370 3041 4.
