2028 3354
202 165 299 212 224

673 183 829 215 TRACT.
868 186 922 225 DE
957 188 1075 220 LOCIS
1108 189 1407 221 THEOtoGlcts.

202 297 421 364 provenit
435 331 449 355 ,
470 295 596 360 quod
615 294 853 357 adjicitur,
875 297 934 345 de
957 307 1028 346 tot
1051 301 1354 351 divisionibus
1373 340 1386 363 7
1411 312 1517 370 post
1541 321 1654 369 quas
1673 304 1880 354 Ecclesiae

204 375 355 422 unitas
371 371 616 419 subsistere
627 372 819 437 nequit3
840 372 931 437 ipsi
951 374 1077 422 enim
1096 394 1179 440 pro
1199 388 1326 426 certo
1344 390 1612 442 assumunt,
1636 380 1885 429 Ecclesiam

205 449 476 498 catholicam
505 457 717 495 constare
747 466 803 496 ex
836 449 1047 513 pluribus
1071 452 1362 502 societatibus
1386 456 1646 504 christianis
1665 493 1677 516 ‚
1718 466 1771 504 ut
1805 474 1885 504 su·

204 526 357 592 perius
390 524 620 584 vidimus,
651 543 754 590 quae
780 534 940 573 tamen
971 526 1239 592 hypothesis
1269 538 1339 576 est
1366 534 1560 593 gratuita
1595 543 1643 581 et
1675 532 1804 580 falsa.
1836 533 1886 580 Si

204 602 329 649 enim
353 600 548 648 Ecclesia
579 610 650 648 est
675 601 915 650 individua
931 639 943 662 ‚
976 611 1142 667 atque,
1171 612 1223 649 ut
1252 603 1505 669 loquuntur
1529 611 1685 656 Patres
1702 645 1714 668 7
1746 609 1886 657 vestis

202 677 374 724 Christi
394 676 682 723 inconsutilis
697 713 709 736 7
731 678 878 725 dividi
898 678 946 724 in
964 688 1120 743 partes
1140 697 1235 725 non
1255 689 1432 745 potest,
1455 685 1567 748 quin
1592 685 1883 744 destruatur3

201 754 282 819 qui
308 753 432 801 enim
452 753 701 800 Ecclesiam
720 753 930 800 scindere
957 771 1008 801 ac
1025 754 1224 802 lacerare
1247 757 1467 805 nituntur
1483 794 1496 818 7
1527 777 1623 806 non
1640 760 1888 808 Ecclesiam

201 831 351 895 reipsa
376 829 595 876 scindunt
611 865 624 889 7
658 829 741 876 sed
767 846 814 876 se
839 831 960 896 ipsos
993 831 1214 878 scindunt
1250 831 1307 878 ab
1335 833 1532 882 Ecclesia
1556 835 1653 900 (1);
1677 837 1797 884 fiunt
1823 838 1887 884 si-

204 906 394 972 quidem
419 906 628 966 sectarii,
659 905 862 953 haeretici
887 915 1026 972 atque
1051 906 1347 955 schismatici.

202 1039 332 1077 instar
352 1039 563 1091 impiorum
585 1036 839 1090 quorumdam
858 1051 916 1076 res
941 1038 1013 1076 hu-

201 1108 339 1143 manas
374 1104 484 1143 nulla
509 1103 770 1142 sollicitudine
807 1117 853 1142 ac
877 1106 1014 1156 provi-

203 1169 336 1208 dentia
360 1170 574 1221 yubernari
603 1171 704 1215 rati,
734 1170 815 1208 alia
844 1169 1015 1221 quotidie

202 1237 372 1274 crimina
391 1235 481 1273 aliis
509 1235 793 1287 acijioerevnus;
817 1248 904 1272 cum
917 1248 1014 1287 pas-

203 1309 299 1341 tores
316 1303 440 1340 nostri
455 1332 465 1350 ‚
494 1308 618 1355 spreta
640 1301 840 1352 reliqiom's
858 1300 1008 1353 requla‚

203 1367 348 1406 mutuis
369 1369 472 1405 inter
493 1381 533 1405 se
560 1367 867 1405 contentionibus
889 1367 1015 1405 decer-

202 1440 326 1472 tarent
355 1462 367 1481 ,
407 1432 514 1471 nihil
552 1432 662 1470 aliud
703 1446 818 1482 quam
839 1433 979 1484 jurqia
1001 1461 1011 1480 ‚

204 1499 334 1536 minas
348 1528 358 1545 ,
374 1497 654 1536 aerizulationem
668 1527 678 1545 ‚
695 1496 785 1535 odia
800 1510 845 1534 ac
860 1503 1016 1535 mutuas

203 1565 421 1603 inimicitas
444 1563 680 1616 amplificare
691 1562 879 1601 studentes
894 1564 1014 1615 prin-

205 1632 376 1683 cipatum
402 1634 515 1682 quasi
535 1628 781 1682 tyrannidem
806 1628 1014 1680 quamdam

205 1697 433 1735 contentiose
454 1696 531 1734 sibi
548 1694 790 1733 vindicantes
804 1724 814 1742 ‚
843 1702 933 1731 tuuc
951 1695 1014 1731 de-

207 1776 313 1800 mum
321 1763 445 1812 juata
468 1761 614 1798 dictum
636 1760 817 1797 Jeremiae
837 1760 1017 1797 obscura-

208 1829 264 1866 vit
277 1827 472 1866 Dominus
481 1828 522 1864 in
531 1828 591 1864 ira
603 1838 674 1862 sua
680 1824 804 1876 filiam
817 1822 929 1873 Sion,
943 1831 1012 1865 etc.

209 1892 317 1944 Quod
338 1895 367 1931 si
394 1893 545 1930 demum
576 1890 754 1929 Newman
779 1892 944 1944 loquitur
969 1892 1014 1930 de

207 1957 269 1995 illa
296 1957 467 1996 Ecclesiae
491 1964 620 2003 aetate,
650 1958 689 1994 in
718 1970 790 2009 qua
814 1957 922 1994 nullae
950 1957 1015 1994 ad-

207 2023 282 2061 huc
304 2023 504 2074 prodierint
526 2022 676 2060 haereses
701 2030 765 2060 aut
793 2023 987 2061 schismata
1003 2051 1013 2070 ‚

208 2101 294 2126 cum
317 2088 393 2126 haec
418 2088 463 2126 ab
491 2090 568 2140 ipsa
589 2095 689 2126 aetate
711 2088 911 2139 apostolica
940 2102 1013 2126 coe-

209 2154 329 2206 perint
347 2182 358 2199 ‚
382 2161 503 2205 patet,
530 2167 724 2205 nunquam
750 2167 816 2191 nos
851 2154 1016 2192 invenire

209 2233 317 2272 posse
342 2219 465 2258 beatos
491 2219 571 2257 illos
596 2219 694 2265 dies,
728 2219 768 2255 in
794 2218 926 2270 quibus
944 2218 1016 2257 Ec-

210 2285 318 2324 clesia
344 2287 495 2338 antiqua
523 2293 557 2324 et
586 2285 770 2337 primitiva
795 2283 1012 2335 praebuerit,

212 2353 312 2403 juxta
342 2352 591 2390 adversarium
612 2380 622 2399 ‚
655 2350 742 2389 fidei
778 2365 850 2388 suae
887 2364 1014 2389 exem-

211 2416 332 2468 plum.
355 2417 491 2469 Utique
517 2419 594 2469 ipse
616 2416 777 2454 alludere
803 2416 945 2454 videtur
968 2417 1014 2455 ad

212 2481 369 2519 schisma
386 2512 396 2529 ‚
422 2483 522 2534 quod
543 2483 661 2532 erupit
681 2494 728 2519 ex
749 2489 850 2532 parte
874 2480 1015 2520 Graeco-

211 2560 321 2597 rum3
341 2562 466 2586 verum
481 2549 584 2586 nulla
610 2555 664 2586 est
686 2549 776 2585 ratio
798 2561 862 2586 cur
888 2550 927 2586 in
951 2551 1013 2588 illo

215 2614 410 2663 schismate
455 2615 624 2651 sistamus
679 2614 798 2664 potius
829 2628 942 2666 quam
974 2617 1015 2654 in

213 2679 404 2717 schismate
416 2677 700 2716 Novatianorum
716 2707 726 2726 ‚
745 2692 788 2717 ac
811 2678 1015 2720 Donatista-

213 2757 296 2782 rum
322 2751 385 2781 aut
413 2743 713 2793 Anglicanorum.

266 2808 320 2858 (l)
350 2806 434 2848 Hoc
459 2808 629 2861 estquod
652 2815 827 2860 perpetuo
851 2810 1013 2849 inculcat

213 2872 250 2911 S.
267 2871 468 2925 Cyprianus
484 2903 494 2922 ‚
520 2875 716 2926 praesertim
740 2888 821 2913 vero
842 2876 881 2913 in
905 2890 1015 2916 aureo

213 2952 279 2977 suo
313 2938 406 2978 libro
431 2938 493 2976 De
523 2940 668 2977 unitate
705 2938 891 2979 Ecclesiae
911 2971 922 2988 ‚
949 2942 1016 2982 ubi

211 3005 308 3044 iuter
348 3011 464 3045 cetera
497 3018 579 3058 pag.
618 3002 691 3058 198
715 3034 726 3056 ‚
769 3005 859 3046 edit.
892 3005 1013 3047 Maur.

1079 1038 1204 1080 scribit
1226 1038 1343 1079 :Non
1363 1042 1467 1079 enim
1487 1055 1556 1081 nos
1579 1043 1628 1082 ab
1650 1041 1731 1081 illis
1750 1046 1762 1095 (
1774 1042 1889 1084 haere-

1084 1107 1168 1146 ticis
1184 1113 1217 1143 et
1235 1106 1472 1145 schismaticis
1495 1107 1507 1157 )
1528 1138 1538 1156 ,
1561 1110 1626 1147 sed
1647 1109 1708 1147 illi
1734 1123 1759 1148 a
1780 1111 1889 1149 nobis

1078 1178 1321 1210 recesserunt.
1346 1171 1403 1212 Et
1426 1186 1514 1211 cum
1535 1174 1694 1213 haereses
1712 1182 1748 1214 et
1772 1176 1888 1215 schis-

1079 1243 1183 1274 mata
1201 1237 1442 1288 postmodum
1460 1246 1554 1277 nata
1568 1241 1649 1277 sint
1666 1270 1676 1287 ‚
1696 1240 1788 1278 dum
1799 1255 1889 1280 con-

1079 1301 1270 1340 venticula
1310 1303 1387 1340 sihi
1420 1303 1572 1343 diversa
1611 1306 1849 1345 constituunt
1873 1336 1884 1350 ,

1078 1366 1250 1405 veritatis
1287 1374 1402 1419 caput
1439 1375 1550 1421 atque
1583 1371 1769 1422 oriqz'nem
1798 1369 1887 1409 reli-

1079 1438 1253 1482 querunt.
1284 1432 1422 1471 Eadem
1456 1435 1561 1473 docet
1586 1435 1624 1475 S.
1658 1436 1884 1487 Augustinus

1079 1498 1226 1548 passim.
1249 1496 1422 1536 Attamen
1437 1501 1467 1536 si
1487 1500 1710 1538 adversarios
1734 1501 1882 1549 audias,

1080 1564 1278 1612 praesertim
1315 1576 1403 1602 vero
1432 1563 1680 1612 Palmerium,
1709 1579 1783 1604 non
1806 1565 1882 1604 Lu-

1081 1627 1240 1674 theram,
1260 1641 1336 1665 non
1353 1628 1562 1667 Calviniani
1574 1639 1636 1667 aut
1648 1629 1881 1681 Zwffigliani,

1080 1707 1156 1731 non
1174 1692 1368 1745 Anglicani
1381 1708 1418 1732 se
1432 1705 1642 1746 separarunt
1659 1696 1707 1733 ab
1721 1696 1884 1735 Ecclesia

1080 1758 1257 1797 catholica
1281 1773 1343 1797 seu
1363 1774 1538 1810 romana,
1565 1762 1628 1800 sed
1652 1761 1812 1800 Ecclesia
1823 1777 1882 1801 ro-

1081 1838 1189 1862 mana
1219 1838 1282 1862 seu
1306 1826 1482 1864 catholica
1515 1829 1691 1879 separavit
1708 1842 1746 1866 se
1771 1828 1817 1866 ab
1837 1829 1882 1867 il-

1079 1889 1137 1927 lis.
1167 1888 1306 1941 Nempe
1332 1905 1408 1929 non
1433 1894 1526 1930 rami
1556 1893 1602 1931 ab
1625 1892 1754 1932 arbore
1773 1893 1882 1933 divisi

1079 1962 1187 2003 sunt,
1205 1962 1269 1992 aut
1289 1957 1386 1994 rivus
1409 1972 1429 1995 a
1466 1958 1591 2007 fonte,
1618 1967 1679 1998 aut
1711 1960 1833 1998 radius
1861 1974 1883 1999 a

1079 2020 1156 2059 sole
1180 2034 1192 2071 3
1228 2022 1291 2060 sed
1320 2023 1429 2061 arbor
1466 2023 1591 2063 divisit
1626 2039 1666 2064 se
1695 2040 1715 2064 a
1740 2027 1879 2076 ramis,

1078 2087 1161 2126 fons
1183 2101 1203 2125 a
1229 2089 1306 2125 rivo
1322 2117 1333 2136 ,
1353 2089 1406 2126 sol
1429 2102 1450 2126 a
1472 2090 1595 2137 radio;
1623 2103 1704 2143 quae
1729 2091 1882 2143 quidem

1080 2167 1100 2191 a
1127 2165 1216 2190 sano
1250 2161 1285 2191 et
1314 2156 1502 2193 communi
1543 2155 1740 2194 hominum
1774 2171 1884 2196 sensu

1080 2218 1299 2264 abhorrent,
1321 2228 1356 2258 et
1377 2228 1539 2272 pugnant
1553 2223 1727 2272 cumipsa
1747 2224 1798 2261 rei
1813 2237 1881 2262 na-

1081 2291 1175 2322 tura.
1194 2283 1345 2323 Interim
1359 2286 1570 2331 advertant,
1591 2288 1781 2337 arborem,
1804 2289 1883 2327 sine

1080 2351 1189 2388 ramis
1220 2351 1291 2389 illis
1323 2353 1475 2399 excisis,
1509 2354 1684 2391 virescere
1719 2366 1822 2404 posse
1846 2359 1883 2392 et

1080 2416 1219 2454 fructus
1244 2417 1354 2464 dare,
1378 2419 1465 2455 item
1501 2418 1639 2456 fontem
1657 2446 1669 2467 ‚
1695 2418 1773 2456 sine
1803 2420 1881 2457 rivo

1079 2480 1141 2520 illo
1159 2510 1170 2529 ,
1206 2496 1320 2535 aquas
1349 2484 1540 2532 emittere,
1569 2485 1756 2537 solemque
1786 2497 1880 2522 nova

1080 2562 1221 2600 semper
1241 2550 1323 2589 luce
1349 2552 1511 2600 micare;
1536 2551 1679 2590 arefieri
1702 2565 1784 2590 vero
1816 2564 1878 2588 ra-

1080 2629 1158 2654 mos
1180 2617 1314 2655 excisos
1339 2617 1384 2655 ab
1414 2617 1541 2656 arbore
1565 2646 1576 2666 ‚
1599 2617 1782 2670 putrefieri
1808 2617 1878 2655 rivi

1079 2693 1193 2734 aquas
1212 2689 1247 2719 et
1264 2682 1422 2735 denique
1440 2697 1631 2735 evaporare
1659 2683 1737 2720 sine
1759 2681 1878 2730 fonte,

1082 2760 1293 2786 evanescere
1314 2748 1457 2786 radium
1486 2751 1563 2788 sine
1585 2747 1674 2786 sole.
1702 2746 1786 2785 Haec
1808 2747 1879 2787 sibi

1082 2812 1266 2863 applicent
1295 2816 1435 2852 sectarii
1459 2813 1507 2852 ab
1541 2812 1703 2851 Ecclesia
1726 2825 1879 2853 romana

1081 2891 1146 2916 seu
1165 2878 1341 2917 catholica
1360 2878 1543 2929 separati3
1574 2877 1653 2916 haec
1679 2879 1779 2917 enim
1802 2891 1879 2918 sors

1081 2942 1187 2981 citius
1211 2945 1323 2990 serius
1349 2955 1410 2983 eos
1439 2949 1579 2981 manet.
