2028 3354
245 205 305 252 13

723 221 877 251 TRACT.
913 221 966 250 DE
1003 222 1117 252 touls
1151 220 1449 252 THEOLOGIGIS.

243 335 451 383 fidelium
473 336 558 382 hoc
579 333 894 398 praestiterunt
909 334 979 398 (1)
993 370 1005 392 a
1021 344 1141 394 octo,
1164 335 1321 382 decem
1343 371 1353 393 7
1382 334 1544 398 viginti
1559 350 1703 397 eoque
1722 335 1920 399 amplius

242 412 376 460 annis
400 419 503 478 post
525 408 698 457 Christi
718 408 770 454 in
798 408 971 456 coelum
1003 426 1271 470 ascensum,
1299 411 1504 475 adeoque
1534 418 1637 474 post
1660 410 1919 458 institutam

243 488 503 536 Ecclesiam
528 486 556 531 J
560 501 733 532 oannes
749 501 883 544 vero,
908 493 961 531 ut
983 501 1030 532 se
1049 485 1392 548 corruptoribus
1406 486 1577 533 Christi
1597 486 1816 533 doctrinae
1836 504 1920 551 op-

241 570 462 628 poneret7
498 568 605 626 post
635 560 869 623 sexaginta
907 559 1012 624 plus
1049 560 1203 606 minus
1228 576 1373 607 annos
1406 561 1464 608 ab
1494 561 1699 609 Ecclesiae
1732 562 1923 608 institu—

242 640 367 686 tione
389 654 526 684 suum
548 634 841 700 evangelium
868 636 1075 682 exaravit
1102 636 1190 700 (2).
1222 635 1394 682 Eadem
1414 636 1471 682 de
1490 654 1621 684 causa
1638 673 1650 696 7
1679 646 1733 683 ut
1763 637 1921 685 fideles

240 722 486 772 tuerentur
506 730 529 760 a
550 711 849 775 gliscentibus
869 710 1102 758 erroribus
1120 748 1131 769 Ἰ
1159 720 1205 757 et
1225 710 1549 758 insidiantibus
1564 712 1818 772 liaereticiS‚
1843 715 1922 779 qui

233 793 332 851 jam
358 797 598 854 coeperant
628 788 963 835 intemeratum
990 786 1252 833 christianas
1282 786 1388 833 fidei
1424 786 1683 851 depositum
1716 790 1807 835 suis
1835 806 1922 835 no-

239 865 461 914 vitatibus
485 879 783 929 corrumpere
810 879 861 909 ac
885 861 1085 920 foedare,
1114 861 1329 926 epistolas
1359 879 1461 908 suas
1496 863 1777 927 scripserunt
1799 868 1921 930 Apo—

238 942 371 1001 stoli,
408 950 489 989 aut
511 940 651 988 etiam
668 975 681 999 ‚
721 947 772 985 ut
800 937 952 1003 aliqua
980 937 1070 985 sibi
1095 936 1248 985 oblata
1293 938 1530 985 occasione
1567 940 1688 1003 ipsos
1716 942 1921 988 instrue-

293 1105 347 1157 (1)
378 1105 591 1145 Matthaeum
618 1105 715 1143 inter
741 1111 898 1147 sextum,
918 1111 954 1142 et
986 1116 1048 1141 oc-

238 1179 365 1211 tavum
381 1183 522 1210 annum
541 1177 623 1222 post
643 1169 776 1208 Christi
801 1170 1050 1208 ascensionem

238 1236 471 1288 evangelium
516 1237 699 1287 scripsisse
736 1234 909 1273 hebraico
938 1263 947 1280 ‚
985 1247 1051 1272 seu

236 1304 359 1354 potius
383 1300 677 1353 syro-chaldaico
692 1299 865 1338 idiomate
880 1328 890 1345 ,
907 1300 949 1336 in
968 1311 1050 1349 gra-

235 1370 325 1407 tiam
356 1368 669 1406 Palaestinensium
688 1395 699 1413 ‚
739 1368 803 1417 qui
828 1365 972 1403 fuerant
1003 1364 1048 1402 ad

235 1433 423 1473 Christum
436 1433 624 1476 conversi,
648 1430 815 1482 plerique
828 1431 1046 1480 interpretes

237 1499 407 1547 tradunt,
433 1498 552 1535 innixi
568 1503 733 1534 veterum
753 1496 980 1533 auctoritati.
1006 1495 1046 1531 Id

236 1564 336 1603 enim
349 1569 527 1601 testantur
541 1560 668 1611 Papias
684 1589 694 1607 ‚
715 1559 812 1611 apud
823 1558 961 1598 Euseb.
977 1559 1047 1597 lib.

237 1628 278 1668 ιἰι
297 1659 307 1676 ,
330 1641 410 1679 cap.
431 1624 453 1676 4
474 1640 484 1674 ;
508 1626 690 1670 Irenaeus,
713 1624 782 1662 lib.
803 1637 872 1671 111,
891 1638 972 1675 cap.
1001 1637 1014 1662 ι
1037 1637 1048 1673 ;

238 1694 417 1733 Eusebius
432 1723 442 1740 ,
465 1692 533 1731 lib.
556 1703 598 1729 111
622 1720 633 1740 ‚
661 1704 744 1741 cap.
763 1688 843 1740 243
869 1690 1050 1741 Hierony-

238 1774 321 1799 mus
335 1789 345 1808 ,
367 1759 493 1809 Proes.
517 1758 563 1794 in
582 1754 779 1807 evanqelia
797 1785 807 1802 ‚
824 1764 858 1792 et
877 1757 917 1793 in
936 1755 1050 1793 Cata-

236 1823 316 1876 loqo
331 1854 343 1873 ,
362 1837 433 1863 nec
455 1836 532 1861 non
547 1821 615 1860 lib.
634 1834 675 1858 ιιι
702 1819 845 1859 Contra
870 1819 1050 1871 Pelaqia-

236 1902 304 1927 nos
314 1906 329 1935 ;
352 1888 591 1940 Epiphanius,
602 1886 755 1926 Haeres.
767 1898 850 1923 xxix
864 1915 875 1933 ‚
893 1900 961 1923 xxx
981 1914 991 1931 ‚
1014 1892 1051 1923 et

235 1952 323 1992 alibi
337 1966 348 2003 ;
363 1952 644 2005 Chrysostomus
655 1979 666 1998 ‚
682 1949 803 1989 Hom.
819 1963 832 1987 1
843 1951 887 1987 in
902 1948 1046 1988 Matth,

237 2019 485 2070 Augustinus,
523 2015 588 2054 De
619 2026 805 2063 consensu
834 2012 1047 2065 Evanqelz'-

236 2089 383 2121 starum
403 2112 413 2131 ‚
427 2082 495 2121 lib.
523 2095 536 2119 1
552 2111 562 2129 ‚
580 2095 658 2133 cap.
672 2093 696 2119 2
715 2093 726 2129 3
752 2079 891 2119 Auctor
912 2093 1047 2132 synop-

238 2161 315 2187 seos
339 2148 608 2193 athanasianae,
643 2146 777 2196 aliique
809 2157 942 2196 magno
976 2160 1046 2184 nu-

236 2226 353 2251 mero.
374 2211 436 2251 Sic
456 2213 566 2251 etiam
581 2210 749 2249 Marcum
765 2209 892 2248 Romae
913 2224 973 2249 au.
994 2210 1044 2262 43

236 2286 299 2317 aut
332 2276 387 2328 44
403 2306 417 2326 ,
452 2291 473 2317 a
496 2277 673 2315 Romanis
702 2284 868 2327 rogatum
885 2305 896 2320 ‚
931 2289 1044 2327 graece

236 2343 462 2394 evangelium
485 2355 670 2387 exarasse,
695 2342 806 2379 iidem
831 2340 950 2378 ferme
976 2355 1041 2379 au-

234 2416 350 2447 ctores
371 2409 461 2447 locis
489 2410 574 2447 citt.
595 2408 783 2453 referunt,
825 2406 988 2458 adeoque
1015 2423 1035 2446 x

235 2472 295 2510 vel
313 2486 348 2510 xi
366 2481 445 2523 post
460 2473 595 2512 Christi
617 2474 869 2511 ascensionem
897 2484 1012 2510 anno.

289 2537 340 2587 (ἓ)
350 2537 391 2576 S.
402 2537 703 2591 Hieronymus,in
712 2535 903 2587 Catal090‚
911 2550 1040 2591 cap.9,

233 2602 361 2641 scribit
383 2615 396 2640 ε
423 2601 593 2641 Joannec
626 2600 886 2653 Apostolus...
911 2603 1039 2641 novis-

232 2668 353 2706 simus
374 2669 550 2706 omnium
581 2668 739 2719 scripsit
760 2666 999 2718 evanqelium
1025 2697 1035 2715 ‚

233 2740 385 2784 roqatus
405 2732 454 2772 ab
470 2731 583 2771 Aaiae
597 2732 637 2769 E
631 2733 803 2785 piscopis
818 2761 829 2780 ‚
857 2732 1036 2772 advers-us

235 2797 462 2837 Corinthum
511 2797 678 2848 aliosque
722 2797 910 2836 hoereticos
933 2825 946 2845 ,
1002 2805 1036 2836 et

232 2864 398 2901 maxime
440 2868 532 2901 tunc
582 2860 858 2902 Ebionitarum
903 2861 1038 2913 doymo

230 2939 457 2979 oonsurqem
476 2956 490 2977 ‚
519 2929 591 2979 qui
616 2934 813 2975 asuerum,
842 2924 1039 2966 Christum

228 2999 316 3033 aneo
343 2991 514 3032 Mariam
536 3005 613 3032 mm
632 2991 770 3044 suisne.
805 2990 918 3032 Unde
935 3005 1037 3034 eom-

1110 1102 1249 1154 pulsus
1280 1109 1336 1140 est
1366 1102 1539 1140 divinam
1568 1105 1648 1155 ejus
1685 1106 1923 1143 nativitatem

1115 1168 1275 1206 edicere.
1305 1164 1387 1205 Sed
1409 1175 1445 1205 et
1479 1167 1597 1206 aliam
1625 1182 1781 1207 causam
1808 1170 1924 1221 hujus

1115 1235 1316 1285 scripturae
1333 1233 1466 1284 serunt
1482 1260 1493 1279 ,
1518 1233 1618 1283 quod
1634 1262 1644 1279 ‚
1666 1246 1753 1271 cum
1782 1235 1926 1286 leqisset

1118 1298 1299 1337 Matthoei
1313 1328 1323 1346 ‚
1352 1298 1488 1336 Marci
1515 1305 1551 1337 et
1576 1298 1691 1336 Luoae
1711 1299 1922 1346 volumina,

1108 1363 1333 1415 probaverit
1363 1363 1515 1414 quidem
1553 1370 1695 1401 textum
1723 1363 1893 1403 historiae
1910 1394 1921 1411 ‚

1114 1435 1149 1466 et
1161 1441 1249 1467 vera
1260 1441 1320 1466 eos
1332 1425 1475 1466 dixisse
1486 1428 1714 1479 firmaverit,
1728 1428 1794 1466 sed
1805 1431 1925 1467 unius

1116 1497 1269 1531 tantum
1292 1495 1390 1531 anni
1404 1523 1413 1540 ‚
1438 1495 1481 1531 in
1510 1507 1581 1544 quo
1612 1499 1647 1531 et
1669 1506 1809 1545 passus
1833 1501 1888 1531 eet
1910 1523 1920 1540 ‚

1109 1564 1197 1610 post
1221 1569 1408 1596 carcerem
1427 1559 1593 1596 Joannis
1608 1586 1618 1605 ‚
1645 1558 1843 1596 historiam
1868 1565 1920 1596 te-

1115 1627 1263 1661 nuisse.
1283 1622 1382 1661 Edit.
1398 1621 1550 1661 Vallars.
1567 1631 1658 1661 tom.
1683 1635 1733 1670 11,
1760 1621 1828 1660 lib.
1846 1636 1888 1661 111
1911 1653 1920 1669 ‚

1115 1701 1194 1739 cap.
1228 1685 1292 1736 24.
1326 1687 1495 1726 Clemens
1524 1686 1631 1726 Alex.
1663 1687 1763 1738 apud
1785 1687 1920 1727 Euseb.

1115 1752 1182 1790 lib.
1197 1766 1230 1789 vi
1250 1782 1260 1798 ‚
1280 1766 1361 1802 cap.
1392 1750 1438 1801 14
1452 1782 1461 1797 ‚
1481 1751 1707 1803 Epiphanius
1722 1752 1850 1790 haeres.
1866 1767 1896 1790 ιι
1911 1782 1919 1795 ,

1114 1815 1135 1868 §
1160 1829 1206 1869 19
1225 1846 1235 1865 ‚
1256 1817 1409 1868 aliique.
1436 1815 1580 1868 Quibus
1607 1816 1781 1854 omnibus
1801 1824 1919 1855 ratum

1115 1890 1192 1929 est,
1217 1884 1445 1934 propositum
1466 1882 1519 1920 illi
1540 1883 1650 1921 fuisse
1677 1891 1755 1921 tum
1783 1881 1918 1922 Christi

1115 1946 1346 1986 divinitatem
1358 1948 1531 1987 adversus
1551 1949 1753 1987 exorientes
1767 1948 1919 1987 haereses

1115 2014 1206 2051 tueri
1225 2042 1237 2060 ‚
1270 2022 1348 2050 tum
1380 2013 1477 2051 edita
1511 2013 1698 2063 evangelia
1736 2013 1915 2065 supplere.

1113 2078 1300 2131 Plerisque
1312 2078 1448 2118 Irenaeo
1461 2081 1711 2129 consentiunt,
1728 2081 1916 2123 asserenti,

1113 2144 1180 2182 lib.
1202 2157 1244 2182 ιιι
1265 2173 1276 2190 ,
1291 2158 1371 2196 cap.
1396 2157 1408 2182 ι
1429 2172 1442 2192 ,
1462 2143 1599 2194 Ephesi
1612 2146 1652 2181 in
1668 2142 1758 2182 Asia
1778 2143 1816 2181 id
1828 2156 1917 2181 con-

1112 2210 1247 2260 tigisse.
1272 2209 1374 2248 Idem
1394 2210 1718 2247 asseritwetustior
1742 2207 1915 2261 Polycar-

1111 2288 1179 2325 pus
1192 2275 1291 2325 apud
1317 2274 1499 2314 Victorem
1519 2273 1738 2324 Capuanum
1755 2286 1767 2322 ;
1788 2273 1915 2311 Petrus

1109 2339 1380 2379 Alexandrinus
1389 2344 1427 2378 in
1437 2339 1635 2387 Chronico,
1646 2340 1746 2393 quod
1752 2339 1787 2377 A
1790 2339 1918 2378 leman-

1106 2404 1266 2442 drinum
1287 2413 1419 2444 vocant
1434 2435 1444 2452 ,
1469 2402 1547 2458 ejus
1561 2404 1855 2456 authographum
1875 2419 1914 2443 ea

1107 2471 1147 2508 in
1173 2470 1263 2508 urbe
1288 2484 1351 2508 sua
1372 2478 1473 2509 aetate
1500 2478 1682 2509 servatum
1710 2471 1820 2509 fuisse
1842 2475 1914 2509 tra-

1106 2535 1161 2573 dit
1185 2563 1196 2582 ‚
1234 2535 1332 2586 apud
1357 2534 1546 2574 Patavium
1570 2537 1610 2573 in
1655 2533 1910 2585 Uranoloqio,

1083 2614 1187 2652 pag.
1221 2601 1315 2638 213.
1351 2600 1461 2639 Porro
1492 2601 1653 2639 Joannes
1682 2599 1870 2650 Ephesum
1894 2614 1913 2638 e

1103 2663 1247 2704 Patmos
1277 2666 1395 2705 insula
1424 2695 1433 2713 ‚
1470 2665 1681 2704 Domitiano
1713 2666 1875 2703 extincto
1901 2693 1912 2710 ‚
1962 2659 1965 2662 ⁴

1102 2732 1244 2782 repetiit
1267 2745 1364 2770 anno
1386 2744 1495 2771 xcwr.
1518 2730 1637 2782 Quare
1663 2730 1720 2768 vel
1750 2729 1821 2768 hoc
1855 2736 1911 2773 vel

1102 2798 1310 2848 insequenti
1337 2810 1434 2836 anno
1458 2794 1653 2845 Evangelio
1679 2794 1910 2834 lucubrando

1105 2865 1245 2901 vaeavit
1261 2892 1272 2910 ,
1305 2863 1369 2915 qui
1395 2874 1514 2900 annus
1536 2860 1733 2912 respondet
1762 2875 1909 2913 sexage-

1104 2929 1197 2966 simo
1215 2928 1318 2966 tertio
1344 2933 1408 2965 aut
1437 2926 1664 2977 sexagesimo
1681 2934 1812 2979 quarto
1828 2934 1909 2978 post

1103 2994 1354 3033 ascensionem
1377 2991 1514 3031 Christi
1540 2990 1705 3030 Domini.
