2028 3354
212 205 312 254 302
689 223 853 253 TnAoT.
891 223 949 253 mi
984 225 1104 255 mels
1140 227 1447 258 Tneomemis.

214 337 360 403 gulari
385 351 573 402 prorsus
607 334 791 381 ratione
814 352 910 400 prae
941 338 1105 385 ceteris
1138 337 1412 387 distinctum
1437 348 1484 387 et
1512 339 1841 393 honestatum..
1868 359 1919 389 ac

215 417 375 461 munia
392 413 462 458 sui
482 410 712 476 primatus
736 421 1050 460 exercentem.
1082 415 1265 461 Etenim
1281 415 1331 462 in
1351 420 1414 464 eis
1433 418 1712 481 reperimus7
1728 418 1920 465 Petrum

215 492 265 537 in
295 483 790 555 Apostolorum‘censu
815 499 1086 537 constanter
1110 491 1263 555 primo
1291 490 1390 538 loco
1422 494 1779 541 commemorari
1807 494 1881 558 (1)
1905 531 1918 555 ‚

214 567 433 633 quamvis
460 566 560 632 ipse
584 566 713 630 prior
741 584 837 612 non
867 566 1009 613 fuerit
1042 566 1101 613 ad
1130 567 1445 632 apostolatum
1478 579 1667 617 vocatus
1696 570 1793 634 (2);
1822 571 1922 635 pri-
1960 563 1963 566 ⁴

214 663 347 692 mum
373 644 487 692 item
512 643 862 708 Apostolorum„
883 644 961 707 qui
982 643 1220 691 Christum
1243 644 1507 692 redivivum
1525 645 1722 693 intuitus
1740 647 1800 693 sit
1819 647 1919 711 (3)3

214 722 447 788 ,primum7
469 720 551 786 qui
569 719 786 779 edixerit,
804 719 946 767 alium
959 721 987 768 J
993 721 1092 768 udae
1106 721 1357 786 proditoris
1372 720 1473 769 loco
1492 722 1818 770 sufficiendum
1832 724 1922 788 (4),

215 799 442 866 primum,
459 799 539 863 qui
561 797 737 844 Judaeis
764 796 1003 843 Christum
1026 798 1351 863 praedicaverit
1365 797 1456 861 (5)Ἶ
1478 815 1530 846 ac
1549 807 1651 845 tum
1674 801 1797 864 ipsos
1817 810 1922 848 tum
1951 804 1953 807 ’

215 874 412 941 gentiles
438 875 490 921 in
524 873 775 921 Ecclesiam
804 873 1045 921 admiserit
1080 875 1183 938 (6);
1221 875 1299 939 qui
1332 875 1617 922 sententiam
1640 876 1691 922 in
1721 877 1923 925 Concilio

217 951 380 1000 tulerit
403 952 502 1015 (7);
531 951 611 1015 qui
633 949 853 997 Ecclesiae
874 951 1116 999 universas
1136 951 1347 1001 inviserit
1371 952 1469 1015 (8);
1500 953 1582 1017 qui
1602 953 1772 1018 scripta
1795 953 1924 1000 Pauli

215 1030 486 1097 probaverit
509 1029 613 1094 (9)3
643 1046 752 1076 cum
788 1046 880 1093 quo
901 1028 1027 1077 idem
1058 1029 1226 1076 Paulus
1261 1030 1561 1093 Evangelium
1590 1048 1729 1077 suum
1756 1040 1925 1078 contu-

215 1107 322 1156 lerit
339 1144 351 1167 7
380 1125 440 1154 ow
460 1109 617 1169 forte,
651 1114 709 1152 ut
736 1108 836 1168 ipse
871 1107 1108 1169 loquitur,
1133 1110 1188 1153 in
1211 1123 1421 1153 vacuum
1448 1117 1691 1163 curreret,
1715 1116 1808 1155 aut
1834 1125 1925 1154 eu·-

212 1186 449 1232 currisset
465 1182 585 1247 (10).
601 1181 1070 1247 Exhibentpraeterea
1084 1183 1258 1230 eaedem
1275 1183 1524 1247 Scripturas
1543 1185 1733 1230 Petrum
1749 1184 1921 1242 solum,

215 1260 289 1308 cui
326 1261 493 1307 fratres
526 1276 631 1305 suos
664 1258 975 1324 (Apostolos)
1012 1258 1223 1306 Christus
1261 1258 1503 1307 mandavit
1538 1260 1884 1308 confirmandos
1908 1296 1922 1320 ‚

212 1346 264 1386 ..et
293 1346 542 1403 propterea
564 1352 750 1401 precem
785 1334 1068 1400 peculiarem
1100 1353 1185 1400 pro
1215 1353 1269 1383 eo
1296 1334 1468 1383 fuderit
1490 1336 1612 1400 (11).
1642 1335 1765 1395 Quid
1784 1354 1923 1401 porro

216 1415 318 1463 'haec
341 1413 498 1461 omnia
522 1412 609 1459 sibi
628 1411 794 1460 volunt
810 1448 823 1471 ,
855 1412 946 1458 nisi
966 1412 1208 1459 Christum
1237 1413 1388 1478 reipsa
1416 1414 1709 1461 constituisse
1732 1416 1924 1461 Petrum

217 1491 581 1539 fundamentum
598 1525 610 1548 .,
647 1497 815 1554 caput,
842 1489 1103 1554 principem
1130 1489 1340 1537 Ecclesiae
1371 1489 1498 1537 suae?

286 1568 400 1615 452.
441 1568 561 1613 Sane
600 1566 638 1612 si
678 1565 919 1624 Christus7
969 1575 1022 1612 ut
1059 1583 1116 1613 ex
1154 1566 1484 1613 demonstratis
1525 1565 1714 1614 abunde
1744 1566 1923 1632 liquet,

218 1645 469 1693 Ecclesiam
502 1661 634 1691 suam
675 1642 734 1688 ad
771 1643 919 1689 instar
956 1643 1154 1690 humani
1188 1643 1420 1691 individui
1457 1643 1656 1691 condere
1684 1644 1927 1690 constituit

213 1722 376 1770 anima
405 1730 452 1769 et
480 1737 674 1785 corpore
717 1718 928 1784 praediti,
967 1719 1175 1785 adeoque
1208 1729 1260 1766 ut
1303 1736 1554 1785 personam
1599 1720 1823 1767 moralem
1874 1735 1927 1766 ac

216 1799 487 1847 societatem
515 1796 779 1856 visibilem,
811 1797 902 1842 nisi
935 1796 1132 1844 velimus
1162 1798 1318 1862 ipsum
1356 1797 1553 1844 voluisse
1582 1797 1703 1844 hanc
1735 1797 1925 1844 societa-

220 1885 342 1935 tem,
364 1884 505 1939 prout
525 1872 717 1923 visibilis
747 1882 818 1919 est
847 1881 986 1937 atque
1011 1872 1365 1938 adspectabilis‚
1399 1874 1498 1921 sine
1516 1872 1687 1920 visibili
1707 1871 1926 1920 modera-

222 1962 322 2000 tore
355 1969 407 1998 ac
439 1952 651 2015 principe
671 1987 684 2009 7
721 1950 809 1997 hoc
837 1966 1003 2015 corpus
1032 1948 1338 2015 acephalumff
1374 1951 1598 2006 nimirum
1637 1951 1738 1997 sine
1776 1950 1927 2013 capite

221 2029 504 2078 constituere
521 2064 533 2087 ‚
560 2029 790 2075 fateamur
812 2043 999 2075 necesse
1024 2036 1115 2086 est,
1139 2027 1292 2074 eidem
1322 2036 1462 2093 caput
1482 2027 1741 2093 praefecisse
1761 2061 1775 2085 ,
1799 2023 1926 2090 quod

222 2185 464 2222 &manutium
489 2213 500 2232 ‚
529 2189 613 2221 tous
638 2180 692 2220 les
703 2181 822 2219 droits
844 2188 879 2219 et
895 2187 977 2218 tous
996 2180 1047 2219 les
1171 2181 1224 2231 (6)
1256 2181 1357 2220 Ibid.
1382 2194 1407 2218 x
1425 2212 1435 2227 ‚
1465 2178 1543 2230 343
1569 2193 1617 2218 xv
1633 2207 1646 2227 ‚
1677 2192 1718 2230 7.

216 2250 425 2304 privileqes
454 2249 517 2288 des
550 2255 670 2287 castes
691 2247 939 2286 sacerdotales
964 2254 1049 2285 tant
1172 2247 1226 2299 (7)
1251 2248 1352 2287 Ibid.
1383 2262 1457 2295 xv,
1486 2247 1523 2287 7.

222 2317 266 2355 de
276 2315 443 2355 l’Orient
455 2329 525 2368 que
544 2313 839 2360 del’Occident‚
857 2312 1046 2350 dontl’E-
1172 2314 1229 2365 (8)
1253 2315 1351 2353 ibid.
1374 2329 1408 2353 ix
1423 2344 1433 2362 ,
1461 2314 1527 2354 32.

221 2382 318 2433 qlise
335 2381 555 2420 ehretiemne
578 2394 616 2419 se
633 2380 794 2431 reqarda
817 2379 863 2417 de
880 2378 970 2431 plus
1000 2393 1048 2418 en
1170 2381 1222 2431 (9)
1254 2380 1292 2419 ΙΙ
1321 2381 1414 2420 Petr.
1442 2392 1504 2427 nx,
1540 2379 1611 2431 15,
1649 2377 1708 2418 16.

214 2447 311 2500 plus
347 2460 491 2486 comme
533 2447 735 2485 l’hbrae'tiere
765 2444 964 2486 natm-elle.
1002 2446 1047 2485 Et
1169 2447 1249 2494 (10)
1281 2444 1365 2484 Gal.
1396 2448 1450 2493 ix,
1473 2459 1513 2485 2.

223 2513 313 2551 alibi
348 2515 484 2565 passim
519 2514 648 2551 eadem
682 2512 846 2551 inculcat
875 2511 1047 2551 adversus
1169 2513 1250 2563 (ll)
1280 2511 1372 2550 Luc.
1389 2525 1483 2559 xxu,
1502 2507 1932 2557 32.Csr.ssossuet‚Ser-

227 2579 490 2617 Protestantes.
1113 2591 1203 2616 mon
1228 2591 1298 2616 sur
1324 2576 1459 2616 l’unile
1487 2577 1533 2616 de
1558 2576 1722 2628 I’E'qlise
1743 2607 1754 2625 ,
1779 2576 1933 2627 premier

279 2645 333 2696 (1)
364 2643 505 2684 Matth.
534 2658 584 2691 x,
619 2657 673 2694 23
713 2643 830 2682 Mare.
864 2657 932 2692 m,
973 2645 1047 2693 16‚·
1114 2646 1239 2697 point,
1267 2643 1335 2683 ubi
1356 2644 1658 2698 eloquentissime
1681 2651 1718 2682 et
1747 2641 1930 2690 energice,

225 2710 319 2749 Luc.
340 2724 377 2749 vl
390 2739 403 2760 ,
423 2708 471 2760 14
487 2723 498 2758 ;
517 2709 617 2761 apud
634 2709 850 2748 Matthaeum
875 2725 1042 2764 expresse
1108 2723 1192 2764 quae
1212 2724 1280 2749 nos
1303 2711 1365 2749 hic
1384 2712 1446 2748 vix
1470 2710 1714 2749 indicavimus
1724 2734 1739 2756 ‚
1758 2705 1933 2757 explanat

222 2777 360 2815 dieitur
377 2776 547 2828 primus.
1108 2782 1145 2815 et
1173 2777 1320 2816 evolvit.
1350 2774 1538 2815 OE'uvres
1553 2775 1599 2812 de
1625 2774 1807 2819 Romet,
1839 2772 1929 2810 edit.

282 2842 335 2893 (2)
364 2841 476 2881 Joan.
499 2855 512 2879 ι
528 2872 538 2889 ,
566 2839 705 2891 33-4ι.
1110 2841 1304 2882 Versailles
1330 2840 1457 2891 1816,
1482 2849 1575 2879 tom.
1602 2852 1662 2886 xv,
1691 2851 1773 2889 pag.
1796 2834 1876 2889 495
1893 2843 1932 2877 et

281 2908 338 2961 (3)
368 2908 461 2947 Luc.
483 2922 568 2947 xxiv
584 2937 596 2960 ‚
625 2906 692 2959 34.
1108 2922 1213 2961 seqq.
1241 2922 1311 2948 nec
1326 2921 1404 2946 non
1425 2919 1523 2945 com.
1549 2904 1585 2944 J.
1609 2903 1663 2943 De
1688 2903 1836 2943 Maistre
1851 2933 1861 2951 ‚
1892 2905 1932 2941 iu

284 2974 338 3027 (Ιι)
367 2974 448 3014 Aet.
468 2988 506 3020 ι,
537 2973 583 3014 15
607 2982 644 3013 et
663 2987 770 3027 seqq.
1119 2988 1179 3025 op.
1214 2973 1287 3012 Du
1313 2973 1449 3025 Papo,
1474 2979 1567 3010 tom.
1590 2971 1629 3019 i,
1658 2970 1726 3010 liv.
1755 2982 1794 3020 ι,
1817 2971 1864 3009 eh
1890 2966 1931 3007 6.

282 3040 335 3093 (5)
365 3040 464 3080 Ibid.
490 3052 540 3089 11,
573 3037 621 3091 14
640 3046 676 3079 et
697 3053 802 3092 seqq.
