2028 3354
188 158 282 207 284

690 182 847 212 ΤΒΔΟΤ,
887 184 941 213 1>ss
977 187 1094 218 LOCIS
1128 189 1425 222 THEOLOGICIS.

187 291 287 339 lzoec
311 295 601 357 reyularz'ter
627 292 912 361 (disciplinae
941 300 1154 360 negotia)
1179 306 1343 364 potius
1374 307 1595 367 formari
1615 324 1709 370 per
1744 309 1888 371 Syno-

186 368 306 415 dum
326 405 338 426 Ἴ
365 386 515 431 quam-
540 369 634 431 leqe
660 378 825 417 mostra
853 376 1045 419 sanciri
1070 375 1159 438 (l).

253 443 365 491 427.
406 444 627 501 Quamvis
647 445 788 509 igitur
813 463 977 506 verum
1000 458 1121 496 esset
1139 487 1151 509 ,
1186 453 1312 515 quod
1331 461 1489 504 tamen
1509 457 1677 505 falsum
1704 468 1779 507 est>
1790 459 1861 523 (2)
1877 496 1890 521 ,
1932 507 1937 510 ,
2006 468 2007 471 ’

184 521 237 566 in
261 519 409 568 veteri
437 537 664 584 synagoga
698 521 983 584 obtinuisse7
1012 533 1065 571 ut
1086 543 1214 590 reges
1238 531 1315 589 jus
1334 529 1560 580 haberent
1580 534 1629 580 in
1659 552 1810 593 sacra;
1841 536 1891 582 in

184 596 286 659 lege
309 597 572 660 evangelica
595 598 649 643 iis
678 599 902 646 standum
925 610 1019 662 est,
1048 619 1150 667 quae
1172 621 1196 649 a
1221 603 1404 652 Christo
1423 609 1619 657 Domino
1640 621 1749 658 sunt
1771 628 1890 677 prae-

184 673 372 737 scripta.
395 675 519 720 Dum
543 683 701 721 autem
726 674 936 723 Christus
965 678 1196 742 professus
1215 690 1311 740 est7
1343 699 1390 728 se
1415 701 1513 731 non
1532 688 1713 744 venisse
1739 688 1889 751 legem

184 748 366 797 solvere
382 786 394 810 ⁷
423 750 629 816 loquitur
653 750 711 799 de
739 754 984 818 praeceptis
1005 755 1263 803 moralibus
1281 794 1294 817 7
1325 767 1377 805 ut
1396 769 1577 808 constat
1594 779 1649 810 ex
1675 773 1771 812 tota
1794 782 1891 812 ora·

185 834 324 872 tionis
345 826 479 874 serie.

249 901 362 949 428.
399 903 471 950 Ad
500 903 568 951 3ιιι
588 939 600 962 ,
635 904 760 950 Disc.
797 907 1053 971 Imperavit
1082 909 1329 974 Apostolus
1361 910 1682 960 obedientiam
1711 914 1890 963 Princi-

184 976 321 1042 pibus
344 979 393 1025 in
415 979 610 1043 negotiis
640 979 880 1041 civilibus,
920 1000 1071 1037 conc.;
1095 985 1144 1031 in
1172 987 1367 1049 negotiis
1403 988 1718 1037 ecclesiasticis
1735 1027 1748 1051 ⁷
1769 994 1884 1055 neq,

183 1056 252 1101 De
282 1055 353 1101 his
379 1057 509 1104 enim
545 1073 606 1104 ne
635 1055 835 1104 verbum
862 1058 1050 1123 quidem
1083 1060 1221 1108 edicit
1248 1062 1296 1107 in
1325 1062 1526 1111 adducto
1561 1074 1713 1114 textu.
1741 1068 1889 1114 Nemo

183 1149 350 1196 porroa
373 1133 451 1197 qui
472 1132 677 1180 insanire
699 1133 820 1180 nolit
836 1170 848 1194 7
874 1135 1058 1183 civilem
1083 1154 1134 1184 ac
1162 1137 1400 1201 politicam
1431 1148 1712 1204 potestatem
1741 1142 1886 1190 66616-

186 1207 366 1254 siastica
395 1207 673 1256 nobiliorem
695 1227 821 1270 6556,
848 1210 1084 1260 affirmare
1113 1222 1280 1278 potest.
1314 1215 1361 1261 Si
1385 1216 1512 1262 enim
1542 1217 1783 1283 utriusque
1808 1218 1888 1266 ob·

177 1286 357 1345 jectum
376 1293 424 1331 et
449 1286 555 1333 finis
572 1286 907 1351 perpendatur,
935 1288 1098 1354 liquet,
1128 1291 1373 1339 manifeste
1392 1292 1746 1341 ecclesiasticam
1764 1296 1886 1344 civili

182 1359 322 1423 longe
345 1371 584 1425 praestare.
612 1363 710 1409 Vox
742 1372 899 1411 autem
925 1364 1004 1412 illa
1028 1368 1343 1431 comparativa
1369 1369 1738 1418 sublimioribus
1759 1371 1887 1419 haud

145 1426 147 1428 ¹
184 1436 414 1500 significat
444 1439 842 1504 comparationem
871 1442 1169 1489 referendam
1192 1460 1290 1491 esse
1321 1444 1380 1490 ad
1408 1445 1762 1495 ecclesiasticam
1797 1466 1887 1512 po·-

181 1520 399 1561 testatem
415 1552 428 1574 v
460 1514 518 1562 de
552 1532 641 1581 qua
657 1553 669 1576 7
695 1526 748 1563 ut
770 1515 1000 1578 diximus,
1030 1519 1156 1565 nulla
1189 1519 1253 1565 ibi
1288 1521 1466 1568 mentio
1491 1522 1545 1567 fit
1563 1558 1575 1579 a
1606 1522 1690 1569 sed
1714 1523 1773 1570 ad
1796 1541 1885 1588 po-

181 1597 402 1651 testates,
431 1609 510 1639 seu
530 1593 684 1659 potius
708 1592 768 1640 ad
787 1593 1001 1642 homines
1030 1603 1262 1660 potestate
1279 1596 1405 1645 civili
1428 1597 1648 1662 praeditos
1671 1599 1796 1647 inter
1817 1617 1881 1647 se.

184 1667 393 1729 Accedit,
422 1670 547 1735 quod
574 1687 746 1733 graecus
774 1679 928 1717 textus
950 1676 1221 1736 ὑπερεχούσαις
1247 1690 1343 1719 non
1364 1689 1460 1738 prae
1485 1690 1533 1720 se
1552 1673 1670 1720 ferat
1691 1692 1884 1723 sensum

182 1746 554 1809 comparativum
570 1781 583 1807 7
602 1745 686 1792 sed
713 1747 968 1811 positivum
982 1750 1298 1803 sublimibus,
1321 1748 1396 1798 vel
1415 1748 1474 1796 ad
1494 1766 1732 1799 summum
1749 1752 1882 1799 valde

181 1823 503 1878 sublimibus,
536 1823 585 1868 in
611 1822 848 1870 excelsiori
875 1832 999 1870 statu
1026 1825 1290 1872 constitutis
1320 1825 1408 1889 (3).

234 1988 286 2039 (1)
316 1986 426 2041 Apud
454 1987 712 2037 Hardffinum,
740 1988 843 2028 Acta
873 1990 992 2030 Cone.

179 2062 272 2093 tom.
306 2065 357 2102 u,
391 2055 462 2093 col.
484 2053 588 2109 487;
610 2055 680 2094 cfr.
703 2055 795 2094 ibid.
823 2064 914 2095 tom.
943 2071 991 2106 v,

179 2120 251 2159 col.
295 2133 407 2174 920-
424 2134 499 2174 921
527 2151 538 2170 ‚
583 2121 737 2160 celebris
792 2122 964 2161 allocutio
981 2152 993 2174 ,

178 2201 291 2239 quam
315 2186 445 2225 habuit
462 2187 669 2239 Imperator
690 2186 850 2227 Basilius
871 2190 911 2227 in
928 2203 994 2228 vm

177 2251 323 2291 Concil.
350 2266 535 2294 oecumen.
559 2251 908 2305 Constantinopolit.
930 2253 994 2293 ubi

178 2319 272 2356 inter
309 2326 429 2357 cetera
473 2319 550 2357 haec
593 2319 745 2370 protulit
783 2333 796 2358 :
844 2319 993 2372 Quam-

177 2395 291 2433 quam
316 2383 448 2422 datum
470 2397 550 2422 non
574 2385 627 2421 sit
652 2385 738 2422 istis
763 2384 914 2435 (laicis)
937 2399 993 2423 se-

177 2447 349 2485 cundum
383 2462 568 2487 canonem
600 2449 759 2487 dicendi
792 2450 992 2501 quidpiam

179 2512 224 2549 de
244 2511 507 2552 ecclesiasticis
524 2516 655 2552 causis
670 2528 680 2562 ;
695 2527 789 2567 opus
803 2515 906 2552 enim
923 2515 993 2555 hoc

171 2578 400 2630 pontificum
424 2586 460 2616 et
475 2578 712 2618 sacerdotum
736 2587 812 2626 est,
838 2589 906 2619 etc.

233 2643 283 2694 (2)
313 2642 392 2682 Cfr.
415 2644 591 2683 Salvador
604 2636 631 2693 ‚⁶
656 2644 769 2684 Hise.
787 2645 851 2683 des
874 2647 988 2685 insci-

177 2715 249 2746 tut.
277 2708 323 2747 de
349 2710 504 2758 sneise,
533 2709 636 2748 Paris
668 2708 793 2759 1828,
816 2719 908 2751 tom.
945 2726 984 2762 ῃ,

177 2774 244 2813 liv.
269 2786 321 2823 ιι,
363 2775 425 2814 ch.
450 2789 476 2813 1.
507 2773 782 2826 Maqistrature
814 2779 987 2817 sacerdo-

176 2838 254 2878 tale
270 2870 279 2888 ‚
300 2854 382 2892 pag.
419 2853 493 2894 129
517 2850 552 2880 et
576 2855 678 2895 seqq.

234 2905 285 2957 (3)
316 2906 395 2946 cfr.
423 2907 544 2946 Estius
563 2909 602 2945 in
627 2909 729 2947 hunc
756 2908 829 2947 loc.
854 2908 994 2949 Hieme

179 2972 352 3011 cohibere
359 2987 438 3012 snon
452 2987 599 3025 possum
615 2973 662 3012 ab
681 2973 875 3014 afferendis
890 3005 900 3016 .
913 2989 995 3028 quae

1062 1992 1232 2044 praeclare
1255 1991 1297 2030 in
1328 1991 1427 2032 hanc
1449 2007 1527 2032 rem
1562 1993 1688 2034 scribit
1715 1995 1852 2035 Hurter
1867 2025 1878 2044 ‚

1060 2065 1267 2110 protestans
1292 2087 1303 2107 ‚
1328 2059 1369 2096 in
1392 2060 1466 2097 vita
1488 2059 1697 2099 Innocentii
1721 2073 1788 2108 11¹,
1808 2059 1877 2099 lib.

1060 2137 1120 2162 xlv
1136 2153 1147 2172 ,
1173 2122 1262 2162 edit.
1287 2125 1356 2162 cit.
1370 2131 1463 2162 tom.
1487 2138 1532 2161 111
1548 2154 1558 2173 ‚
1578 2138 1661 2176 pag.
1678 2125 1702 2163 3
1727 2138 1738 2163 :
1761 2123 1880 2164 Dan-3

1058 2196 1143 2228 tone
1165 2188 1216 2226 les
1246 2195 1366 2241 temps
1385 2191 1435 2228 οὐ
1457 2188 1510 2229 les
1523 2192 1789 2243 persecutione
1812 2198 1879 2229 ont

1060 2259 1115 2293 ἐὶέ
1140 2255 1195 2293 les
1212 2254 1304 2307 plus
1326 2256 1483 2295 oruelles
1497 2286 1508 2306 ‚
1544 2256 1615 2295 elle
1631 2257 1641 2306 (
1655 2257 1833 2310 l’Eglise)
1855 2272 1880 2297 a

1058 2323 1187 2359 trouve
1200 2320 1267 2358 des
1278 2320 1447 2360 hommes
1459 2351 1473 2371 ,
1489 2324 1559 2374 qui
1575 2336 1625 2361 ne
1638 2324 1880 2363 tremblaient

1050 2399 1127 2439 pas
1147 2385 1192 2423 de
1211 2387 1346 2426 braver
1359 2387 1397 2426 la
1419 2402 1507 2440 raqe
1529 2388 1593 2427 des
1617 2402 1758 2441 vaquee
1780 2396 1817 2427 et
1826 2389 1879 2428 le&

1056 2450 1222 2502 danqers
1253 2451 1305 2490 leo
1340 2446 1434 2505 ¹plus
1466 2467 1679 2503 menaeans
1708 2469 1811 2508 pour
1838 2454 1877 2492 la

1054 2515 1173 2568 qloire
1205 2516 1258 2555 du
1285 2514 1476 2569 Seiqneur
1512 2527 1548 2557 et
1571 2519 1725 2559 l’utilite
1763 2519 1809 2558 de
1835 2518 1874 2556 la

1055 2581 1259 2620 claretieme
1274 2596 1292 2632 ‚-
1330 2583 1397 2621 elle
1425 2591 1571 2637 compte
1602 2591 1687 2623 tant
1713 2585 1759 2623 de
1782 2596 1871 2635 per-

1056 2662 1245 2701 sonnaqes
1259 2650 1442 2689 sublimes
1457 2653 1528 2703 qui
1545 2660 1609 2692 ont
1622 2656 1677 2691 ele
1685 2651 1778 2704 plus
1792 2649 1875 2687 dis-

1055 2718 1207 2766 unques
1223 2729 1301 2767 par
1332 2716 1370 2754 la
1392 2717 1541 2769 dignit&
1558 2718 1609 2755 *de
1634 2717 1733 2756 leurs
1753 2717 1877 2753 semi-

1059 2794 1167 2819 mem
1195 2794 1266 2832 que
1296 2795 1375 2834 par
1393 2781 1518 2820 l'eclat
1542 2782 1732 2820 eeterieur
1763 2779 1874 2832 qu‘ils

1059 2847 1295 2884 recevraient
1314 2846 1360 2885 de
1373 2846 1472 2885 leurs
1487 2845 1683 2897 fonctions
1693 2852 1875 2898 pastora-

1061 2910 1141 2949 les!
1166 2912 1230 2949 La
1251 2910 1381 2951 liberte
1403 2911 1609 2949 interieure
1638 2911 1684 2949 de
1715 2911 1751 2950 la
1782 2924 1874 2950 con-

1061 2977 1206 3015 science
1228 2977 1363 3032 s'qrme
1391 2975 1438 3014 de
1464 2988 1523 3014 ces
1545 2976 1697 3029 paroleo
1721 2978 1767 3016 cle
1782 2975 1871 3016 ΡΑ-
