2028 3354
1688 220 1781 269 437

300 238 424 267 PART.
465 239 495 268 1.
531 238 648 268 SEGT.
686 239 736 268 ΙΙ.
773 237 869 267 ΟΔΡ.
911 238 981 268 111.
1021 239 1073 267 DE
1109 238 1213 268 NAT.
1253 239 1304 268 ΕΤ
1339 238 1437 269 JUR.
1460 240 1582 271 PRIM-

105 351 263 397 Patres
288 350 477 397 Concilii
511 350 723 414 Ephesini
752 350 942 415 professi
964 361 1072 398 sunt
1096 369 1144 398 se
1166 361 1344 399 coactos
1365 353 1534 401 litteris
1554 354 1784 400 Caelestini

103 425 163 471 ad
191 426 526 489 depositionem
555 427 753 473 Nestorii
783 426 1022 473 devenisse
1054 427 1274 490 (1).Hue
1307 427 1508 493 denique
1544 436 1780 494 spectant,

105 518 204 565 quae
229 502 436 566 superius
455 502 694 549 attulimus
713 503 809 550 sive
833 519 889 549 ex
912 504 1050 549 Cone.
1079 504 1373 550 Lateranensi
1397 505 1454 551 IV
1473 541 1484 561 Ἴ
1508 504 1637 569 quod
1662 520 1780 551 rom.

104 577 313 624 Pontifici
344 577 533 642 plenam
575 587 622 625 et
655 578 935 625 ordinariam
967 579 1288 625 auctoritatem
1327 581 1374 625 in
1404 581 1671 628 universam
1697 581 1784 626 Ec-

104 653 282 698 clesiam
310 653 507 698 adstruit
524 689 535 711 5
557 656 654 699 sive
677 670 732 699 ex
753 654 889 699 Cone.
913 653 1179 698 Florentino
1202 652 1479 712 definiente,
1494 658 1689 718 plenam
1709 656 1787 701 illi

95 736 364 791 potestatem
394 747 422 773 A
454 729 508 774 D.
534 730 589 775 N.
610 730 653 774 J.
686 729 735 775 C.
768 745 1008 786 PASCENDI,
1043 744 1235 774 nmmum
1265 745 1322 774 ET
1352 746 1638 777 GUBERNANDI
1667 734 1784 777 uni-

104 821 286 850 versam
319 805 585 851 Ecclesiam
614 803 834 850 traditam
856 819 968 849 esse.

169 880 277 926 630.
314 882 514 927 Tantum
546 882 682 942 igitur
708 878 866 935 abest,
898 888 950 924 ut
973 880 1131 926 Patres
1161 889 1207 926 et
1235 879 1442 929 Concilia
1474 881 1601 927 illam
1631 881 1785 929 admi-

103 956 246 1002 serint
270 956 610 1003 distinctionem
641 955 765 1000 inter
795 971 1059 1017 supremam
1093 956 1322 1001 pontificis
1351 958 1672 1004 auctoritatem
1705 975 1784 1004 su·-

103 1048 186 1096 per
207 1031 422 1078 Ecclesias
444 1032 542 1077 sive
570 1030 815 1094 Episcopos
842 1029 1136 1077 distributive
1165 1040 1374 1095 sumptos
1392 1068 1405 1081 ,
1435 1041 1483 1078 et
1517 1049 1782 1097 supremam

102 1108 418 1154 auctoritatem
445 1105 746 1152 Ecclesiarum
766 1122 845 1151 seu
869 1106 1199 1169 Episcoporum
1217 1107 1354 1153 simul
1371 1106 1672 1155 collectorum
1693 1144 1705 1166 ,
1730 1124 1782 1156 ac

103 1182 298 1246 proinde
328 1181 635 1228 Conciliorum
656 1179 940 1242 generalium
960 1198 1099 1245 super
1117 1182 1383 1229 Pentificem
1399 1214 1416 1236 ,
1441 1192 1494 1228 ut
1517 1200 1620 1230 eam
1642 1182 1782 1248 plane

104 1267 315 1305 evertant
334 1267 380 1303 et
402 1257 533 1302 dictis
556 1266 604 1303 et
622 1256 750 1302 factis
766 1255 1140 1303 luculentissimis
1161 1257 1247 1320 (2).
1263 1259 1382 1305 Sane
1404 1275 1510 1305 cum
1528 1260 1650 1306 solus
1663 1277 1780 1307 rom.

102 1332 311 1379 Pontifex
338 1332 586 1378 obstitisset
605 1332 769 1377 canoni
802 1332 1033 1378 XXXVIII
1064 1333 1252 1378 Concilii
1289 1335 1560 1382 oecumenici
1590 1335 1784 1383 Chalce-

101 1408 342 1468 donensiS‚
384 1407 563 1454 nullam
596 1424 745 1454 canon
777 1407 850 1454 hic
887 1425 1097 1473 unquam
1130 1409 1223 1455 vim
1262 1409 1426 1456 habuit
1456 1410 1546 1475 (3).
1579 1412 1781 1458 Tantum

101 1495 321 1550 praeterea
341 1484 486 1543 abest5
505 1494 558 1530 ut
582 1483 781 1530 Concilia
800 1484 1032 1549 generalia
1061 1484 1148 1531 sibi
1167 1486 1483 1548 arrogaverint
1505 1496 1783 1552 potestatem

101 1559 291 1622 cogendi
311 1560 578 1606 Pontificem

98 1767 234 1805 darum
254 1766 311 1806 vel
332 1768 465 1806 iduum
483 1797 494 1815 ‚
520 1774 632 1820 quota
653 1767 746 1806 lana
759 1767 905 1819 pascha

98 1832 225 1871 debeat
255 1832 458 1879 celebrari,
485 1847 556 1886 per
583 1833 752 1884 sinynloe
784 1845 906 1871 annos

98 1900 279 1937 Romanae
305 1898 493 1938 Ecclesia?
523 1899 641 1937 literis
680 1900 907 1945 intimaret,-

98 1964 200 2002 unde
215 1963 435 2016 Apostolica
460 1966 684 2003 auctoritate
706 1966 905 2003 am‘versa-

98 2029 147 2066 lis
159 2028 199 2066 E
200 2028 343 2066 cclesioe
349 2043 422 2081 per
432 2037 549 2068 totum
561 2030 684 2068 orbem
698 2030 906 2083 deffinitum

100 2093 264 2131 Paschae
295 2093 395 2131 diem
420 2097 502 2131 sine
531 2094 612 2133 ulla
641 2094 907 2147 disceptatione

100 2166 343 2209 coqnosceret.
357 2158 437 2196 Non
452 2167 591 2211 poterat
604 2160 907 2198 luculentioribus

101 2223 217 2260 verbis
231 2223 401 2262 Ecclesiae
429 2238 592 2262 romanae
618 2238 681 2262 seu
699 2238 794 2262 rom.
810 2224 907 2262 Pon-

101 2287 209 2325 tificis
232 2290 271 2325 in
297 2292 501 2328 universam
531 2289 732 2328 Ecclesiam
753 2290 910 2328 auctori-

103 2360 156 2390 tas
180 2353 340 2393 coactiva
363 2356 577 2406 significari.

161 2418 212 2468 (l)
235 2418 342 2469 Apud
362 2420 547 2460 Harduin.
572 2419 675 2459 Acta
697 2420 858 2459 Conc.t.
872 2434 884 2457 1
897 2449 907 2467 ,

103 2483 173 2522 col.
202 2481 315 2533 1422.
470 2473 472 2476 V

159 2548 213 2599 (2)
245 2547 352 2599 Quod
375 2548 432 2587 vel
453 2551 531 2600 ipso
557 2563 652 2587 sanae
673 2551 823 2589 rationis
849 2550 909 2589 lu-

104 2615 206 2662 mine
227 2614 320 2652 vidit
340 2622 540 2665 protestans
564 2614 789 2654 Moshemius
802 2645 813 2663 ‚
841 2616 910 2667 qui

107 2681 148 2717 in
171 2679 338 2718 Dissert.
360 2678 405 2716 de
428 2678 628 2717 Gallorum
648 2679 914 2732 appellationi-

105 2745 176 2783 lme
200 2744 251 2782 ad
280 2743 496 2783 Concilium
512 2746 711 2796 universa·
735 2743 914 2784 Ecclesiae

106 2812 292 2848 unitatem
324 2809 509 2849 Ecclesiae
533 2810 722 2849 visibilem
749 2810 913 2849 tollenti-

108 2874 178 2913 bus
198 2878 305 2928 (quae
323 2876 505 2930 reperitur
529 2878 622 2916 inter
652 2873 735 2930 ejus
758 2876 912 2915 Disser-

110 2941 268 2980 tationes
303 2943 355 2981 ad
389 2942 590 2981 historiam
622 2941 913 2981 ecclesiasticam

105 3008 360 3058 pertinentes,
392 3009 586 3049 Altonaviae
617 3009 736 3062 1739,
758 3017 849 3049 tom.
877 3023 912 3057 1,

610 1594 620 1615 .,
651 1567 730 1605 aut
747 1562 820 1620 jus
846 1560 895 1605 in
918 1576 1023 1606 eum
1053 1559 1230 1607 ferendi
1251 1562 1531 1608 sententiam
1550 1597 1563 1622 ‚
1590 1572 1644 1610 ut
1664 1563 1783 1610 Con-

970 1781 1053 1819 pag.
1075 1766 1200 1818 612),
1223 1769 1403 1821 ejusmodi
1429 1770 1700 1810 distinctionem
1726 1785 1790 1811 re*

971 1833 1086 1881 seuit,
1116 1834 1278 1872 scribens
1304 1847 1315 1873 ε
1350 1833 1462 1887 Quod
1491 1838 1681 1874 universis
1701 1838 1781 1875 sive

970 1897 1134 1949 sinqulis
1158 1897 1199 1936 E
1201 1899 1347 1939 eclesiis
1363 1913 1529 1952 proeesse
1553 1902 1781 1954 Pontificem

970 1962 1103 2001 dicunt
1125 1995 1135 2011 ‚
1164 1977 1241 2002 non
1278 1967 1467 2005 ἰιηίυενειε
1504 1965 1709 2016 Ecclesioe,
1741 1967 1783 2005 id

970 2035 1049 2066 tam
1071 2029 1173 2067 mihi
1192 2031 1331 2070 scitum
1359 2031 1512 2070 videtur
1527 2060 1539 2080 ,
1564 2045 1611 2071 ac
1636 2034 1671 2070 si
1694 2034 1781 2083 quis

970 2094 1198 2145 affirmaret,
1229 2096 1396 2134 membra
1425 2097 1576 2148 quidem
1604 2111 1629 2135 a
1658 2100 1782 2150 capite

972 2162 1054 2211 reqi
1065 2189 1076 2208 ,
1091 2174 1170 2199 non
1183 2175 1288 2211 vero,
1307 2163 1407 2213 quod
1426 2176 1472 2200 ea*
1493 2162 1670 2201 membris
1688 2176 1783 2202 con-

971 2232 1069 2274 stat,
1095 2239 1231 2278 corpus
1242 2240 1259 2275 ;
1293 2233 1362 2264 aut
1385 2227 1495 2265 nrbes
1523 2227 1677 2279 quidem
1699 2242 1779 2267 om-

972 2304 1038 2329 nes
1048 2320 1058 2339 ‚
1085 2290 1195 2329 villas
1208 2292 1404 2344 etproedia
1421 2292 1569 2331 subesse
1584 2295 1683 2345 αφ’,
1705 2306 1781 2332 non

972 2369 1057 2395 vero
1072 2386 1081 2404 ,
1106 2370 1191 2408 quoe
1210 2356 1272 2395 his
1286 2359 1524 2406 continetur,
1548 2360 1673 2410 ipsam
1691 2371 1783 2411 pro-

972 2423 1156 2459 vinciam.

1026 2489 1085 2539 (3)
1109 2489 1188 2541 Qua
1212 2489 1258 2527 de
1279 2500 1319 2527 re
1347 2490 1420 2529 cfr.
1446 2490 1506 2529 vel
1543 2492 1620 2546 ipse
1645 2490 1783 2529 Natalis

974 2552 1079 2593 Alex.
1104 2556 1169 2607 qui
1189 2556 1251 2593 cit.
1280 2555 1365 2593 diss.
1387 2568 1425 2592 ιν
1440 2557 1479 2594 in
1510 2569 1588 2595 sec.
1612 2570 1653 2605 1,
1681 2554 1703 2608 §
1726 2555 1753 2607 4
1770 2586 1781 2603 ,

974 2621 1014 2656 in
1039 2633 1132 2671 resp.
1156 2617 1204 2657 ad
1225 2618 1359 2670 object.
1380 2632 1469 2666 vui,
1489 2629 1610 2673 aperte
1632 2623 1781 2672 profite-

975 2693 1060 2733 tur,
1083 2698 1262 2723 canonem
1290 2685 1396 2724 illum
1411 2717 1425 2733 ,
1459 2693 1584 2737 utpote
1619 2699 1639 2723 a
1661 2685 1784 2724 Leone

977 2748 1031 2787 M.
1049 2750 1284 2801 reprobatum
1300 2779 1310 2796 ‚
1336 2751 1480 2788 nullam
1497 2752 1570 2788 vim
1586 2749 1781 2793 habuisse,

979 2814 1077 2852 unde
1098 2824 1131 2854 et
1145 2812 1261 2853 Graeci
1278 2816 1347 2866 ipsi
1369 2815 1475 2852 illum
1498 2829 1541 2853 ex
1555 2814 1683 2853 codice
1706 2814 1781 2853 Ec-

977 2879 1092 2917 clesiae
1130 2893 1205 2918 suae
1245 2887 1516 2931 expunxerunt.
1553 2879 1634 2918 cfr.
1674 2881 1785 2918 etiam

978 2942 1176 2996 Roncaglia
1191 2973 1204 2993 ‚
1231 2946 1271 2982 in
1286 2942 1562 2983 Animadvers.
1577 2944 1624 2983 ad
1646 2944 1736 2982 diss.
1748 2955 1788 2980 w»

980 3023 1053 3050 sec..
1072 3025 1119 3049 xv
1144 3022 1178 3049 et
1204 3024 1265 3049 xv:
1280 3039 1290 3057 ‚
1313 3009 1454 3048 Natalis
1475 3007 1612 3061 Alex.§
1634 3022 1674 3061 9.
