2028 3354
249 211 344 258 462
740 223 908 254 macru
936 224 990 252 DE
1024 223 1143 252 touls
1177 225 1468 256 Tnuozoclcis.

249 353 353 391 tum
382 341 467 405 (1).
495 340 548 386 40
578 337 753 396 Quibus
787 339 1039 385 concinunt
1057 373 1071 396 ,
1106 355 1210 403 quae
1238 339 1298 386 ad
1325 341 1682 388 Constantinum
1722 341 1929 404 Pogonu-

249 429 379 473 tum‚
406 416 485 480 qui
506 415 861 463 confirmaverat
885 413 1143 461 Concilium
1165 414 1248 473 VI,
1275 417 1452 481 scripsit
1476 418 1564 464 Leo
1596 416 1636 463 ΙΙ
1658 433 1668 462 :
1701 417 1934 479 Synodalz'

250 499 405 559 iyz'tur
425 496 654 540 sententia
672 501 715 539 et
732 493 1002 555 imperialis
1025 493 1170 539 edicti
1192 491 1429 553 Censura,
1460 504 1693 557 tanquam
1722 496 1934 556 ancipiti

247 573 452 634 spiritus
472 569 660 633 gladio„
685 586 795 615 cum
813 570 994 631 priscis
1034 568 1294 614 laceres-ihus
1322 572 1466 615 eciam
1508 587 1637 618 novoe
1668 573 1931 633 pravitatis

247 662 384 692 error
411 653 672 708 eoepunctus
697 653 762 690 est
797 644 885 705 (2).
921 644 1091 691 Contra
1114 661 1220 692 vero
1246 661 1365 691 rom.
1391 646 1622 692 Pontificis
1642 645 1930 693 confirmatio

249 720 538 769 desideratur
549 720 700 786 quoad
711 719 967 766 Concilium
983 721 1221 767 Nicaenum
1241 729 1287 768 et
1312 721 1879 786 Constantinopolitanum
1896 723 1928 780 l,

248 806 297 846 et
317 796 499 845 nonnisi
523 814 624 843 sero
651 795 916 842 introducta
935 805 1022 842 est.
1049 796 1103 841 6⁰
1127 798 1189 842 Eo
1217 797 1360 860 magis
1380 796 1503 861 quod
1522 796 1600 843 illa
1621 797 1696 846 vel
1715 798 1773 844 sit
1792 816 1904 862 pror
1926 827 1929 832 ·

250 890 326 920 sus
355 873 489 919 noxia
515 908 526 929 ,
555 880 634 918 aut
656 871 820 918 saltem
841 887 1182 935 supervacanea
1207 889 1217 917 z
1255 875 1401 919 noxia
1423 873 1610 937 quidem
1636 909 1648 932 7
1680 874 1784 938 quia
1803 873 1932 920 dero-

248 958 327 1013 gat
355 948 616 995 auctoritati
659 946 1002 1002 Conciliorum3
1041 964 1261 1010 quorsum
1296 949 1420 995 enirn
1442 984 1455 1006 ‚
1497 949 1565 995 uti
1604 948 1935 996 animadvertit

250 1023 505 1072 Febronius
519 1058 537 1081 ,
564 1023 775 1070 dicerent
794 1024 950 1069 Patres
975 1022 1223 1068 anathema
1236 1022 1318 1068 tali
1350 1023 1421 1071 vel
1453 1023 1532 1070 tali
1550 1061 1562 1078 „
1600 1025 1678 1089 qui
1704 1026 1766 1071 ita
1800 1026 1942 1072 sentit

249 1111 331 1148 aut
364 1100 545 1148 credit?
567 1099 802 1146 Luderent
820 1098 1026 1163 profecto
1057 1097 1257 1162 Synodi7
1296 1098 1406 1143 dum
1437 1100 1693 1160 definiunt5
1730 1103 1768 1148 si
1797 1103 1942 1149 firmae

251 1176 542 1223 definitiones
585 1192 744 1222 earum
772 1192 867 1221 non
900 1183 1054 1222 essent
1097 1174 1185 1221 nisi
1218 1173 1464 1222 accedente
1509 1177 1739 1223 Pontificis
1773 1179 1942 1225 confir-

252 1253 483 1313 matione3
513 1267 867 1314 supervacanea
896 1267 1036 1310 vero,
1081 1250 1120 1298 si
1151 1250 1387 1297 Pontificis
1425 1250 1564 1315 legati
1597 1253 1778 1315 Synodo
1822 1271 1944 1318 prae-

253 1328 365 1375 sint.
402 1329 532 1391 Ergo.

320 1404 432 1451 672.
472 1406 608 1469 Resp.
653 1403 720 1450 Ad
756 1405 837 1462 1¹¹¹,
871 1404 989 1467 Ney.
1029 1404 1144 1452 Fieri
1175 1404 1304 1450 enim
1348 1404 1538 1469 nequit,
1580 1412 1630 1449 ut
1669 1403 1944 1451 documenta

256 1480 545 1544 antiquitatis
584 1478 850 1545 paradoxon
873 1479 1093 1538 inferant,
1123 1478 1249 1544 quod
1276 1480 1548 1542 evangelicae
1588 1480 1865 1527 institutioni
1895 1496 1947 1527 ac

255 1564 431 1603 naturae
460 1556 686 1620 primatus
718 1573 832 1601 rom.
874 1555 1104 1602 Pontificis
1138 1556 1425 1603 adversatur.
1475 1555 1784 1614 Quandonam
1820 1557 1947 1602 enim

257 1631 465 1679 Christus
496 1630 799 1678 demandavit
827 1630 1044 1678 humanae
1069 1630 1267 1696 politicae
1293 1669 1304 1690 7
1328 1642 1381 1678 ut
1404 1633 1549 1694 judex
1579 1633 1626 1679 in
1650 1635 1794 1680 causis
1820 1633 1946 1691 fidei,

257 1725 442 1755 morum
471 1717 551 1754 aut
580 1706 832 1772 disciplinae
865 1707 1118 1754 existeret?
1140 1708 1379 1774 Principes
1408 1708 1635 1773 siquidem
1672 1719 1722 1755 ut
1749 1708 1830 1755 filii
1850 1707 1950 1754 reli-

258 1784 337 1849 qui
356 1800 516 1850 parere
536 1782 835 1847 synodalibus
859 1782 1054 1831 decretis
1074 1783 1250 1831 debent
1266 1821 1278 1843 7
1300 1802 1398 1831 non
1419 1794 1575 1832 autem
1588 1802 1639 1832 ea
1660 1785 1948 1831 confirmare.

259 1861 304 1907 Si
328 1877 402 1908 res
419 1860 482 1906 ita
507 1877 554 1906 se
575 1858 769 1906 haberet
789 1896 801 1918 7
841 1876 921 1906 cur
961 1859 1218 1907 Concilium
1255 1860 1721 1924 Hierosolymitanum
1751 1878 1847 1906 non
1873 1876 1950 1906 ex-

258 1937 427 2003 petivit
455 1936 747 1983 decretorum
785 1953 975 1982 suorum
997 1936 1404 1984 confirmationem
1424 1954 1450 1984 a
1476 1938 1582 1999 CaJ'o
1603 1935 1806 2000 Caligula
1823 1935 1847 1983 ’.7
1866 1936 1953 1983 Ve-

259 2031 364 2062 rum
394 2012 572 2077 singula
589 2048 602 2072 7
628 2029 730 2078 quae
764 2012 1024 2060 obtrudunt
1051 2012 1330 2073 adversarii„
1357 2012 1690 2078 expendamus.

325 2088 438 2138 673.
465 2088 533 2136 Ad
557 2089 641 2148 2¹¹¹,
671 2090 794 2137 Dz'st.
830 2089 1028 2135 Concilia
1057 2090 1327 2136 confirmata
1351 2098 1461 2136 sunt
1488 2088 1546 2135 ab
1570 2087 1950 2154 Imperatoribus.,

261 2176 312 2213 ut
343 2165 485 2213 robur
512 2166 575 2212 eis
598 2165 903 2213 intrinsecum
934 2165 1187 2225 adderent7
1222 2183 1301 2213 seu
1325 2176 1377 2213 ut
1416 2165 1701 2229 obligarent„
1738 2181 1866 2229 nequ:
1896 2172 1950 2211 ut

261 2243 520 2289 executioni
544 2240 602 2287 ab
626 2241 843 2288 omnibus
879 2242 1240 2301 mandarentur,
1273 2261 1353 2289 seu
1387 2252 1436 2289 ut
1468 2242 1557 2288 illis
1593 2240 1821 2288 adderent
1854 2241 1947 2289 vim

264 2319 598 2376 extrinsecam,
629 2335 773 2365 conc..
804 2319 917 2365 Tota
950 2319 1205 2366 extrinseca
1240 2328 1339 2365 erat
1364 2318 1440 2366 illa
1472 2320 1810 2383 Imperatorum
1834 2335 1947 2364 con-

265 2395 464 2441 firmatio
480 2431 491 2451 ,
516 2411 618 2459 quae
643 2395 902 2441 auctoritati
928 2394 1133 2442 Ecclesiae
1149 2431 1162 2444 .
1193 2412 1354 2442 omnes
1383 2403 1430 2441 et
1459 2393 1663 2458 singulos
1696 2394 1755 2441 ad
1777 2411 1947 2458 paren-

265 2469 380 2516 dum
411 2470 546 2516 editis
576 2470 771 2517 decretis
800 2471 850 2516 in
876 2471 1151 2518 conscientia
1176 2470 1485 2534 adstringenti
1505 2506 1517 2530 7
1540 2479 1820 2537 potestatem
1863 2486 1949 2534 po·-

265 2544 438 2592 liticam
486 2545 726 2608 adjiciebat
755 2583 766 2606 ,
810 2555 863 2592 ut
900 2549 1104 2609 perversi
1141 2556 1188 2593 et
1232 2555 1527 2594 contumaces
1577 2546 1636 2593 ad
1688 2564 1740 2594 ea
1776 2546 1949 2611 pariter

267 2621 556 2670 admittenda
599 2631 873 2686 cogerentur
908 2657 925 2678 ‚
965 2633 1369 2687 compescerentur
1413 2623 1615 2671 haeretici
1644 2659 1657 2683 ,
1703 2632 1839 2687 atque
1892 2619 1950 2665 ad

268 2696 441 2744 bonam
465 2698 673 2760 frugem,
700 2700 770 2745 sin
790 2699 942 2745 minus
971 2700 1243 2751 auctoritate
1268 2699 1497 2747 infallibili
1522 2699 1754 2754 Ecclesiae,
1786 2697 1951 2743 timore

271 2772 435 2820 saltem
452 2790 697 2837 poenarum
719 2774 1013 2838 adigerentur
1030 2779 1047 2838 ζ
1054 2776 1119 2840 3).

324 2933 380 2984 (l)
401 2932 505 2985 Apud
520 2934 801 2976 narduin.A0ea
821 2936 933 2975 Cone.
951 2945 1041 2977 tom.
1057 2949 1085 2986 1,
1208 2938 1259 2987 (2)
1288 2939 1384 2977 Ibid.
1409 2947 1497 2977 tom.
1521 2950 1586 2985 ιιι,
1611 2936 1682 2975 col.
1717 2936 1831 2989 1474.

275 3000 347 3038 col.
372 2996 467 3051 807.
1208 3002 1263 3054 (3)
1292 3003 1440 3055 Optime
1453 3002 1605 3055 proinde
1618 3002 1796 3052 Zalwein‚
1812 3003 1953 3041 Princ.
