2028 3354
280 207 408 238 PAR-r.
440 210 474 238 1.
511 209 630 240 secr.
668 210 720 241 11.
759 211 861 241 cu.
896 211 968 240 111.
1008 211 1062 240 nn
1096 211 1201 241 nn.
1240 211 1294 241 m·
1328 211 1430 242 sun.
1469 211 1594 243 Pam.
1687 197 1783 244 473

160 319 272 367 689.
311 318 416 383 Obj.
462 322 629 387 prima.
671 323 719 368 10
766 322 1120 372 Irretractabilia
1163 325 1420 388 dogmatica
1472 327 1783 375 Conciliorum

93 398 488 445 oecumenicorum
509 397 691 446 decreta
718 401 875 448 Patres
898 419 994 448 non
1015 400 1305 462 habuerunt,
1328 396 1586 467 praesertim
1606 405 1651 451 S.
1676 406 1784 452 Gre-
1848 468 1851 470 Ι

91 472 243 534 gorius
256 473 569 520 Nazianzenus
585 511 596 533 7
629 476 708 540 qui
726 475 1058 540 profitebatur,
1085 494 1134 523 se
1158 478 1315 540 fugere
1334 480 1665 545 Episcoporum
1688 497 1786 529 coe-

89 555 215 607 tum,
241 549 414 613 quippe
445 551 570 614 quod
600 542 772 598 nullius
794 553 981 599 Concilii
1003 552 1182 600 felicem
1205 555 1384 601 exitum
1405 555 1571 602 viderit
1600 556 1677 620 (1)
1698 592 1711 615 ,
1735 564 1785 605 et

88 624 131 669 S.
160 625 439 687 Augustinus
458 662 470 684 3
493 629 568 691 qui
587 628 757 675 fatetur
772 665 784 688 ⁷
805 629 1005 675 Concilia
1020 631 1252 692 plenaria
1274 632 1428 694 priora
1452 649 1478 678 a
1512 633 1785 697 posteriori-

87 698 174 746 bus
211 701 451 748 emendari
498 704 583 767 (2).
615 705 668 750 20
700 706 950 771 Disputans
980 714 1228 770 propterea
1271 706 1315 752 S.
1348 708 1519 753 Doctor
1562 708 1783 756 adversus

87 776 395 824 Maximinum
420 779 632 826 arianum
656 799 666 826 :
693 781 795 827 Nec
822 780 1194 842 'eych‘coenum
1212 816 1224 837 7
1245 781 1401 846 inquit
1425 817 1437 839 ,
1459 800 1543 829 nec
1568 792 1622 830 tu
1649 786 1785 833 debes

87 852 397 900 Ariminense
428 864 661 918 tanquam
678 857 1346 919 proejudicaturusproefhrre
1372 858 1655 906 Concilium.
1682 861 1784 908 Nec

87 944 164 991 eqo
184 929 332 991 hujus
353 935 629 997 auctoritate
646 968 659 986 ‚
680 947 766 977 nec
788 939 837 977 tec
859 933 996 979 illius
1020 933 1246 979 detineris
1258 952 1275 986 ,·
1301 934 1676 998 Sorzpturarum
1696 954 1783 983 au-

86 1007 446 1053 ctoritatibus...
470 1007 689 1068 utrisque
706 1009 1044 1054 communibus
1060 1011 1254 1056 testibus
1271 1047 1285 1065 ,
1303 1027 1377 1056 res
1400 1029 1513 1058 cum
1535 1030 1609 1067 re,
1634 1030 1785 1061 causa

85 1096 197 1125 cum
221 1099 395 1136 causa,
414 1084 540 1127 ratio
571 1099 683 1128 cum
718 1088 900 1130 ratione
930 1094 1160 1131 concertet
1183 1085 1269 1149 (3).
1305 1085 1357 1133 3ο
1388 1088 1521 1134 Ratio
1550 1105 1660 1136 vero
1690 1100 1782 1151 est,

86 1156 209 1220 quia,
235 1158 272 1204 si
288 1157 641 1203 irretractabilia
656 1175 708 1205 ac
724 1159 921 1229 proinde
933 1160 1194 1209 infallibilia
1212 1162 1366 1209 forent
1384 1163 1640 1228 dogmatica
1658 1167 1783 1214 Con-

85 1232 291 1280 ciliorum
312 1233 598 1297 generalium
628 1234 811 1282 decreta
828 1273 840 1296 ⁷
867 1236 1015 1284 veluti
1041 1239 1288 1303 Scripturae
1315 1240 1547 1288 canonicae
1564 1241 1782 1292 habenda

85 1318 238 1356 essent
255 1345 267 1365 ‚
304 1309 429 1374 quod
452 1326 594 1357 nemo
622 1328 760 1359 sanus
787 1312 988 1373 dixerim
1020 1313 1072 1360 4⁰
1101 1323 1242 1380 atque
1265 1315 1373 1362 hinc
1396 1316 1570 1364 factum
1602 1327 1673 1366 est
1691 1355 1703 1379 .,
1727 1329 1782 1368 ut

83 1384 213 1432 nullo
234 1385 459 1434 hactenus
482 1404 658 1436 canone
679 1389 990 1437 Conciliorum
1015 1391 1242 1454 ejusmodi
1263 1392 1568 1442 infallibilitas
1587 1395 1779 1445 definita

82 1462 238 1509 fuerit.
267 1463 399 1527 Ergo.

149 1540 261 1586 690.
297 1542 434 1606 Resp.
471 1541 536 1588 Ad
568 1543 652 1603 1¹¹1,
684 1544 803 1608 Ney.
847 1546 895 1592 S.
930 1563 1070 1610 porro
1099 1548 1344 1611 Gregorius
1385 1550 1494 1596 Naz.
1528 1549 1577 1596 in
1601 1551 1781 1613 obJecto

81 1614 181 1662 loco
217 1633 312 1663 non
344 1616 551 1682 loquitur
590 1619 678 1667 nisi
716 1620 774 1668 de
816 1622 1026 1669 Conciliis
1071 1623 1461 1689 particularibus,
1508 1644 1610 1692 quae
1655 1628 1779 1676 inter

85 1692 342 1739 Concilium
372 1695 584 1756 generale
613 1698 631 1741 I
659 1714 738 1743 seu
768 1698 1004 1745 Nicaenum
1042 1709 1089 1746 et
1118 1701 1374 1749 Concilium
1398 1703 1611 1766 generale
1639 1704 1678 1751 Il
1698 1722 1779 1753 seu

83 1768 654 1835 Constantinopolitanum
685 1774 703 1819 I
750 1773 979 1822 celebrata
1019 1786 1153 1835 sunt,
1194 1778 1436 1841 agentibus
1481 1781 1778 1844 potissimum

84 1845 250 1892 arianis
279 1848 517 1913 Episcopis
537 1860 615 1897 aut
639 1852 1071 1916 pneumatomachis
1088 1891 1099 1912 a
1125 1872 1324 1919 quorum
1350 1864 1472 1904 certe
1495 1857 1682 1905 nullum
1706 1859 1778 1906 fe-

83 1919 219 1968 licem
241 1924 416 1970 exitum
440 1925 641 1987 habuit
679 1929 950 1994 malumque
979 1931 1130 1994 potius
1175 1942 1406 1979 auxerunt
1450 1951 1591 2001 quam
1628 1944 1778 1985 sustu-

83 1996 224 2044 lerint
256 1999 343 2063 (4).
385 2003 556 2058 Quanti
583 1962 738 2051 alitem
773 2005 931 2053 fecerit·
955 2007 999 2053 S.
1025 2008 1269 2070 Giegorius
1290 2018 1391 2055 tum
1422 2009 1677 2057 Concilium
1700 2012 1777 2059 Ni-

84 2090 264 2121 caenum
300 2085 402 2123 tum
423 2079 1018 2146 Constantinopolitanum
1043 2092 1173 2147 patet
1192 2102 1247 2132 ex
1269 2089 1364 2147 ejus
1392 2085 1527 2133 dictis
1550 2095 1597 2133 et
1618 2088 1773 2147 sactis3

84 2151 340 2213 siquidem
377 2163 686 2221 piaeterquam
713 2158 836 2222 quod
865 2160 1057 2206 summis
1077 2160 1291 2209 laudibus
1321 2161 1485 2209 extulit
1519 2163 1775 2212 Concilium

86 2226 362 2289 Nicaenum7
397 2231 582 2278 fidem
570 2250 619 2278 m
656 2250 709 2280 eo
745 2234 1087 2298 promulgatam
1117 2238 1515 2304 Constantinopoli
1551 2240 1646 2288 fere
1692 2258 1776 2288 ex-

85 2302 307 2351 tinctam
295 2308 535 2355 immensis
556 2308 791 2357 laboribus
813 2312 1015 2358 restituit
1037 2313 1133 2377 (5)·
1163 2315 1681 2381 Constantinopolitano
1696 2335 1773 2365 au-

84 2482 170 2507 cum
186 2496 198 2518 ,
224 2482 305 2522 quae
322 2471 457 2511 scilicet
470 2475 675 2514 necessario
691 2478 894 2529 requiritur
1014 2477 1064 2528 (2)
1096 2477 1158 2516 De
1180 2479 1406 2532 Baptismo,
1431 2480 1498 2520 lib.
1522 2489 1550 2520 it
1565 2511 1575 2529 ‚
1601 2496 1683 2534 cap.
1708 2482 1746 2522 3.

84 2548 127 2573 ac
148 2535 302 2583 sufficit,
318 2534 542 2591 utSynodus
562 2543 785 2580 oecumenica
808 2556 894 2581 cen·
1014 2542 1071 2592 (3)
1101 2544 1184 2583 Lib.
1215 2558 1266 2593 ιι,
1296 2560 1377 2597 cap.
1410 2544 1457 2596 14
1472 2576 1483 2595 ,
1505 2562 1546 2586 n.
1569 2547 1608 2587 3.

84 2608 206 2639 seatur
219 2631 227 2647 ‚
246 2615 290 2639 ac
306 2603 461 2653 proinde
482 2606 738 2644 omnimodam
756 2607 893 2647 habeat
1015 2609 1066 2659 (4)
1097 2609 1201 2649 Talia
1223 2620 1309 2650 sunt
1326 2611 1492 2651 Concilia
1515 2626 1581 2665 per
1609 2627 1651 2652 ea
1676 2620 1771 2652 tem-

40 2688 41 2691 =
83 2669 334 2706 auctoritatem
349 2696 361 2715 ‚
387 2670 581 2708 consistere
595 2672 636 2708 in
649 2671 892 2713 declaratione
957 2687 1045 2724 pora
1063 2674 1245 2714 celebrata
1257 2706 1268 2723 ‚
1289 2676 1517 2717 seleuciense
1532 2707 1543 2727 ‚
1569 2677 1772 2730 Tyrieuse‚

82 2746 282 2771 consensus
298 2736 372 2772 sive
389 2734 606 2774 adhaesionis
616 2735 797 2776 Concilio.
812 2737 892 2777 Hoc
958 2738 1211 2788 Ariminense‚
1228 2741 1524 2792 mediolanense,
1540 2742 1771 2795 Syrm1ense,

82 2804 205 2835 autem
220 2798 352 2850 triplici
373 2801 513 2838 ratione
530 2801 608 2839 fieri
629 2809 744 2852 potest
760 2817 780 2840 a
795 2816 889 2844 rom.
960 2811 1032 2842 etc.
1062 2804 1139 2844 Cfr.
1167 2806 1341 2848 Bellarm.
1365 2808 1435 2848 lib.
1459 2822 1509 2858 11,
1535 2822 1616 2861 cap.
1639 2822 1680 2862 7,
1708 2809 1773 2848 De

82 2862 279 2913 Ponfifice,
296 2868 370 2905 sive
386 2881 450 2917 per
465 2881 502 2906 se
516 2897 526 2915 ‚
549 2870 623 2906 sive
645 2880 711 2920 per
732 2866 889 2921 legatos,
966 2868 1115 2910 Concil.

49 2957 55 2959 -
81 2930 156 2967 sive
178 2930 328 2970 demum
350 2946 413 2983 per
437 2933 571 2972 litteras
587 2934 889 2975 confirmationis.
1014 2935 1070 2984 (5)
1097 2935 1177 2976 Cfr.
1199 2936 1383 2986 Socratem,
1407 2937 1514 2979 Hist.
1539 2936 1629 2980 eccl.
1647 2937 1717 2977 lib.
1731 2951 1769 2986 v,

136 2995 187 3048 (l)
216 2996 348 3050 Epist.
368 3012 413 3037 ιν
429 3030 440 3048 ,
463 2999 516 3038 ad
539 2996 785 3055 Procopium.
967 3014 1050 3053 cap.
1074 3000 1100 3040 6
1125 3011 1160 3043 et
1185 3016 1222 3056 7.
