2028 3354
212 169 305 217 456

704 190 859 219 TRAC'r.
900 192 953 219 DE
989 192 1108 220 LOCIS
1143 194 1443 225 THEOLOGIGIS.

216 310 388 350 coetum
418 310 600 348 coeant.
638 304 761 348 Dum
795 303 1010 349 oriuntur
1039 320 1245 361 errores7
1277 325 1484 355 summus
1521 309 1755 374 imperans
1784 326 1904 356 com-

215 378 489 424 monefaciat
523 378 822 439 Pontificem,
859 380 968 443 qui7
1000 381 1036 425 si
1072 389 1383 444 opportunam
1404 385 1682 445 judicaverit
1711 384 1900 434 Concilii

215 452 573 501 celebrationem
598 489 610 512 7
645 453 712 500 nil
741 454 1026 501 intentatum
1059 456 1293 521 relinquet
1322 467 1373 504 ut
1398 461 1546 524 ipsum
1577 469 1733 523 cogat;
1766 470 1905 527 atque

216 528 303 574 hoc
321 527 462 574 modo
492 529 701 576 consulet
721 530 949 594 spirituali
979 531 1168 578 ditionis
1201 531 1289 579 sihi
1316 532 1509 583 subditae
1527 535 1667 583 bono.
1697 538 1794 583 Imo
1818 573 1830 596 7
1866 538 1906 585 si

217 620 332 668 opus
360 604 445 662 sit,
472 621 592 651 rom.
624 606 834 652 Pontifici
870 606 929 653 ad
949 606 1283 655 celebrandum
1312 610 1554 658 concilium
1588 613 1905 678 suppeditabit

215 677 331 726 illud
349 681 633 728 territorium
651 717 664 741 7
687 699 778 745 quo
798 681 986 730 destitui
1005 701 1123 730 rom.
1149 686 1390 733 Pontifices
1414 682 1661 735 Febronius
1682 690 1900 737 affirmat.

278 755 389 802 663.
429 757 499 803 Ad
518 757 603 816 ΒΜ,
635 759 774 821 Resp.
810 768 1056 823 utramque
1081 759 1230 822 legem
1249 761 1454 809 divinam
1478 772 1524 809 et
1556 763 1905 813 ecclesiasticam

213 839 396 890 extare,
430 848 530 897 quae
553 836 936 881 convocationem
982 835 1270 899 generalium
1291 839 1599 886 (Ionciliorum
1633 857 1754 888 rom.
1785 859 1905 906 pon-

219 907 329 954 tifici
347 918 572 957 reservet.
599 910 736 955 Extat
756 908 916 957 divina
935 946 946 961 7
977 927 1077 974 quae
1096 929 1211 958 onus
1232 913 1457 976 imposuit
1482 918 1616 963 Petro
1633 925 1679 963 et
1704 916 1905 964 officium

210 985 433 1049 pascendi
474 1002 615 1047 agnos
654 995 701 1031 et
743 1002 887 1044 oves7
926 996 1066 1049 atque
1114 988 1418 1036 confirmandi
1459 991 1624 1040 fratres
1668 1010 1773 1040 suos
1800 1030 1812 1052 7
1855 1010 1907 1040 ac

214 1061 412 1124 proinde
440 1065 534 1122 juS.¹
568 1060 695 1125 quod
708 1078 763 1108 ex
788 1061 936 1108 officio
960 1063 1157 1125 exurgit.
1186 1063 1321 1109 Extat
1341 1076 1563 1128 praeterea
1585 1068 1904 1129 ecclesiastica,

211 1137 548 1183 consuetudine
576 1138 760 1183 firmata
781 1173 793 1196 7
832 1137 895 1184 ita
929 1147 981 1183 ut
1005 1155 1250 1203 nunquam
1278 1148 1377 1185 rata
1402 1140 1687 1190 haberentur
1715 1143 1907 1192 concilia

207 1212 271 1259 ab
300 1211 388 1259 alio
425 1230 566 1277 quam
616 1231 642 1259 a
670 1230 788 1260 rom.
818 1214 1041 1261 Pontifice
1061 1224 1311 1261 convocata
1335 1253 1345 1273 7
1383 1217 1419 1261 si
1452 1232 1607 1263 casum
1630 1219 1826 1284 excipias
1848 1220 1906 1268 de
1942 1252 1947 1256 »

213 1289 432 1354 pontifice
466 1288 645 1349 dubio7
681 1297 760 1335 aut
795 1289 1012 1336 haeretico
1048 1289 1067 1352 ζ
1090 1290 1167 1355 qui
1213 1309 1309 1337 non
1345 1291 1460 1338 alius
1493 1310 1634 1357 quam
1678 1303 1730 1340 ut
1763 1294 1904 1343 homo

216 1365 426 1431 privatus
449 1364 611 1413 haberi
634 1375 787 1429 potest
807 1366 898 1428 (1))
920 1402 931 1425 7
957 1368 1060 1432 quia
1090 1375 1202 1414 tunc
1225 1367 1356 1414 sedes
1375 1385 1542 1416 vacans
1562 1378 1773 1418 censetur
1793 1407 1805 1431 7
1833 1381 1906 1419 at-

214 1458 307 1505 que
334 1449 387 1486 ut
428 1441 520 1487 vim
551 1440 748 1500 habeat,
778 1441 921 1489 debet
946 1461 970 1488 a
994 1443 1215 1490 Pontifiee
1236 1442 1440 1507 legitime
1457 1445 1602 1492 electo
1623 1447 1901 1494 confirmari.

214 1518 324 1563 Ruit
359 1516 582 1581 proinde,
609 1518 737 1582 quod
766 1518 824 1564 de
857 1519 1122 1584 principum
1158 1530 1202 1567 et
1232 1519 1535 1568 Ecclesiarum
1569 1539 1796 1569 consensu
1822 1522 1907 1570 ob-

214 1591 361 1638 trudit
383 1592 652 1640 Febronius.
694 1595 792 1640 Hoc
815 1596 944 1641 enim
974 1596 1264 1659 paradoxum
1298 1599 1520 1662 supponit
1538 1634 1549 1656 7
1586 1597 1712 1663 quod
1739 1599 1906 1646 falsum

214 1686 312 1716 esse
344 1668 632 1716 ostendimus
652 1705 664 1728 7
709 1670 768 1717 de
811 1673 915 1732 jure
951 1671 1236 1737 principibus
1270 1673 1529 1722 inhaerente
1554 1710 1567 1733 7
1610 1690 1717 1721 cum
1747 1684 1907 1722 tamen

211 1746 298 1811 ipsi
323 1762 428 1792 cum
450 1745 773 1793 Valentiniano
801 1746 936 1794 fateri
968 1757 1238 1808 teneantur7
1269 1752 1414 1797 laicos
1437 1768 1595 1797 omnes
1620 1768 1664 1797 se
1694 1753 1905 1815 inyerere

214 1837 309 1868 non
330 1822 495 1869 dehere
516 1826 570 1868 in
590 1826 787 1886 oteqotiz's
810 1825 1035 1872 Ecclesz'ae
1067 1823 1137 1889 (2)
1158 1844 1171 1886 ς
1191 1825 1397 1890 alioquin
1426 1826 1632 1890 Apostoli
1659 1843 1707 1872 se
1739 1827 1904 1874 Hiero·

211 1895 437 1960 solymam
463 1909 793 1947 convocassent
829 1917 888 1946 ex
903 1917 1139 1947 consensu
1161 1902 1255 1962 CaJ'i
1277 1901 1507 1964 Caligulae.

277 1973 387 2019 664.
427 1974 497 2020 Ad
533 1974 618 2032 4³¹7
653 1975 769 2038 qu.
803 1977 1055 2040 Responsio
1096 1985 1225 2041 patet
1264 1994 1318 2024 ex
1355 1975 1505 2024 dictis.
1555 1979 1652 2024 Hoc
1683 1978 1904 2041 effugium

211 2047 747 2112 pseudo-catholicorum
769 2061 816 2099 et
838 2053 1204 2115 protestantium
1230 2053 1406 2114 jamdiu
1429 2052 1684 2115 obsolevit3
1706 2071 1811 2104 cum
1827 2058 1900 2116 jus

213 2133 259 2170 et
286 2124 401 2171 facta
433 2125 522 2190 ipsi
546 2126 872 2174 contradicant
892 2127 981 2190 (3).

267 2312 318 2360 (l)
348 2311 418 2351 Hie
433 2312 583 2364 quidem
603 2322 656 2352 est
667 2326 770 2352 casus
787 2344 797 2363 ‚
813 2317 877 2366 qui
896 2317 935 2352 in
956 2316 1021 2354 ab-

211 2383 343 2414 stracto
367 2379 487 2428 potius
519 2392 632 2430 quam
661 2380 702 2416 in
734 2389 901 2418 concreto
932 2382 1021 2420 solet

213 2440 349 2480 afferri.
380 2442 456 2481 Nec
492 2447 591 2482 enim
622 2445 690 2483 Dei
720 2446 1016 2497 providentiam,

212 2519 294 2559 quae
321 2507 412 2545 adeo
440 2509 561 2559 vigilat
578 2523 686 2562 super
710 2511 807 2549 hanc
829 2526 924 2550 rom.
951 2512 1019 2551 Se-

210 2571 295 2610 dem
309 2601 319 2620 ‚
337 2573 520 2624 ejusmodi
535 2576 748 2614 scandalum
760 2579 1020 2627 permissuram

208 2637 414 2688 putandum
431 2646 496 2676 est.
509 2637 604 2678 Sane
626 2655 819 2694 nunquam
845 2642 1021 2682 hactenus

209 2714 312 2739 casus
343 2703 409 2741 iste
437 2703 558 2741 locum
587 2704 744 2755 habuit,
772 2709 887 2757 spatio
924 2708 1020 2746 scili-

211 2772 269 2806 cet
292 2778 382 2805 xvin
405 2767 623 2807 seculorum.

263 2832 315 2882 (2)
343 2831 401 2870 En
439 2835 515 2884 ipsa
545 2833 777 2886 Imperatoris
808 2837 916 2875 verba
934 2868 943 2885 7
973 2853 1016 2877 ex

208 2895 409 2936 Sozomeno
425 2927 435 2943 ‚
459 2898 527 2938 lib.
554 2913 615 2950 vl,
637 2915 719 2952 cap.
749 2913 769 2953 7
797 2915 807 2940 τ
831 2900 931 2952 Ἐμοὶ
950 2902 1015 2954 μὲν

210 2960 307 3001 uero?
324 2968 413 3003 λαοῦ
424 2965 654 3017 τεταγμένῳ,
676 2968 711 3006 οὗ
729 2967 842 3009 θέαις
867 2975 1015 3009 τοιαῦτα

1094 2319 1415 2369 πολυπραγμονεῖν.
1445 2319 1555 2357 Mihi
1583 2320 1735 2370 quidem
1758 2322 1805 2359 in
1831 2322 1903 2360 lai-

1088 2395 1217 2421 corum
1242 2383 1376 2421 ordine
1406 2386 1606 2423 constituto
1632 2386 1697 2436 fas
1724 2400 1801 2425 mm
1828 2394 1902 2434 est,

1089 2447 1311 2500 hujusmodi
1326 2451 1475 2500 neqotia
1497 2452 1693 2490 curiosius
1715 2454 1897 2491 scrutari.

1086 2512 1137 2550 Ex
1158 2514 1246 2552 edit.
1274 2513 1424 2553 Valesii.

1141 2579 1194 2627 (3)
1225 2579 1351 2619 Solent
1381 2583 1439 2619 isti
1473 2582 1668 2635 confugere
1699 2584 1745 2622 ad
1774 2584 1896 2623 locum

1088 2658 1323 2684 communem
1357 2647 1792 2697 pseudo-isidorianarum
1831 2647 1897 2686 de-

1086 2712 1302 2759 cretalium3
1335 2727 1462 2751 verum
1494 2728 1596 2753 nune
1621 2715 1791 2765 temporis
1819 2713 1891 2752 hac

1086 2785 1162 2815 arte
1197 2780 1336 2817 nemini
1373 2779 1531 2830 amplius
1558 2781 1780 2830 imponunt,
1808 2787 1889 2830 post

1084 2847 1139 2880 tot
1183 2844 1447 2882 catholicorum
1489 2846 1648 2882 virorum
1687 2843 1887 2883 exantlatos

1083 2907 1224 2946 labores
1248 2911 1286 2946 in
1309 2909 1388 2947 illas
1411 2908 1643 2947 Isidorianas.
