2028 3354
233 174 330 221 306

726 188 884 218 TnAc'r.
923 190 976 218 nu
1011 190 1130 221 mols
1165 175 1466 224 TXHEOLOGICIS.

230 303 377 368 gulari
401 315 586 364 semper
605 298 818 364 loquitur
851 299 910 347 de
943 300 1159 349 Ecclesia
1185 320 1301 360 sua,
1333 306 1389 352 de
1413 322 1557 368 regno
1591 321 1704 362 suo,
1734 306 1789 352 de
1818 309 1935 354 ovili

228 396 330 428 suo.
370 374 618 442 Apostolus
661 392 774 423 vero
811 387 1148 424 commemorat
1184 395 1353 441 corpus
1394 380 1600 441 Christi,
1636 398 1735 428 non
1774 392 1933 430 autem

228 452 440 502 membia
461 451 554 499 huc
577 450 780 516 illucque
804 450 1039 518 dispersa,
1065 462 1145 500 aut
1163 468 1327 519 corpus
1348 457 1449 504 sine
1465 457 1645 523 capite
1633 478 1642 487 ·
1666 465 1780 505 tunc
1802 458 1932 506 enim

227 540 461 577 truncum
490 527 630 593 plane
663 537 871 576 vocasset
896 529 984 594 (l).

295 605 410 653 456.
451 604 524 653 Ad
538 606 637 664 21¹1,
668 606 796 652 Dist.
816 604 868 652 Id
883 614 973 664 θεῖ,
1002 614 1201 670 quatuor
1219 605 1368 653 allatae
1389 623 1445 653 ex
1466 609 1542 655 SS.
1568 608 1781 657 Patribus
1802 611 1937 657 ratio-

229 701 314 731 nes
353 700 408 730 eo
435 682 707 730 referuntur
741 690 793 728 ut
833 681 1035 739 motiva,
1079 698 1223 750 quare
1257 681 1466 729 Christus
1509 685 1766 748 primatum
1800 688 1935 733 Petro

228 760 386 827 potius
399 758 652 806 contulerit
672 775 812 823 quam
834 757 969 804 alteri
990 757 1211 822 Apostolo
1228 794 1240 814 ,
1263 775 1392 806 conc.
1404 775 1421 813 ;
1438 759 1708 808 referuntur
1721 762 1781 809 ad
1799 757 1937 809 ratio-

227 853 339 884 nem
382 832 674 883 reddendam
714 850 800 880 cur
834 833 1046 880 Christus
1091 834 1361 898 primatum·
1385 835 1541 899 ipsum
1588 835 1850 885 instituerit
1886 839 1935 885 in

227 911 452 971 Ecclesia,
485 927 590 974 neq.
628 911 708 957 Hae
748 926 920 974 nempe
950 908 1052 956 duae
1083 910 1363 975 quaestiones
1398 911 1448 957 in
1492 912 1706 960 doctrina
1745 915 1938 960 Patrum

227 988 368 1036 simul
406 986 742 1053 permiscenda}
781 1002 879 1035 non
921 995 1060 1046 sunt,
1100 987 1169 1032 uti
1201 986 1455 1034 adversarii
1494 988 1687 1035 faciunt.
1740 989 1939 1037 Adducti

229 1066 355 1114 enim
380 1066 542 1111 Patres
575 1064 624 1109 in
650 1061 762 1109 loce.
787 1063 887 1112 citt.
915 1068 969 1108 ut
997 1079 1074 1109 eos
1096 1061 1269 1125 legenti
1292 1071 1445 1127 patet,
1487 1066 1689 1111 rationes
1724 1065 1900 1130 aliquas
1921 1102 1934 1126 .,

230 1156 398 1205 easque
424 1137 762 1201 conjecturales
782 1137 1017 1208 indicant,
1048 1156 1191 1203 quare
1218 1139 1426 1186 Christus
1455 1140 1592 1187 Petro
1611 1142 1765 1206 potius
1792 1159 1937 1207 quam

228 1216 308 1264 alii
331 1233 389 1263 ex
416 1214 647 1280 Apostolis
690 1214 892 1262 voluerit
922 1214 1179 1279 primatum
1204 1215 1440 1275 conferre,
1478 1216 1605 1281 quod
1638 1235 1736 1264 non
1769 1217 1939 1265 abnui-

230 1310 354 1341 mus.
392 1292 590 1350 Quando
618 1308 729 1340 vero
763 1290 906 1338 iidem
935 1292 1093 1338 Patres
1135 1290 1371 1338 disserunt
1400 1291 1460 1339 de
1481 1292 1688 1356 primatu
1718 1293 1821 1358 ipso
1841 1330 1852 1352 ,
1891 1303 1939 1340 et

231 1370 463 1418 rationem
493 1368 725 1428 afferunt,
745 1384 888 1434 quare
918 1365 1053 1413 illum
1082 1367 1132 1412 in
1178 1365 1373 1414 Ecclesia
1410 1385 1490 1414 sua
1520 1368 1764 1417 instituere
1802 1369 1939 1417 Chri-

233 1457 332 1495 stus
356 1445 575 1505 voluerit7
598 1445 847 1492 unanimes
866 1452 976 1491 sunt
994 1445 1044 1491 in
1063 1443 1346 1492 adstruenda
1368 1445 1547 1493 unitate
1562 1446 1770 1494 Ecclesiae
1792 1446 1938 1495 veluti

233 1524 438 1584 metim,
465 1540 546 1570 cur
569 1523 776 1570 Christus
800 1521 859 1569 acl
889 1521 1025 1568 illum
1050 1522 1391 1569 instituendum
1417 1532 1657 1587 permotus
1685 1524 1762 1570 sit.
1788 1524 1941 1571 Nimi-

233 1619 338 1649 rum
370 1600 567 1659 docent,
599 1601 833 1646 unitatem
868 1597 1080 1646 Ecclesiae
1118 1598 1363 1646 Catholicis
1400 1599 1641 1647 induxisse
1669 1600 1936 1660 Christum,

234 1689 288 1725 ut
324 1678 517 1725 unicum
557 1693 832 1741 supremum
871 1682 1108 1740 pastorem
1150 1675 1192 1721 ei
1233 1676 1518 1740 praeficeret,
1568 1695 1720 1723 unum
1769 1688 1937 1742 caput,

234 1773 387 1802 unum
423 1753 695 1819 pontificem
723 1753 983 1799 necessaria
1023 1760 1255 1817 potestate
1287 1761 1335 1799 et
1376 1753 1650 1801 auctoritate
1686 1754 1941 1819 praeditum

238 1831 298 1880 ad
334 1830 566 1878 unitatem
604 1826 1011 1887 constituendam,
1055 1827 1410 1875 custodiendam
1451 1846 1503 1875 ac
1537 1830 1938 1890 conservandam,

240 1926 346 1956 cum
375 1906 577 1956 voluerit
609 1904 858 1953 Ecclesiam
888 1922 1020 1952 suam
1053 1921 1197 1951 unam
1229 1921 1360 1964 esse,
1385 1922 1436 1952 ac
1475 1904 1619 1953 talem
1633 1905 1809 1970 jugiter
1838 1924 1942 1970 per-

241 2000 456 2033 severare
486 1981 572 2046 (2).
599 1981 735 2040 Quod
763 1997 849 2028 nec
877 1980 1178 2027 infensissimi
1198 1978 1327 2027 Sedis
1375 1981 1634 2046 apostolicae
1661 1981 1817 2029 hostes
1851 1982 1943 2028 dif-

242 2062 435 2109 fitentur
482 2058 579 2124 (3);
629 2075 681 2105 ac
717 2075 833 2117 nos,
873 2056 1013 2123 paulo
1042 2065 1149 2121 post
1186 2056 1412 2118 ejusmodi
1450 2059 1641 2105 Petrum
1675 2059 1941 2106 testimonio

243 2138 521 2195 afferentes,
560 2134 822 2183 luculenter
858 2133 1176 2181 ostendemus.

243 2293 346 2343 pium
365 2290 459 2330 illud
481 2303 493 2329 z
515 2288 640 2342 Cujus
653 2293 707 2326 est
724 2288 827 2339 reqio
840 2317 851 2333 ,
867 2285 975 2325 illius
1001 2294 1056 2326 cst

241 2356 391 2408 reliqio.

300 2421 351 2472 (l)
381 2420 457 2459 Nec
473 2420 576 2459 obest
591 2449 602 2467 ,
617 2419 717 2472 quod
733 2418 898 2457 Christus
920 2420 966 2456 sit
984 2418 1055 2456 Ec—

242 2488 362 2527 clesiae
384 2495 519 2538 caput3
543 2500 633 2524 nam
655 2485 716 2523 hic
733 2486 851 2536 agitur
871 2484 917 2523 de
936 2485 1058 2536 capite

242 2552 394 2593 visibili
410 2550 599 2592 Ecclesiae
615 2550 784 2589 visibilis
801 2577 813 2599 ‚
839 2550 939 2601 quod
958 2558 1056 2588 certe

244 2619 411 2659 Christus
433 2631 510 2655 non
542 2622 598 2656 cst
614 2646 625 2664 ,
651 2630 694 2655 ex
723 2629 798 2668 quo
825 2617 987 2654 ascendit
1015 2617 1055 2653 in

240 2685 387 2725 coelum.

300 2750 350 2801 (2)
381 2747 489 2800 Quod
502 2746 625 2786 Patres
640 2748 793 2785 minime
807 2749 901 2786 inter
912 2762 948 2786 se
966 2761 1053 2799 per·

246 2816 459 2856 miscuerint
482 2814 573 2852 duas
595 2814 659 2851 has
677 2814 894 2866 quaestiones
911 2844 920 2860 ‚
946 2828 1054 2866 argu-

245 2889 371 2922 mento
393 2879 625 2919 ineluctabili
646 2887 701 2917 est
720 2879 866 2935 *diversa
889 2880 1053 2931 ipsorum

243 2947 377 2999 agendi
395 2946 485 2985 ratio
506 2941 546 2983 in
569 2958 795 2997 unaquaque
810 2958 954 2986 earum.
967 2945 1054 2984 Ete-

240 3015 321 3052 nim
341 3025 427 3052 cum
448 3018 640 3065 quaerunt,
666 3023 778 3063 quare
804 3009 909 3049 Petro
932 3014 1053 3063 potius

1121 2301 1234 2341 quam
1250 2287 1358 2327 alteri
1380 2286 1644 2340 Apostolorum
1664 2287 1831 2327 Christus
1853 2302 1942 2327 con-

1121 2352 1247 2392 tulerit
1276 2355 1507 2406 primatum,
1536 2355 1715 2405 aucipites
1746 2362 1861 2400 sunt,
1898 2368 1941 2392 ac

1123 2420 1214 2457 mira
1240 2420 1334 2457 inter
1363 2421 1460 2470 ipsos
1490 2428 1641 2471 apparet
1673 2422 1940 2459 sententiarum

1123 2486 1308 2534 varietas3
1328 2499 1445 2536 quum
1459 2499 1543 2523 vero
1563 2487 1759 2537 inquirunt
1772 2487 1812 2524 in
1826 2487 1939 2523 ratio-

1124 2562 1240 2595 nem,
1278 2564 1392 2602 quare
1432 2547 1599 2589 Christus
1636 2552 1832 2589 instituerit
1865 2550 1938 2599 pri·-

1123 2624 1265 2654 matum
1282 2617 1322 2653 in
1335 2615 1495 2654 Ecclesia
1519 2631 1607 2664 sua,
1632 2631 1706 2655 una
1735 2615 1940 2666 eademque

1124 2686 1302 2723 sententia
1313 2698 1355 2723 ac
1365 2685 1531 2724 doctrina
1544 2693 1610 2733 est,
1624 2685 1814 2737 exploratae
1827 2683 1940 2720 tradi-

1122 2752 1212 2789 tioni
1225 2752 1371 2798 innixa,
1391 2765 1526 2803 nempe
1545 2750 1640 2789 hanc
1650 2750 1757 2787 aliam
1768 2762 1847 2786 non
1860 2762 1938 2787 esse

1122 2818 1193 2854 nisi
1224 2818 1404 2855 unitatem
1425 2816 1595 2854 Ecclesiae
1625 2813 1827 2853 catholicae.
1855 2813 1936 2852 Cfr.

1121 2880 1218 2919 Petr.
1254 2881 1472 2919 Ballerinius
1494 2907 1505 2927 ,
1539 2878 1596 2919 De
1625 2879 1666 2916 vi
1700 2891 1746 2917 ac
1785 2880 1933 2917 ratione

1114 2947 1310 2998 primatus
1324 2975 1335 2994 ‚
1350 2959 1431 2996 cap.
1452 2943 1492 2983 3.

1177 3010 1229 3061 (3)
1259 3010 1355 3050 Sane
1389 3009 1499 3061 Hugo
1534 3007 1684 3048 Grotius
1707 3037 1719 3059 ,
1753 3012 1793 3047 in
1828 3007 1874 3047 V
1870 3014 1927 3045 oto
