2028 3354
1705 239 1801 288 513

397 261 525 293 PART.
561 260 593 290 1.
635 258 753 290 SEC'I'.
791 258 839 288 11.
876 258 977 289 CAP.
1014 241 1080 288 IV]
1117 256 1172 287 DE
1206 255 1352 286 norm.
1390 255 1516 287 an.

103 388 226 427 teros
246 377 310 425 ita
330 394 378 425 se
398 381 639 440 gesserunt
657 372 867 436 Pelagius
889 388 941 419 ac
957 370 1219 430 CaelestiuS,
1253 387 1459 436 quorum
1479 369 1621 429 alter,
1646 368 1802 418 oblata

103 454 376 502 Innocentio
399 453 418 498 I
442 451 551 499 fidei
575 450 893 508 confessione,
920 447 1159 495 concludit
1185 465 1196 494 :
1223 448 1313 494 Sin
1335 455 1497 495 autem
1521 448 1617 496 lioeo
1635 456 1801 496 nostra

103 534 327 594 confessio
367 529 655 592 apostolatus
691 529 768 573 tui
785 526 984 587 judicio
1023 524 1389 587 comprohatum
1413 526 1707 587 quicumque
1732 541 1806 572 me

104 610 354 656 maculare
387 606 405 668 (
414 605 474 652 al.
503 604 734 668 culpare)
753 604 979 658 voluerit,
1003 619 1048 649 se
1073 603 1384 664 imperitum,
1409 603 1481 648 vel
1499 603 1808 659 malevolum,

103 687 176 732 vel
197 686 342 731 etiam
373 700 467 729 non
497 682 789 728 catholicum
800 713 817 736 ,
837 696 934 725 non
961 696 1030 725 me
1053 678 1333 724 haereticum
1356 680 1690 741 comprobabit
1707 678 1807 742 (l);

110 759 232 808 alter
267 777 382 807 vero
421 774 693 823 quanquam
722 755 928 817 objectos
969 752 1056 799 sibi
1084 769 1110 799 a
1141 750 1335 798 Paulino
1372 769 1552 800 errores
1586 753 1811 802 damnare

104 836 283 894 noluit5
314 836 398 882 sed
423 836 551 881 beati
582 833 733 896 Papoe
766 832 1045 878 Innocentii
1067 829 1241 875 litteris
1268 844 1366 875 non
1396 837 1465 875 est
1489 846 1640 876 ausus
1663 832 1813 879 obsis-

108 922 229 967 tere,·
257 916 407 959 immo
436 928 482 959 se
504 913 694 968 omnia,
727 923 834 969 quoe
858 906 997 952 Sedes
1030 906 1117 951 illa
1139 905 1432 961 damnaret,
1463 905 1815 956 damnaturum

104 991 360 1052 promisit,
392 985 644 1050 Augustino
663 991 783 1030 teste
808 982 899 1044 (2).
928 982 1163 1039 Quorsum
1188 997 1298 1027 vero
1323 979 1444 1041 haec,
1463 981 1553 1028 nisi
1572 991 1817 1048 receptum

107 1075 221 1112 tunc
243 1063 466 1129 temporis
487 1061 665 1118 fuisset7
685 1075 806 1105 rom.
829 1057 1076 1104 Pontifices
1099 1057 1148 1103 in
1163 1056 1254 1105 fide
1273 1074 1429 1105 errare
1441 1075 1541 1105 non
1562 1076 1697 1124 posse
1716 1058 1816 1123 (3)‘?

106 1142 271 1188 Postea
294 1138 484 1205 quidem
520 1144 676 1182 amota
700 1133 830 1182 larva
847 1169 859 1192 a
888 1149 996 1180 cum
1024 1151 1073 1181 se
1101 1133 1350 1180 damnatos
1372 1133 1579 1182 viderint
1596 1171 1609 1194 ,
1636 1136 1813 1201 patefe-

107 1226 271 1265 cerunt
289 1232 381 1280 quo
407 1213 564 1260 animo
587 1210 668 1257 illa
691 1210 1011 1267 affirmarent3
1038 1209 1121 1257 sed
1139 1210 1318 1257 interea
1341 1210 1669 1259 testimonium
1687 1228 1812 1276 prae-

107 1292 416 1341 clarissimum
444 1286 696 1354 prodidere
728 1286 787 1333 de
815 1285 1052 1333 catholicae
1084 1285 1293 1333 Ecclesiae
1326 1303 1482 1333 sensu.

170 1368 285 1416 754.
311 1368 377 1414 Ex
394 1364 764 1412 luculentissimo
791 1362 880 1409 hoc
897 1379 1037 1409 sensu
1055 1361 1346 1409 traditionali
1365 1362 1541 1409 factum
1555 1380 1656 1412 esse
1676 1381 1785 1414 reor
1797 1402 1811 1426 .,

106 1454 160 1493 ut
177 1444 400 1509 gallicana
419 1440 635 1498 Ecclesia,
652 1456 797 1504 usque
817 1438 878 1485 ad
896 1438 1130 1486 celebrem
1151 1439 1263 1486 anni
1279 1438 1406 1486 1682
1416 1438 1781 1489 declarationem
1795 1478 1808 1503 ,

107 1520 324 1570 eamdem
351 1525 621 1565 constanter
654 1515 863 1581 professa
897 1513 1141 1562 nobiscum
1178 1514 1319 1563 fuerit
1357 1513 1645 1578 doctrinam,
1673 1527 1816 1583 prout

107 1615 167 1646 ex
195 1594 461 1645 certissimis
495 1591 786 1641 documentis
817 1599 1000 1639 constat
1027 1591 1115 1656 (4).

167 1751 218 1801 (1)
249 1747 330 1789 Cfr.
360 1747 537 1788 Libellus
556 1746 654 1799 fidei
675 1743 851 1801 Pelagii,
879 1745 931 1786 ad

111 1816 386 1855 Innocentium
401 1844 414 1864 ,
438 1817 479 1853 in
501 1815 662 1866 append.
685 1829 770 1866 opp.
795 1813 836 1854 S.
857 1814 932 1852 Au-

111 1883 254 1936 gustini
272 1911 282 1930 ‚
308 1890 401 1920 tom.
416 1896 439 1919 x
452 1910 462 1928 ‚
490 1880 619 1919 Varia
638 1882 786 1933 scripta
799 1886 836 1918 et
847 1892 931 1918 mo-

113 1954 299 1985 numenta
315 1946 369 1985 ad
396 1944 701 1997 Pelaqianorum
729 1945 930 1984 historiam

108 2012 347 2063 pertinentia
363 2040 374 2058 ‚
397 2011 470 2050 col.
492 2024 563 2063 97.
797 2006 803 2013 “

986 1743 1119 1800 judea·
1146 1745 1300 1785 desinat
1332 1760 1410 1786 esse
1429 1745 1584 1800 Julian,
1621 1761 1709 1787 cum
1743 1748 1817 1788 ad-

1001 1826 1132 1851 versus
1146 1813 1317 1865 aliquam
1325 1820 1478 1867 partem
1490 1815 1720 1853 sententiam
1728 1828 1818 1869 pro·

1001 1881 1185 1927 nuntiat,
1207 1879 1267 1918 vel
1287 1882 1325 1918 si
1352 1881 1494 1918 veritae
1511 1909 1523 1925 ‚
1555 1894 1643 1919 enm
1668 1883 1821 1921 incom-

1001 1945 1119 1985 moda¹
1148 1958 1226 1983 esse
1263 1946 1435 1998 incipit,
1475 1947 1616 1984 veritas
1648 1947 1820 2000 amplius

1001 2023 1080 2049 non
1098 2011 1166 2049 sit.

172 2077 224 2128 (ἓ)
253 2076 338 2115 Lib.
368 2075 433 2114 De
447 2082 600 2128 peceato
614 2075 819 2128 originali,
839 2090 872 2115 c.
890 2090 930 2130 7.

0 2143 1 2157 ¹
68 2168 70 2170 >
118 2143 198 2182 Cfr.
216 2143 263 2182 de
278 2141 350 2181 hoc
363 2150 581 2195 argumento
599 2142 762 2182 Lud.Du
776 2142 928 2190 Mesuil,

4 2983 12 3012 i

8 3019 14 3030 1

119 2209 205 2248 Soc.
231 2208 267 2248 J.
292 2208 487 2247 Doctrina
509 2217 546 2247 et
571 2208 781 2261 disciplina
800 2206 935 2248 Eccle-

118 2275 206 2314 siae.
229 2273 364 2313 colon.
396 2275 523 2327 1730,
554 2283 648 2314 tom.
672 2287 699 2312 ιι
715 2304 727 2323 ,
753 2273 824 2313 lib.
854 2287 905 2313 xx
921 2303 931 2322 ‚

117 2354 159 2379 n.
180 2337 232 2378 38
259 2347 295 2378 et
316 2354 422 2393 seqq.

176 2404 232 2456 (3)
260 2404 359 2444 Hinc
386 2407 517 2444 merito
547 2418 761 2458 anonymus
780 2412 931 2453 auctor,

121 2471 291 2523 quamvis
314 2470 471 2510 adversm
493 2474 629 2523 partis,
655 2474 695 2510 in
726 2471 863 2510 Traite
890 2470 935 2508 de

111 2536 306 2574 l'antorite
317 2535 371 2573 du
378 2532 499 2588 Pape,
508 2535 561 2574 La
570 2536 672 2588 Haye
686 2549 700 2574 1
710 2548 788 2589 720
796 2564 806 2581 ‚
819 2535 887 2574 lib.
902 2549 931 2582 ι,

116 2614 202 2653 cap.
235 2602 285 2648 3,
317 2615 357 2639 n.
388 2597 438 2648 8,
471 2615 554 2652 pag.
582 2613 635 2654 90
661 2614 673 2639 ε
700 2600 932 2649 Methodus,

113 2669 297 2722 priorum
325 2668 631 2719 reformatorum,
647 2669 785 2720 inquit,
807 2674 861 2705 est
876 2680 942 2705 ar-

119 2740 351 2785 qumentum
384 2734 517 2783 maqni
548 2732 730 2786 ponderis
760 2732 944 2771 adversus

122 2796 526 2851 ipsos.D1'3putationi⁸
537 2799 656 2837 initio
666 2798 940 2850 confessisunt,

125 2862 282 2915 Papam
309 2877 387 2902 esse
413 2877 637 2917 supremum
661 2863 809 2903 Christi
837 2865 943 2903 vica-

133 2931 266 2974 rium;
294 2941 363 2967 nee
392 2931 476 2982 ejus
488 2930 756 2968 auctoritatem
791 2929 835 2967 in
862 2929 935 2967 du-

1059 2076 1112 2128 (14)
1144 2075 1376 2128 Hyacinthus
1389 2075 1502 2131 Serry
1514 2105 1525 2125 ‚
1543 2078 1583 2114 in
1601 2074 1819 2130 Appendice

1002 2142 1175 2181 historica
1192 2141 1254 2180 De
1275 2149 1399 2181 mente
1408 2141 1596 2182 Ecclesiae
1610 2143 1817 2195 qallieanae

1004 2215 1041 2247 et
1070 2208 1279 2247 academice
1315 2209 1561 2248 parisiensis
1589 2212 1692 2249 eirca
1717 2224 1817 2250 rom.

1004 2274 1213 2325 Pontificio
1235 2273 1580 2326 infallibilitatem,
1610 2290 1723 2328 quam
1751 2277 1818 2316 ad-

1001 2343 1090 2394 jecit
1105 2341 1420 2380 dissertationibus
1435 2341 1580 2380 duabus
1591 2339 1649 2380 De
1659 2355 1819 2382 romano

1005 2407 1196 2458 Pontifice
1218 2435 1230 2457 ‚
1275 2422 1383 2447 num.
1427 2406 1475 2447 15
1515 2422 1527 2448 :
1565 2408 1606 2447 A
1612 2421 1689 2447 nno
1730 2416 1819 2447 tan-

1004 2480 1085 2511 tam
1115 2470 1216 2511 1682
1232 2503 1243 2520 ‚
1269 2474 1390 2525 inquit
1405 2503 1415 2521 ‚
1441 2486 1557 2512 novos
1580 2473 1624 2512 cle
1639 2487 1819 2513 romano·

1005 2551 1094 2576 rum
1121 2538 1356 2589 Pontificum
1379 2537 1662 2589 infallibilitate
1684 2553 1819 2579 sensus

1007 2603 1140 2642 induit
1167 2602 1291 2642 clerus
1310 2602 1550 2655 qallicanm,
1578 2611 1612 2642 et
1640 2605 1688 2643 ab
1712 2608 1818 2644 avita

1009 2682 1165 2707 suorum
1180 2669 1355 2708 doctrina
1372 2669 1524 2721 deflexerit
1534 2699 1548 2719 ‚
1571 2670 1664 2708 dum
1683 2670 1817 2709 solem-

1008 2748 1097 2773 nem
1120 2735 1166 2773 de
1180 2735 1434 2774 ecclesiastica
1447 2742 1632 2788 potestate
1651 2735 1822 2776 deelara-

1008 2802 1150 2840 tionem
1187 2802 1232 2839 in
1259 2802 1430 2841 comitiis
1462 2801 1706 2853 qeneralibue
1734 2802 1818 2841 edi-

1009 2866 1115 2906 dit...
1146 2864 1213 2907 En
1239 2868 1413 2919 primam
1439 2867 1613 2919 antiquae
1638 2867 1823 2907 doctrinm

1003 2931 1050 2971 de
1071 2945 1167 2971 rom.
1197 2932 1430 2983 Pontificum
1455 2931 1734 2984 infallibilitate
1754 2932 1821 2971 de-

128 2994 238 3032 biam
275 3008 448 3035 revocare
483 3003 676 3050 ooeperunt
687 3026 701 3047 ‚
740 2997 824 3034 nisi
851 3010 940 3035 cum
1007 2999 1229 3047 sartionem,
1240 2988 1399 3051 publico
1414 2996 1511 3036 cleri
1519 2999 1675 3036 nomine
1689 2997 1823 3036 solem-

131 3066 262 3098 conlra
293 3061 396 3112 ipsos
424 3061 622 3116 definivit,
650 3061 815 3115 perinde
837 3075 883 3102 ae
908 3064 943 3102 ei
1010 3064 1112 3103 niter
1128 3063 1329 3117 factam...
1345 3062 1419 3103 En
1437 3076 1527 3104 vera
1551 3071 1726 3115 certaque
1741 3075 1831 3101 mn-

198 3126 250 3175 T.
295 3126 410 3173 VIII.
1577 3126 1638 3174 33
