2028 3354
1676 214 1770 261 413

328 234 457 263 PART.
497 235 530 264 1.
570 232 689 278 SEQT.
726 233 775 262 11.
816 232 914 262 CAP.
954 232 1005 261 11.
1048 233 1100 261 lm
1138 231 1315 262 pmmxr.
1352 231 1524 261 PERPET·

74 350 196 395 Ieme
211 385 222 407 ἦ
259 364 560 396 successorem
596 347 718 395 Petri
741 348 828 394 frui
852 348 1054 413 primatu
1073 384 1084 405 ,
1109 365 1247 412 quem
1269 347 1476 395 Christus
1491 348 1591 410 ipse
1626 347 1761 393 Petro

76 424 297 483 contulit,
329 424 379 471 id
413 432 533 471 certe
573 427 764 471 omnino
791 423 957 471 falsum
989 425 1074 487 (l).
1111 425 1208 471 Hoc
1236 425 1363 471 enim
1394 423 1654 483 affirmant5
1689 421 1771 488 qui

75 510 243 547 vocant
272 518 388 546 rom.
421 500 690 546 Pontificem
709 501 1075 562 firmamentum
1107 517 1138 545 a
1167 502 1265 547 Deo
1293 502 1474 563 fimum,
1496 501 1566 546 uti
1588 500 1771 563 Sergius

70 574 240 633 habet3
282 576 358 639 qui
402 584 571 622 vocant
616 593 733 622 rom.
776 576 1044 622 Pontificem
1088 575 1332 621 Rectorem
1377 577 1544 622 domus
1571 576 1688 630 Dei,
1720 583 1772 621 ut:

68 650 408 698 Ambrosiaster
434 651 534 715 (2);
561 652 640 716 qui
665 651 839 710 dicunt,
864 649 928 696 ibi
945 667 1041 698 esse
1068 651 1359 708 Ecclesiam,
1384 652 1555 696 zebz‘esc
1573 651 1771 706 Petrus,

66 744 236 792 nempe
260 745 377 773 rom.
417 727 657 786 Pontifex,
694 728 760 774 uti
795 725 1059 773 Ambrosius
1087 725 1182 788 (3);
1223 725 1301 788 qui
1327 735 1560 772 testantur
1597 727 1775 773 Christi

66 819 182 859 esse,
215 804 292 868 qui
319 802 525 850 adhaeret
547 821 662 849 rom.
691 801 897 849 Pontifici
914 836 926 855 .,
952 800 1021 846 uti
1039 801 1376 864 Hieronymus;
1409 801 1486 865 qui
1502 800 1770 861 adstruunt.

65 877 233 925 Sedem
244 897 484 925 romanam
493 880 682 926 Petram
702 879 837 923 illam
850 894 959 934 esse.²
973 893 1118 939 super
1129 894 1273 940 quam
1286 876 1504 923 Christus
1521 877 1776 940 (edificavit

64 954 330 1001 Ecclesiam
342 972 480 1001 suam
493 990 509 1011 ,
522 955 588 1000 uti
603 969 785 999 rursum
799 953 1108 1018 Hieronymus
1123 962 1170 999 et
1185 953 1460 1015 Augustinus
1475 951 1571 1014 (4);
1590 953 1667 1017 qui
1686 952 1773 1000 do-

65 1039 199 1084 cent„
228 1048 347 1077 rom.
361 1031 584 1092 Pontifici
608 1033 661 1076 in
679 1046 885 1092 persona
903 1029 1039 1075 Petri
1067 1046 1097 1074 a
1114 1028 1297 1075 Christo
1311 1029 1610 1091 pascendum
1617 1031 1772 1092 favisse

69 1108 306 1153 traditum
330 1110 610 1152 universum
634 1121 823 1168 yreyem
859 1122 1028 1163 suum,
1064 1114 1114 1151 ut
1149 1105 1318 1151 iterum
1358 1105 1631 1168 Augustinus
1666 1106 1771 1169 (5)3

70 1182 150 1246 qui
191 1182 500 1246 profitentur,
539 1184 868 1227 auctoritatem
912 1181 1045 1227 Sedis
1077 1183 1339 1244 apostolicoe
1367 1200 1398 1228 a
1431 1183 1498 1228 D.
1535 1181 1602 1228 Ν.
1626 1183 1677 1228 J.
1717 1183 1768 1230 C.

69 1258 230 1304 datam
264 1273 354 1303 esse
372 1293 383 1314 7
416 1266 466 1302 ut
494 1255 756 1320 Stephanus
777 1256 1015 1303 Larissaeus
1039 1257 1137 1322 (6),
1174 1257 1246 1304 vel
1276 1275 1306 1303 a
1334 1259 1458 1316 Deo,
1483 1264 1534 1303 ut
1555 1259 1772 1312 monachi

71 1333 201 1396 graeci
240 1332 393 1379 seculo
431 1334 488 1379 vl
524 1333 713 1379 ineunte
743 1332 838 1397 (7);
891 1333 969 1397 qui
994 1342 1233 1392 asserunt,
1278 1332 1445 1380 Sedem
1473 1333 1771 1398 apostolicam

70 1425 98 1454 a
125 1408 333 1455 Domino
347 1409 387 1456 J
389 1445 397 1454 .
426 1409 474 1455 C.
492 1426 580 1471 per
599 1409 804 1455 Beatum
823 1409 1023 1455 Petrum
1045 1410 1320 1472 Apostolum
1336 1418 1526 1456 tantum
1543 1415 1772 1458 meruisse

63 1485 437 1548 principatum,
473 1486 541 1530 uti
580 1483 845 1531 Rothardus
882 1485 1220 1532 Suessionensis
1270 1486 1518 1550 Episcopus
1551 1486 1652 1550 (8);
1691 1483 1770 1552 qui

965 1648 1103 1687 habent
1120 1648 1232 1687 Petri
1254 1649 1501 1689 hereditatem
1516 1680 1528 1699 ,
1554 1654 1626 1704 qui
1659 1653 1772 1691 Petri

965 1714 1087 1752 sedem
1110 1727 1187 1751 non
1207 1714 1347 1753 habent
1358 1745 1371 1763 ‚
1393 1730 1507 1767 qnam
1526 1718 1649 1769 impia
1666 1718 1771 1757 divi-

144 1651 193 1701 (l)
225 1650 293 1687 Hic
313 1647 485 1699 scopulus
512 1656 590 1698 est,
608 1648 653 1687 ad
672 1662 784 1700 quem
807 1662 895 1686 con-

87 1724 223 1754 stanter
246 1723 434 1753 novatores
449 1728 578 1751 navem
595 1728 698 1751 suam
713 1713 893 1760 allidunt3

90 1783 350 1834 permiscentes
385 1782 482 1819 enim
524 1780 725 1818 doctrinam
754 1787 789 1818 et
825 1780 898 1817 for-

88 1847 225 1886 mulam
240 1875 253 1892 ‚
268 1861 340 1899 qua
354 1846 518 1884 doctrina
531 1846 653 1898 aliqua
665 1848 893 1896 exprimitur,

87 1926 130 1950 ex
154 1926 196 1950 eo
217 1912 316 1964 quod
335 1911 503 1962 formula
531 1912 676 1948 nonnisi
701 1914 817 1949 serius
839 1913 897 1950 in-

89 1977 197 2015 dueta
210 1977 319 2015 suerit
336 2006 347 2023 ‚
371 1978 598 2016 concludunt
614 1978 818 2015 doctrinam
833 1992 895 2029 pa-

87 2044 175 2080 riter
201 2043 377 2080 novitiam
403 2056 479 2080 esse
496 2070 508 2090 ,
531 2050 565 2080 et
582 2041 651 2080 hac
670 2044 808 2089 ratione
822 2044 893 2081 im—

88 2109 242 2158 pingunt
255 2115 484 2145 etcorruunt.
500 2106 552 2145 lta
567 2107 655 2145 olim
667 2107 867 2146 Sabelliani
880 2121 890 2157 5

89 2169 217 2210 Ariani
233 2202 243 2219 ‚
287 2171 492 2210 Nestoriani
511 2202 521 2219 ‚
547 2180 664 2210 etc.et
690 2180 792 2211 aetate
825 2173 895 2211 hac

92 2244 213 2274 nostra
222 2236 377 2276 baeretici
396 2239 622 2290 quicumque
640 2244 892 2289 protestantes.

142 2301 200 2351 (2)
233 2300 440 2341 Comment.
467 2304 511 2340 in
526 2317 538 2340 1
555 2302 607 2341 ad
644 2303 818 2342 Timoth.
839 2317 891 2352 ιιι,

98 2363 144 2416 14
160 2395 170 2412 ‚
192 2365 256 2403 ubi
273 2380 442 2406 enarrans
457 2367 566 2406 verba
581 2367 746 2420 Apostoli
765 2382 775 2407 :
793 2367 893 2407 Hoec

91 2431 166 2469 tibi
184 2431 349 2472 scribo...
366 2441 408 2471 ut
428 2433 528 2472 scias
542 2464 551 2482 ‚
568 2442 638 2473 etc.
661 2435 739 2472 haec
753 2435 863 2473 habet
879 2448 891 2473 :

89 2496 241 2535 Idcirco
254 2525 267 2545 ,
291 2509 338 2534 ne
354 2497 451 2548 sorte
472 2499 622 2538 tardem
633 2530 644 2548 ‚
660 2499 783 2538 scribo
795 2500 870 2539 tihi
880 2530 892 2547 ,

89 2569 134 2601 ut
145 2564 246 2601 scias
260 2592 270 2608 ‚
297 2564 476 2614 quomodo
498 2564 712 2604 Ecclesiam
724 2566 891 2615 ordines,

88 2642 172 2679 quae
205 2634 260 2666 est
279 2628 411 2667 domus
430 2628 556 2669 Dei...
574 2631 685 2680 cujus
707 2630 815 2669 hodie
836 2646 894 2670 re-

90 2701 170 2733 ctor
187 2702 239 2732 est
256 2692 462 2733 Damasus.
489 2694 558 2733 Hic
578 2704 704 2735 auctor
723 2697 793 2735 fuit
807 2698 894 2736 Am-

88 2760 212 2798 brosio
243 2760 318 2799 fere
343 2773 502 2798 coaevus.
529 2759 624 2813 Opp.
658 2760 698 2800 S.
726 2761 893 2799 Ambros-

91 2824 315 2865 edit.Maur.
331 2833 422 2864 tom.
438 2839 477 2873 11,
495 2828 535 2863 in
552 2827 708 2876 append.
725 2825 891 2879 col.296.

148 2889 197 2939 (3)
225 2889 418 2931 Enarrat.
436 2892 479 2929 in
498 2891 570 2937 ps,
596 2905 638 2929 xi.
656 2919 666 2937 ‚
686 2905 726 2930 n.
751 2892 814 2939 303
830 2894 894 2944 qui

93 2963 279 3006 propterea
310 2957 441 2995 exinde
487 2955 666 2996 inferebat
682 2986 692 3004 ‚
726 2955 791 2995 De
817 2970 895 3010 Ρω-

72 3012 229 3060 'nitent
255 3020 322 3062 lib.
339 3034 354 3061 1
370 3052 382 3071 ‚
407 3036 488 3075 cap.
508 3036 684 3076 7.‚·num.
705 3022 782 3062 33:
801 3022 892 3063 Non

964 1780 1068 1817 sione
1079 1780 1316 1833 discerpunt.

1019 1846 1071 1894 (14)
1103 1845 1315 1898 Hieronym.
1339 1845 1469 1899 Epist.
1486 1863 1547 1893 xv,
1560 1847 1767 1888 adDama-

962 1923 1047 1947 sum
1064 1940 1073 1956 ‚
1096 1925 1137 1949 n.
1160 1923 1196 1955 2,
1212 1912 1300 1950 edit.
1320 1912 1474 1952 Vallars.
1488 1930 1498 1960 3
1512 1912 1768 1965 Augustinus,

962 1977 1001 2014 in
1029 1976 1184 2015 Psalmo
1198 1986 1329 2016 contra
1347 1986 1498 2030 partem
1514 1977 1673 2020 Donati.

1016 2042 1066 2092 (5)
1097 2043 1142 2081 In
1168 2043 1236 2081 lib.
1261 2041 1406 2083 Com-ra
1424 2045 1570 2097 epistol.
1582 2045 1768 2096 fundam.

961 2121 1042 2158 cap.
1068 2107 1108 2159 4.

1014 2174 1070 2223 (6)
1102 2174 1209 2225 Apud
1236 2173 1331 2212 Lud.
1359 2174 1614 2223 Holstenium‚
1654 2177 1765 2216 Rom.

961 2238 1099 2278 collect.
1122 2238 1249 2278 Romae
1281 2238 1399 2289 1662,
1427 2249 1512 2279 tom.
1535 2255 1560 2282 ι.
1590 2256 1672 2293 pag.
1702 2240 1765 2291 15,

962 2313 997 2342 et
1023 2318 1102 2355 pag.
1134 2304 1211 2352 23,
1245 2314 1279 2343 et
1306 2318 1373 2356 27.

1016 2369 1070 2420 (7)
1101 2370 1145 2407 In
1191 2370 1313 2408 libello
1347 2370 1501 2410 Mariani
1540 2380 1574 2410 et
1612 2372 1768 2412 aliorum

962 2435 1329 2474 archimandritarum
1347 2437 1393 2474 ad
1406 2436 1609 2488 Agapetum
1630 2437 1768 2489 Papam

962 2509 996 2539 et
1016 2501 1128 2540 relato
1156 2504 1195 2539 in
1217 2501 1331 2541 Cone.
1355 2502 1767 2556 Constantinopolitano

963 2564 1033 2602 sub
1049 2563 1186 2604 Manna
1198 2595 1208 2614 ,
1223 2566 1320 2617 apud
1337 2566 1456 2606 Labb.
1473 2576 1562 2606 tom.
1576 2583 1597 2607 v
1608 2597 1621 2614 ,
1640 2583 1678 2619 p.
1700 2569 1766 2616 30,

962 2633 1012 2668 ita
1033 2631 1261 2670 concludunt
1295 2645 1306 2670 ε
1343 2632 1470 2685 Quam
1507 2633 1767 2685 defendentes,

961 2696 1197 2745 beatissimi,
1228 2699 1409 2750 suscipite
1433 2704 1601 2736 nostram
1620 2699 1768 2752 suppli-

961 2763 1161 2810 cationem,
1192 2769 1228 2800 et
1244 2769 1462 2815 potestatem
1486 2764 1592 2802 vobis
1619 2777 1644 2801 a
1682 2763 1767 2803 Deo

962 2826 1089 2864 datam
1104 2828 1146 2865 in
1170 2828 1271 2880 ipsos
1288 2836 1471 2867 niovemes
1485 2857 1497 2877 ,
1516 2835 1677 2880 purqate
1690 2828 1768 2868 Dei

961 2891 1178 2932 Ecclesiam
1192 2924 1203 2943 ,
1231 2901 1266 2932 et
1284 2907 1307 2932 a
1326 2894 1430 2947 lupis
1450 2894 1603 2934 liberate
1620 2925 1630 2944 ‚
1646 2905 1716 2934 ete.

1017 2958 1072 3009 (8)
1102 2957 1176 2999 Hic
1210 2974 1297 2999 eum
1343 2962 1508 3013 iniquam
1551 2963 1591 2999 in
1629 2975 1666 2999 se
1704 2974 1765 2999 ex-

962 3031 1086 3075 pertus
1109 3033 1200 3064 esset
1217 3027 1435 3065 sententiam
1448 3054 1463 3073 ,
1486 3026 1544 3064 his
1563 3025 1680 3065 verbis
1698 3039 1763 3078 ap-
