2028 3354
414 230 540 261 PART.
577 232 609 259 1.
646 230 743 261 GAP.
780 231 831 261 11.
870 230 924 259 DE
959 229 1131 260 CHRISTI
1163 203 1284 260 noim..
1324 228 1516 260 CONSTIT.
1743 211 1806 260 35

194 344 301 391 143.
338 345 474 408 Resp.
507 342 627 406 Ney.
663 351 763 389 ant.
798 341 867 389 Ad
901 343 992 402 ΙΨ,
1024 341 1155 407 prob.
1183 342 1300 406 Ney.
1335 341 1568 406 Siquidem
1596 341 1805 389 Christus

127 438 223 467 non
259 419 535 478 individuis,
567 418 649 465 sed
686 418 891 465 societati
920 419 1009 482 ipsi
1029 418 1205 464 donum
1234 417 1545 465 foecunditatis
1564 416 1796 481 pollicitus

127 504 196 542 est
226 516 238 553 ς
271 512 373 542 cum
409 511 518 542 vero
559 503 847 557 peccatores7
888 493 997 541 licet
1029 494 1122 540 sint
1161 493 1331 540 mortui
1361 493 1410 539 in
1444 510 1493 540 se
1529 493 1663 556 ipsis,
1712 494 1806 540 sint

130 580 283 617 tamen
314 569 523 617 membra
550 570 749 633 corporis
778 569 897 627 vivi,
920 568 1045 632 quod
1070 585 1155 632 per
1174 585 1226 614 ea
1247 566 1465 631 praedicat
1489 577 1534 614 et
1560 577 1805 633 operatur,

125 647 178 692 fit
205 655 254 691 ut
287 647 331 691 vi
358 645 575 707 legitimae
607 645 836 690 missionis
875 643 1039 689 uberes
1080 642 1315 689 interdum
1354 659 1409 688 ex
1444 642 1680 690 laboribus
1716 645 1806 692 suis

126 721 340 784 colligant
378 722 568 767 fructus,
611 721 706 765 Hac
745 727 901 765 autem
939 718 1156 764 missione
1186 716 1397 763 destituti
1443 727 1552 764 sunt
1589 720 1804 779 sectarii,

125 807 289 863 utpote
310 796 368 843 ab
398 796 593 842 Ecclesia
616 793 828 858 separati.

193 874 301 921 144.
341 873 409 920 Ad
435 874 529 931 ΞΜ,
559 871 679 933 Ney.
715 868 1008 933 Experientia
1029 868 1154 915 enim
1181 868 1333 933 potius
1364 870 1647 916 contrarium
1672 869 1820 929 lucu->

126 952 382 999 lentissime
406 948 623 997 ostendit.
652 947 873 1004 Quamvis
899 946 1024 993 enim
1045 945 1198 993 media
1225 947 1380 993 omnia
1405 946 1731 1008 adhibuerint,
1756 965 1807 995 ac

124 1029 264 1075 etiam
297 1024 545 1073 adhibeant
573 1030 706 1070 sectae
741 1022 800 1069 ad
833 1021 1042 1069 infideles
1078 1021 1260 1069 Christo
1287 1021 1614 1083 adducendos⁷
1645 1032 1699 1069 ut
1724 1041 1807 1070 suo

122 1103 221 1149 loco
237 1100 532 1166 probavimus
557 1099 629 1160 (l)
644 1134 659 1159 ,
680 1097 811 1145 nullo
838 1107 998 1145 tamen
1020 1097 1139 1144 felici
1164 1099 1291 1145 exitu
1309 1098 1360 1145 id
1388 1099 1705 1163 praestiterunt
1723 1134 1736 1155 5
1760 1108 1808 1147 et

121 1178 171 1224 in
196 1178 378 1224 irritum
404 1192 564 1222 omnes
593 1191 753 1222 earum
776 1183 966 1221 conatus
988 1183 1241 1220 cesserunt.
1280 1176 1383 1221 Non
1408 1175 1533 1220 enim
1554 1175 1629 1221 hic
1658 1175 1808 1237 agitur

119 1252 176 1299 de
204 1269 298 1298 uno
336 1250 410 1297 vel
440 1250 585 1297 altero
614 1248 884 1308 individuo3
916 1250 997 1296 sed
1026 1250 1176 1312 agitur
1209 1248 1267 1296 de
1288 1250 1587 1297 conversione
1605 1249 1806 1315 populo-

117 1346 220 1375 rum
245 1364 257 1387 ,
297 1326 483 1392 qualem
520 1327 670 1391 reipsa
707 1343 816 1374 vera
853 1325 1020 1372 Christi
1064 1324 1261 1372 Ecclesia
1290 1335 1477 1390 operata
1508 1335 1577 1372 est
1591 1347 1612 1384 ς’
1646 1327 1710 1373 ita
1753 1335 1806 1373 ut

117 1404 250 1451 nulla
283 1421 470 1469 prorsus
496 1420 606 1467 gens
630 1403 689 1449 sit
715 1402 774 1448 ad
798 1402 1035 1448 Christum
1065 1401 1288 1459 adducta,
1324 1419 1427 1466 quae
1453 1403 1803 1450 conversionem

116 1498 247 1527 suam
281 1498 375 1526 non
406 1480 571 1525 referat
584 1478 652 1525 illi
670 1487 905 1542 acceptam
925 1478 1013 1541 (2).
1044 1478 1150 1523 Haec
1177 1485 1245 1523 est
1262 1477 1339 1523 illa
1361 1478 1477 1523 mira
1498 1478 1801 1538 foecunditas,

118 1572 217 1621 quae
232 1554 525 1602 ineluctabile
541 1572 728 1617 prorsus
741 1552 957 1618 perhibet
973 1561 1302 1615 argumentum
1318 1553 1445 1611 vitae,
1467 1570 1560 1617 qua
1576 1570 1601 1600 a
1621 1554 1805 1600 Christo

117 1632 309 1697 praedita
333 1640 401 1677 est
429 1631 563 1676 unica
593 1633 688 1691 ejus
722 1646 901 1693 sponsa.

186 1708 294 1755 145.
334 1706 404 1753 Ad
438 1706 503 1753 3¹1¹
521 1742 533 1764 7
568 1707 693 1752 Dz‘st.
736 1706 789 1751 In
816 1704 977 1751 ordine
1004 1702 1064 1749 ad
1086 1702 1291 1751 valorem
1321 1704 1542 1768 Baptismi
1564 1703 1622 1750 ab
1651 1703 1802 1753 haere-

115 1785 214 1832 ticis
245 1783 397 1830 collati
421 1818 433 1840 ,
469 1799 595 1828 conc.
617 1800 632 1834 ;
662 1782 712 1827 in
737 1779 899 1827 ordine
929 1779 987 1826 ad
1023 1779 1346 1825 haereticorum
1376 1779 1731 1826 foecunditatem
1751 1781 1802 1828 in

113 1858 352 1925 gignendis
384 1858 566 1904 Christo
602 1856 732 1915 filiis,
764 1873 862 1919 noy.
902 1855 1182 1918 Augustinus
1214 1855 1340 1901 enim
1370 1854 1487 1902 illud
1515 1855 1713 1921 protulit
1730 1857 1803 1903 ef-

113 1937 262 1983 fatum
285 1934 343 1981 ad
363 1932 703 1982 dissolvendam
722 1931 1043 1978 difficultatem
1062 1930 1451 1995 rebaptizantium
1467 1967 1479 1990 a
1507 1931 1587 1996 qui
1608 1940 1799 1979 conten-

116 2011 291 2059 debant
310 2047 322 2069 ,
358 2010 541 2056 nullum
572 2026 670 2056 esse
697 2009 930 2073 Baptisma
967 2007 1025 2054 ab
1051 2007 1276 2053 haereticis
1309 2007 1687 2054 administratum
1704 2043 1717 2067 ,
1744 2025 1799 2055 eo

115 2088 240 2153 quod
264 2087 403 2134 solius
439 2102 616 2151 sponsae
650 2085 820 2132 Christi
865 2084 1106 2149 proprium
1139 2083 1199 2129 sit
1227 2082 1342 2129 filios
1372 2083 1413 2129 ei
1443 2099 1684 2147 procreare
1713 2082 1801 2147 (3).

115 2166 366 2229 Nunquam
403 2180 512 2210 vero
551 2170 631 2208 aut
668 2162 712 2207 S.
739 2160 1018 2222 Augustinus
1057 2167 1136 2205 aut
1178 2160 1336 2205 Patres
1369 2158 1536 2223 reliqui
1583 2159 1633 2204 in
1668 2158 1801 2205 sectis

118 2248 406 2303 agnoverunt
432 2239 559 2285 illam
580 2236 931 2285 foecunditatem
949 2272 961 2295 ,
983 2235 1040 2283 de
1060 2252 1148 2300 qua
1168 2234 1403 2300 loquimur
1417 2271 1430 2295 7
1453 2235 1547 2281 imo
1566 2234 1619 2280 iis
1643 2242 1803 2299 aperte

120 2317 330 2363 eamdem
350 2313 738 2380 denegarunt(4).

119 2499 174 2530 ter
198 2490 394 2529 hominum
415 2491 607 2535 societati,
629 2490 712 2527 m‘si
731 2488 916 2529 Ecclesiae
1041 2490 1093 2541 (1)
1134 2490 1180 2528 In
1209 2497 1312 2529 tract.
1358 2487 1416 2528 De
1469 2503 1558 2529 vera
1593 2488 1800 2541 reliquom,

53 2550 54 2553 ¹
119 2571 199 2595 cuoe
235 2555 474 2593 ordinariam
507 2555 683 2606 faciendi
729 2554 917 2592 miracula
992 2569 1096 2607 prop.
1123 2571 1161 2595 x.

119 2622 302 2661 concessit
341 2620 488 2670 (Deus)
520 2619 752 2670 facultatem.
790 2618 920 2669 Maqis
1045 2621 1099 2672 (ἢ)
1127 2621 1209 2659 cfr.
1235 2621 1329 2659 ibid.

120 2690 235 2728 etiam
258 2687 513 2724 necessarium
537 2692 590 2722 est
603 2714 615 2729 ,
632 2685 730 2735 quod
745 2684 862 2723 altera
876 2697 922 2722 etv
1049 2684 1101 2737 (ὃ)
1130 2685 1209 2725 Cfr.
1233 2684 1289 2725 De
1299 2685 1501 2738 Baptiemo
1515 2715 1526 2734 ‚
1551 2684 1618 2724 lib.
1637 2697 1713 2734 1,o.
1734 2697 1796 2735 ιο,

117 2761 228 2808 parte
241 2766 314 2805 per
326 2753 564 2803 neqatz‘onem
587 2751 741 2788 ducitur
760 2780 770 2798 ,
789 2752 834 2787 in
848 2763 923 2801 qua
994 2764 1034 2788 n.
1068 2748 1130 2800 14.

122 2818 311 2857 miracula
329 2816 436 2854 nulla
451 2817 675 2866 fiant‚eam
701 2828 829 2852 veram
841 2814 922 2853 Ec·
1054 2815 1106 2865 (4)
1135 2815 1229 2855 Nota
1268 2819 1360 2854 sunt
1398 2815 1508 2853 verba
1543 2815 1759 2853 Tertulliani
1786 2842 1798 2862 ,

126 2883 279 2923 clesiam
300 2897 375 2921 esse
402 2896 480 2920 non
497 2895 605 2934 posse
625 2912 636 2929 ‚
668 2882 761 2932 quia
784 2882 925 2919 scimus
996 2880 1130 2933 quibus
1156 2881 1326 2933 graphice
1367 2881 1551 2918 haereticos
1573 2877 1733 2931 depingit
1761 2880 1800 2915 in

128 2949 323 2988 Christum
366 2948 550 2987 Ecclesiae
588 2961 669 2987 suoe
706 2953 925 2999 potestatem
995 2947 1067 2986 lib.
1096 2945 1384 3000 Deproescript.
1405 2960 1488 2998 cap.
1515 2944 1583 2997 42.
1608 2945 1669 2983 De
1694 2942 1801 2982 verbi

123 3016 175 3054 ad
191 3014 375 3067 facienda
399 3012 590 3053 miracula
616 3012 776 3053 dedisse.
998 3011 1336 3052 administratione
1356 3010 1450 3063 quid
1461 3010 1587 3049 dicam
1601 3039 1612 3058 ‚
1628 3021 1717 3047 cum
1730 3007 1811 3046 hon:
