2028 3354
218 208 318 256 210

698 220 858 250 TRACT.
896 221 951 250 DE
985 220 1101 250 mols
1135 222 1436 254 THEOLOGIst.

226 340 455 388 unitatem
472 333 710 400 propriam
741 331 948 380 Ecclesiae
970 332 1142 380 Christi
1159 371 1170 393 ,
1192 336 1280 383 nisi
1301 346 1600 386 revertantur
1619 337 1679 385 acl
1699 354 1909 385 commu·-

227 417 419 463 nionem
438 427 545 457 cum
563 408 760 457 Ecclesia
781 425 974 455 romana
993 443 1006 467 ‚
1030 423 1136 455 cum
1164 428 1253 474 qua
1282 430 1366 477 per
1382 415 1461 460 XV
1483 413 1633 461 secula
1659 413 1709 460 in
1740 413 1910 460 unione

226 492 440 549 fuerunt,
476 495 615 552 prout
645 501 940 550 summopere
959 492 1006 531 et
1024 500 1082 530 ex
1101 484 1236 532 corde
1254 497 1467 551 optamus
1486 506 1641 537 amore
1658 489 1787 537 ducti
1815 497 1914 536 tam

225 565 416 613 illustris
437 562 667 620 nationis„
697 562 747 608 in
770 578 860 626 qua
883 577 1043 607 sensus
1063 560 1298 624 religiosus
1329 564 1442 611 adeo
1469 565 1650 613 excellit
1679 565 1766 629 (1).
1803 564 1809 570 “
1901 618 1905 620 μ

293 641 404 689 319.
438 638 545 702 obj.
578 638 796 685 secunda.
839 638 888 683 10
918 637 1147 683 Sanctitas
1169 655 1266 683 non
1288 636 1417 685 deest
1443 641 1599 701 sectis,
1632 657 1731 706 quae
1752 655 1915 687 omnes

219 736 281 766 eo
303 716 535 774 tendunt,
559 723 611 761 ut
631 714 845 761 homines
868 730 892 760 a
914 713 1037 759 vitiis
1065 712 1309 759 retrahant
1330 722 1376 760 et
1399 714 1457 761 ad
1479 717 1702 764 virtutem
1720 733 1801 763 seu
1818 733 1918 763 san-

223 795 437 841 ctitatem
456 792 729 838 informent.
753 790 807 835 20
825 789 1046 847 Quamvis
1067 805 1178 836 vero
1197 806 1336 853 opera
1361 788 1482 837 bona
1506 808 1601 838 non
1623 793 1921 857 requirantur

226 869 286 916 ad
311 868 554 915 formalem
573 865 950 929 justificationem
967 899 980 921 ‚
1012 882 1109 910 non
1138 864 1454 912 excluduntur
1476 875 1637 914 tamen
1662 877 1715 913 ut
1738 868 1845 914 fidei
1867 884 1920 914 ac

222 944 564 1008 justificationis
584 942 759 988 fructus
778 949 825 987 et
844 940 1038 987 indices.
1054 939 1107 987 3⁰
1120 942 1267 988 Nemo
1294 959 1432 1004 porro
1452 942 1713 1006 negaverit,
1739 952 1920 989 sanctas

228 1039 327 1069 esse
350 1019 571 1068 Ecclesias
597 1034 813 1082 graecam,
851 1017 1073 1064 russicam
1097 1026 1144 1064 et
1166 1017 1454 1080 anglicanam
1487 1034 1588 1082 quae
1613 1018 1770 1083 plures
1799 1018 1922 1065 inter

226 1115 310 1145 sua
343 1096 556 1144 membra
580 1097 771 1142 Sanctos
799 1103 1092 1140 enumerant.
1118 1092 1170 1139 40
1204 1093 1257 1140 Id
1276 1094 1430 1157 ipsum
1454 1092 1633 1141 dicatur
1653 1094 1710 1142 cle
1731 1093 1924 1141 catholi-

231 1175 369 1220 citate
389 1208 402 1232 ⁷
437 1188 542 1218 cum
578 1177 891 1236 protestantes
919 1168 1092 1233 ubique
1120 1168 1273 1215 diffusi
1301 1170 1425 1228 sint,
1457 1179 1503 1217 et
1534 1170 1845 1217 missionarios
1874 1170 1923 1216 in

232 1266 396 1295 omnes
439 1256 574 1295 terrae
609 1246 764 1312 plagas
800 1245 1033 1304 habeant,
1066 1244 1190 1309 quod
1220 1246 1392 1309 pariter
1422 1255 1646 1310 praestant
1685 1245 1924 1309 Anglicani

232 1334 280 1372 et
310 1324 460 1371 Russi.
494 1323 543 1368 5⁰
569 1324 847 1387 Quanquam
873 1339 958 1368 nec
986 1321 1374 1368 dissimulandum
1399 1331 1470 1368 est
1490 1357 1502 1381 .,
1527 1321 1757 1368 actualem
1776 1322 1923 1368 diffu-

235 1402 413 1448 sionem
442 1400 634 1458 minime
665 1398 838 1463 requiri
868 1397 927 1444 ad
950 1397 1198 1444 Ecclesiam
1219 1397 1494 1444 catholicam
1519 1397 1922 1455 constituendam3

235 1478 443 1542 alioquin
460 1475 684 1524 dicendus
710 1475 869 1522 fuisset
887 1475 1146 1521 catholicus
1165 1474 1460 1532 arianismus,
1479 1475 1559 1537 qui
1571 1473 1734 1520 seculis
1748 1475 1806 1520 IV
1828 1483 1875 1520 et
1892 1474 1925 1519 V

234 1562 488 1618 utrumque
519 1554 772 1617 imperium
794 1550 1017 1597 orientale
1041 1560 1088 1597 et
1112 1549 1396 1597 occidentale
1425 1550 1685 1614 occupavit.
1709 1549 1761 1595 60
1781 1547 1929 1596 Multo

235 1645 348 1678 vero
378 1629 521 1693 magis
553 1627 758 1691 dicendae
784 1635 894 1674 sunt
928 1644 1089 1674 omnes
1129 1627 1339 1674 Ecclesiae
1380 1626 1478 1672 istae
1509 1625 1799 1691 apostolicae3
1833 1624 1931 1672 haec

238 1707 364 1752 enim
391 1704 651 1770 proprietas
669 1739 681 1763 ‚
698 1720 749 1749 ac
769 1702 964 1767 proinde
990 1712 1100 1749 nota
1122 1720 1218 1749 non
1243 1720 1268 1749 a
1291 1701 1427 1767 longa
1449 1718 1762 1749 successorum
1786 1701 1901 1748 serie
1916 1739 1930 1763 ‚

240 1781 323 1828 sed
355 1780 413 1828 ab
449 1778 698 1845 apostolica
728 1778 937 1824 doctrina
970 1778 1151 1825 desumi
1191 1778 1354 1839 debet3
1387 1777 1636 1844 apostolica
1673 1794 1813 1843 porro
1848 1777 1936 1823 do-

242 1858 391 1904 ctrina
421 1873 477 1903 ex
505 1855 685 1920 scriptis
710 1854 970 1919 apostolicis
986 1854 1239 1915 ¹ediscenda
1270 1864 1342 1903 est
1359 1890 1371 1914 ,
1403 1854 1556 1920 potius
1593 1871 1736 1918 quam
1762 1870 1820 1901 ex
1848 1852 1936 1900 ho-

299 2029 348 2080 (l)
379 2029 423 2067 ln
443 2037 627 2080 postremo
643 2028 817 2067 fasciculo
840 2041 902 2066 an.
936 2026 1035 2078 1840
1050 2058 1060 2077 ‚

244 2109 308 2147 op.
334 2095 509 2147 periodici
548 2095 715 2145 inscripti
741 2093 896 2132 British
925 2094 1034 2132 critic
1052 2123 1062 2142 ‚

248 2161 424 2215 quodque
461 2175 480 2198 a
522 2160 811 2212 protestantibus
860 2158 1064 2212 anglicanis

250 2228 444 2267 conficitur
460 2257 470 2275 ,
493 2229 663 2264 asseritur
695 2227 891 2264 necessitas
917 2227 1065 2264 alterius

250 2292 448 2347 cujusdam
473 2292 656 2344 religionis
675 2323 685 2341 ‚
711 2306 828 2344 quum
850 2291 978 2342 religio
995 2292 1065 2329 Ec-

249 2360 369 2398 clesiae
392 2360 592 2410 anglicanae
610 2373 685 2397 non
709 2361 756 2396 sit
777 2358 900 2410 religio
922 2358 1063 2409 populi.

258 2423 448 2476 Quoenam
483 2431 609 2462 autem
628 2453 639 2472 ‚
673 2425 823 2476 inquit,
856 2430 911 2460 est
931 2423 1067 2474 relz’qio

254 2489 360 2541 apud
375 2503 444 2528 nos
459 2489 774 2530 introducenda?
796 2488 870 2527 Est
882 2488 964 2537 illa,
985 2503 1068 2541 quoe

254 2561 308 2592 ese
330 2567 410 2592 una
426 2584 436 2602 ,
460 2561 592 2593 sancta
611 2585 621 2600 ,
659 2553 843 2593 catholica
863 2561 898 2593 et
921 2563 1067 2608 aposto-

252 2619 345 2659 lica.
368 2620 519 2659 Utinam
551 2622 608 2659 isti
633 2621 802 2658 homines
832 2621 973 2660 larvam
1000 2622 1066 2660 de-

257 2693 460 2738 ponerent,
486 2694 522 2725 ct
557 2685 614 2724 vel
640 2686 753 2724 fidem
785 2685 954 2725 Ecclesiae
986 2701 1069 2726 vere

1124 2028 1204 2065 lum
1231 2030 1271 2066 in
1290 2027 1645 2066 indifferentismum
1671 2028 1828 2080 dejicere
1845 2057 1855 2075 ‚
1878 2027 1937 2066 vel

1126 2098 1166 2134 in
1192 2098 1266 2135 suis
1290 2097 1475 2134 erroribus
1500 2094 1739 2135 confirmare!
1757 2095 1821 2134 Ast
1844 2097 1936 2133 mihi

1126 2164 1263 2201 similes
1297 2162 1467 2201 videnlur
1486 2162 1558 2200 illis
1582 2162 1799 2201 mulieribus
1815 2192 1825 2210 ,
1850 2175 1933 2214 quae

1127 2237 1305 2268 venerunt
1322 2242 1437 2282 usque
1457 2229 1501 2267 ad
1526 2237 1696 2280 partum,
1721 2242 1788 2266 nec
1813 2236 1936 2266 tamen

1128 2294 1272 2333 defectu
1286 2295 1418 2332 virium
1431 2306 1557 2346 parere
1571 2301 1782 2345 potuerunt,
1795 2294 1840 2331 de
1851 2295 1935 2345 qui-

1126 2359 1197 2397 bus
1223 2361 1385 2412 loquitur
1409 2359 1598 2410 Propheta.
1623 2358 1681 2396 Ex
1707 2373 1781 2396 una
1801 2361 1936 2410 quippe

1128 2433 1230 2476 parte
1254 2428 1416 2463 sentiunt
1442 2426 1696 2463 necessitatem
1718 2438 1755 2462 se
1778 2423 1935 2474 conjun-

1128 2491 1238 2541 gendi
1263 2504 1348 2529 cnm
1382 2486 1542 2529 Ecclesia
1562 2520 1574 2538 ,
1611 2503 1695 2543 quae
1720 2489 1796 2527 sola
1831 2501 1931 2534 una,

1130 2565 1282 2606 sancta,
1320 2555 1501 2594 catholica
1537 2565 1573 2595 et
1610 2555 1807 2607 apostolica
1842 2560 1928 2597 est,

1131 2634 1287 2675 quaeque
1306 2629 1359 2660 est
1380 2622 1454 2660 sola
1479 2622 1639 2661 Ecclesia
1677 2632 1856 2668 romana3
1889 2633 1932 2657 ex

1131 2688 1242 2726 altera
1271 2701 1353 2726 vero
1386 2688 1641 2739 perterrefiunt
1672 2699 1713 2723 ex
1742 2699 1836 2723 vano
1858 2698 1932 2737 pa-

263 2751 454 2789 catholicae
471 2781 481 2798 ‚
516 2765 649 2802 nempe
670 2750 840 2789 Ecclesiae
869 2765 1031 2790 romanae
1054 2782 1065 2800 ‚
1124 2754 1249 2805 pismi
1278 2762 1340 2792 aut
1361 2753 1592 2791 romani-ami
1606 2780 1616 2798 ‚
1640 2746 1680 2789 ut
1706 2751 1755 2788 ita
1782 2750 1928 2798 dicam,

260 2818 568 2869 amplecterentur
592 2847 603 2865 ‚
628 2817 686 2856 vel
711 2817 781 2856 sibi
807 2817 853 2856 ab
884 2819 941 2857 his
959 2819 1068 2857 flebi-

262 2881 361 2921 libus
385 2882 503 2921 modis
525 2883 655 2921 frustra
680 2882 897 2922 adhibendis
925 2892 1065 2936 tempe-

261 2957 409 2998 rarent;
442 2962 559 3001 quum
592 2949 773 3001 ejusmodi
811 2950 942 3001 agendi
974 2950 1064 2991 tatio

258 3013 360 3052 aliud
376 3012 469 3052 nihil
487 3013 630 3052 efficere
652 3021 786 3066 queat,
810 3028 922 3066 quam
948 3028 1064 3067 popu-

1132 2821 1272 2871 magico
1305 2819 1491 2858 terriculo.
1521 2817 1650 2855 Vincat
1669 2815 1736 2854 Dei
1756 2817 1871 2867 gratia*
1891 2818 1932 2854 in

1131 2886 1281 2924 istorum
1300 2884 1485 2924 cordibus.
1519 2882 1597 2920 Hoc
1625 2883 1725 2921 enim
1746 2881 1930 2920 bonorum

1132 2954 1298 2990 omnium
1320 2949 1538 2989 desiderium
1559 2963 1601 2988 ac
1625 2957 1751 2988 votum
1771 2956 1834 2987 est.
