2028 3354
239 201 331 249 482

741 214 896 244 macr.
934 216 987 243 DE
1023 215 1141 245 LOCIS
1168 217 1467 249 'runomalcls-

857 299 1183 372 PRoPosmo
1213 330 1269 373 v.

242 467 575 514 Commentitia
632 472 700 510 est
722 498 740 521 ,
795 480 852 510 ac
907 473 1099 511 naturae
1145 468 1393 526 primatus
1436 469 1679 531 pontificii
1718 486 1917 532 prorsus

297 541 583 588 adversatur
625 557 784 603 nuper
815 543 999 586 invecta
1025 576 1038 599 .,
1086 543 1210 587 inter
1222 544 1353 603 jara
1377 547 1623 605 primatus
1651 548 1917 595 essentialia

296 625 340 662 et
360 617 680 664 accidentalia
707 620 801 662 sive
829 619 1120 673 accessoria,
1143 617 1403 664 distinctio.

294 767 404 815 705.
428 768 484 813 Et
503 767 600 813 haec
623 767 881 831 propositio
900 767 1043 814 veluti
1062 769 1395 816 consectarium
1416 779 1485 817 est
1500 806 1513 829 ,
1536 770 1660 835 quod
1680 788 1737 818 ex
1759 782 1917 821 nostra

230 844 372 909 priori
395 843 726 908 cpropositione
750 878 762 900 ‚
798 843 857 890 de
899 852 1065 890 natura
1107 844 1331 891 pontificii
1370 846 1629 908 primatus,
1664 850 1918 897 necessario

227 919 482 966 descendit.
532 918 799 964 Adstruitur
848 925 1007 964 autem
1060 916 1281 964 adversus
1328 919 1430 967 illos
1454 957 1466 979 .,
1522 923 1602 987 qui
1627 958 1640 982 a
1692 922 1916 971 Febronio

223 1004 463 1059 praeeunte
494 993 565 1056 (l)
582 1029 595 1052 ,
618 996 724 1054 jura
748 992 976 1056 primatus
1003 1009 1124 1038 rom.
1151 993 1385 1041 Pontificis
1413 996 1462 1041 in
1489 996 1602 1044 duas
1624 999 1916 1063 potissimum

223 1168 373 1220 glicanae
414 1167 582 1206 Ecclesiae
619 1166 739 1204 indoli
774 1165 1042 1204 adversaretur.

227 1234 325 1272 Tum
347 1233 446 1272 illico
471 1233 607 1285 prodiit
631 1232 786 1284 epistola
814 1232 912 1283 prof.
936 1231 1044 1270 New-

228 1301 358 1346 mani,
392 1299 452 1337 die
485 1296 532 1336 16
556 1297 684 1335 Martii
709 1296 804 1347 1841
837 1297 945 1344 data,
972 1312 1045 1350 qua

229 1380 266 1404 se
290 1372 476 1403 auctorem
506 1366 631 1415 scripti
661 1363 760 1401 illius
784 1364 906 1414 palam
929 1363 1042 1415 profi-

226 1439 320 1469 tetur
337 1461 346 1476 ‚
377 1440 410 1468 et
438 1430 623 1482 quidquid
646 1429 699 1466 ibi
725 1443 746 1467 a
770 1443 808 1467 se
836 1437 1013 1467 statutum
1032 1459 1041 1476 ‚

214 1507 307 1534 'non
325 1497 434 1534 modo
455 1509 582 1533 verum
600 1509 677 1533 esse
695 1502 806 1546 atque
823 1493 1018 1532 honestum
1033 1524 1042 1541 ‚

229 1562 291 1599 sed
339 1562 584 1600 necessarium
632 1561 785 1597 omnino
830 1559 1043 1610 proclamat.

231 1626 368 1678 Magna
388 1628 476 1665 inde
489 1629 530 1664 in
547 1634 622 1663 tota
635 1626 870 1664 universitate
884 1626 1043 1675 partium

229 1693 349 1731 studia
366 1701 401 1730 et
415 1694 624 1731 animorum
639 1692 839 1729 contentio.
853 1690 948 1729 Vide
962 1689 1044 1727 Ga-

228 1758 412 1809 liqnani's
437 1757 658 1808 Messenqer
683 1756 819 1794 Paris.
855 1754 906 1806 24
930 1757 1046 1794 Mar-

228 1825 279 1862 tii
303 1821 397 1873 1841
420 1853 431 1870 ‚
457 1836 499 1861 π.
524 1821 650 1861 8122.
669 1822 763 1860 Rem
790 1834 899 1873 porro
923 1835 966 1860 eo
984 1836 1044 1859 us-

229 1903 302 1941 que
340 1902 565 1940 progressam
610 1901 687 1926 esse
725 1889 932 1938 accepimus
952 1916 963 1935 ‚
1006 1895 1046 1925 ut

231 1953 454 1992 Oxoniensis
486 1953 679 2005 episcopus
721 1955 797 1990 sive
833 1953 1046 1991 auctoritate

230 2034 297 2058 sua
317 2021 393 2058 sive
409 2019 641 2058 suasionibus
671 2017 856 2064 effecerit,
884 2025 926 2055 ut
951 2025 1044 2055 trac-

230 2093 329 2124 tatus
350 2085 405 2123 illi
418 2084 649 2124 oxonienses
667 2084 781 2122 finem
796 2084 961 2134 protinus
980 2083 1046 2121 ha-

231 2151 371 2198 beant,
397 2166 440 2190 ac
470 2159 645 2203 perpetuo
674 2152 932 2188 conticescant.
965 2147 1046 2200 Quo

233 2231 317 2268 ergo
337 2218 585 2267 professorum
613 2218 766 2253 istorum
790 2222 942 2252 conatus
958 2228 1044 2252 eva-

231 2280 384 2321 serunt?
408 2282 462 2320 Eo
483 2295 618 2334 nempe
639 2289 681 2319 ut
703 2281 907 2319 miseranda
926 2280 1042 2332 angli-

237 2361 337 2386 canae
358 2347 525 2387 Ecclesiae
548 2347 710 2386 conditio
723 2347 840 2399 magis
854 2347 1046 2398 magisque

236 2415 277 2451 in
300 2415 470 2451 omnium
486 2421 683 2465 conspectu
700 2419 853 2464 pateret.
868 2410 924 2448 En
937 2438 948 2457 ‚
982 2413 1046 2462 qui

237 2478 438 2535 Ecclesiam
470 2481 577 2518 istam
611 2478 722 2517 veluti
755 2476 970 2515 catholicam
1011 2482 1047 2514 et

238 2543 476 2595 apostolicam
509 2543 695 2582 mordicus
727 2541 952 2589 tuebantur,
982 2543 1046 2593 qui

238 2621 321 2647 eam
348 2609 394 2648 ad
418 2612 612 2661 pristinum
642 2608 794 2659 originis
815 2620 890 2645 suae
912 2614 1046 2645 statum

239 2687 428 2722 revocare,
450 2673 605 2724 liturgiae
621 2687 729 2712 usum
744 2673 932 2711 restituere
943 2701 954 2720 ‚
971 2680 1045 2710 tra-

240 2739 419 2778 ditionem
442 2748 552 2793 atque
575 2741 834 2778 auctoritatem
856 2738 1042 2784 extollere,

241 2817 285 2843 ac
299 2807 580 2856 protestantismi
596 2806 771 2857 principia
789 2804 964 2842 damnare
975 2817 1044 2855 prae

239 2885 277 2909 se
292 2871 457 2911 ferebant
467 2900 480 2919 ‚
504 2886 606 2910 nunc
625 2872 739 2910 iidem
759 2872 828 2922 ipsi
848 2870 960 2908 veluti
979 2870 1046 2908 ho-

240 2939 359 2977 miues
372 2938 529 2977 ecclesiae
556 2951 631 2977 suae
650 2938 806 2984 infensi,
829 2938 1042 2988 perniciosi,

240 3018 450 3057 erroresque
472 3006 706 3056 propinantes
721 3011 799 3041 tum
819 3003 941 3041 verbis
964 3010 1044 3041 tum

1108 1165 1204 1204 facto
1223 1164 1270 1204 ab
1285 1166 1344 1214 iis,
1358 1166 1423 1219 qui
1434 1172 1685 1209 auctoritatem
1698 1173 1791 1212 inibi
1805 1187 1913 1213 exer·

1110 1238 1195 1270 cent
1208 1261 1218 1278 ‚
1244 1231 1495 1271 declarantur!
1511 1233 1667 1274 Videant
1676 1238 1784 1289 igitur
1800 1242 1916 1292 scrip—

1110 1304 1203 1334 tores
1214 1297 1291 1341 isti,
1305 1299 1455 1336 cuinam
1471 1312 1589 1337 causae
1602 1302 1787 1351 ingenium
1809 1311 1916 1356 atque

1111 1362 1330 1401 industriam
1341 1377 1443 1402 suam
1461 1366 1717 1417 manciparint!
1739 1367 1913 1418 Videant,

1110 1430 1174 1479 qui
1203 1436 1316 1466 status
1349 1429 1509 1468 ecclesiae
1541 1431 1652 1482 hujus
1684 1434 1812 1472 existat
1834 1464 1845 1481 ‚
1877 1437 1915 1473 in

1110 1505 1184 1543 qua
1209 1493 1304 1530 nihil
1331 1494 1447 1532 fixum
1483 1507 1527 1533 ac
1555 1496 1706 1544 stabile,
1738 1498 1831 1536 nihil
1853 1513 1916 1538 co-

1109 1557 1271 1605 haerens,
1290 1559 1354 1597 sed.
1381 1559 1426 1597 de
1451 1561 1530 1611 ipso
1552 1562 1790 1601 articulorum
1804 1593 1814 1610 ‚
1837 1567 1919 1617 qui-

1110 1623 1181 1661 bus
1212 1623 1275 1661 illa
1305 1625 1505 1672 innititur,
1539 1640 1647 1665 seusu
1674 1627 1764 1667 adeo
1792 1632 1920 1669 acriter

1111 1688 1310 1727 dimicatur
1331 1691 1425 1728 inter
1447 1705 1507 1730 eos
1530 1693 1627 1743 ipsos
1643 1721 1654 1739 ‚
1687 1695 1752 1746 qui
1782 1694 1919 1734 doctri-

1111 1768 1199 1792 nam
1230 1754 1465 1805 anglicanam
1494 1771 1559 1808 pro
1590 1758 1711 1797 officio
1735 1773 1919 1809 exponere

1111 1833 1153 1857 ac
1175 1820 1337 1871 profiteri
1359 1821 1512 1861 debent.
1535 1821 1631 1874 Quid
1658 1837 1764 1874 porro
1787 1826 1855 1863 erit
1872 1826 1918 1864 de

1110 1886 1254 1923 caeteris
1274 1885 1477 1925 omnibus?
1495 1887 1584 1939 quid
1606 1887 1650 1925 de
1671 1889 1806 1940 populo
1831 1892 1917 1927 uni-

1111 1948 1272 1989 versim?
1298 1965 1410 2004 quam
1432 1952 1517 1990 fidei
1544 1967 1615 1991 suae
1635 1953 1797 2005 regulam
1820 1969 1916 1994 nan-

1110 2018 1291 2054 ciscetur?
1310 2017 1401 2068 quid
1423 2030 1530 2068 porro
1551 2018 1742 2069 anglicana
1771 2034 1792 2058 a
1815 2028 1918 2058 caete-

1110 2083 1159 2118 ris
1171 2081 1454 2132 protestantium
1464 2084 1570 2121 sectis
1583 2083 1757 2121 distabit?
1769 2083 1918 2122 Utinam

1110 2146 1189 2183 haec
1212 2146 1336 2183 omnia
1355 2148 1550 2198 scriptores
1566 2148 1627 2185 isti
1643 2146 1754 2198 probe
1767 2161 1924 2199 perpen-

1112 2212 1267 2258 derent,
1299 2211 1456 2265 luceque
1494 2219 1660 2263 reperta,
1693 2213 1733 2249 in
1763 2213 1922 2251 tenebris
1983 2250 1988 2261 x

1112 2279 1280 2316 coecutire
1302 2291 1377 2316 non
1400 2277 1568 2316 mallent.

1168 2343 1219 2393 (1)
1252 2341 1315 2380 De
1345 2349 1447 2381 statu
1476 2340 1660 2382 Ecclesiae
1685 2349 1720 2380 et
1750 2342 1921 2393 leqitima

1108 2413 1286 2460 potestate
1326 2420 1423 2446 rom.
1468 2404 1669 2458 Pontificis
1688 2437 1700 2459 ‚
1743 2416 1837 2447 tom.
1875 2421 1889 2445 1
1905 2435 1915 2454 ‚

1111 2488 1193 2525 cap.
1220 2486 1243 2511 2
1260 2503 1271 2521 ‚
1296 2471 1317 2525 §
1344 2487 1365 2527 7
1381 2499 1394 2521 ‚-
1417 2488 1458 2513 n.
1482 2487 1523 2527 9.
1546 2473 1618 2513 Ubi
1641 2477 1717 2526 ipse
1733 2474 1835 2513 hunc
1857 2486 1918 2511 ve-

1111 2541 1179 2578 luti
1205 2553 1387 2579 canonem
1417 2542 1543 2578 statuit
1569 2553 1581 2578 :
1609 2539 1739 2578 Habet
1766 2540 1917 2578 univer-

1111 2605 1203 2644 salis
1210 2606 1406 2660 primatus
1422 2607 1596 2658 suasura
1611 2607 1756 2657 partim
1773 2604 1917 2654 eaejure

1111 2672 1245 2710 divino
1262 2701 1272 2718 ‚
1306 2672 1450 2723 partim
1492 2684 1538 2709 ea·
1574 2671 1767 2716 humano,
1799 2670 1914 2706 immo

1104 2738 1222 2792 plura
1235 2751 1280 2775 ex
1303 2736 1370 2776 Ιιοσ
1384 2750 1499 2788 quam
1518 2750 1565 2774 ex
1586 2735 1650 2774 illo
1662 2748 1679 2783 ;
1701 2733 1810 2772 hahet
1823 2733 1913 2771 ordo

1110 2803 1389 2856 Epi-scoparum
1406 2802 1488 2853 fere
1512 2802 1643 2840 onmia
1664 2812 1734 2837 sua
1755 2812 1802 2836 ex
1816 2800 1913 2850 jure

1112 2871 1260 2909 divino„
1285 2868 1422 2908 Verum
1443 2882 1522 2920 quae
1543 2866 1715 2918 primatui
1740 2863 1822 2917 jura
1843 2867 1909 2903 tri-

1111 2936 1195 2974 buit
1221 2949 1264 2974 ex
1290 2937 1371 2987 jure
1399 2932 1551 2979 divino,
1583 2931 1630 2969 ad
1654 2930 1813 2969 nihilum
1836 2930 1910 2969 fere

1110 3001 1258 3053 redigit3
1291 3012 1373 3052 quae
1402 3002 1525 3037 autem
1554 2998 1586 3035 ei
1616 2996 1785 3048 obtigisse
1810 2995 1906 3033 affir-
