2028 3354
209 173 307 222 266
699 193 856 222 macr.
895 194 950 223 ms
983 195 1104 226 tocrs
1139 197 1443 228 Tnssotofflms.

210 304 451 354 retractari
465 339 478 365 ,
502 302 733 368 quidquid
755 302 815 350 ad
838 304 981 354 fidem
1014 325 1101 356 nec
1122 309 1295 359 directe
1325 329 1412 359 nec
1443 310 1668 359 indirecte
1692 319 1898 376 spectat,

209 397 370 435 conc.,·
401 378 630 445 quidquid
657 378 831 428 directe
862 381 1014 429 solum
1041 383 1101 430 ad
1130 401 1233 432 eam
1262 404 1360 434 non
1386 388 1616 453 pertinet,
1646 404 1750 452 neq.
1788 387 1899 445 Quae

209 468 262 506 ut
285 455 630 519 intelligantur,
652 456 1124 506 animadvertendum
1148 468 1241 520 est,
1270 463 1314 509 S.
1333 464 1534 511 Leonem
1564 465 1624 511 M.
1655 463 1706 510 in
1740 463 1901 526 Epist.

206 536 278 583 ad
302 537 577 580 Maximum
602 534 941 581 antiochenum
971 535 1270 599 Episcopum
1304 540 1484 600 testari,
1527 556 1575 587 se
1604 557 1701 586 non
1726 538 1902 585 misisse

207 610 383 674 legatos
414 627 517 657 suos
550 608 611 656 ad
638 610 894 658 Concilium
914 612 1295 661 Chalcedonense
1320 613 1408 660 nisi
1434 631 1539 662 cum
1563 615 1782 662 facultate
1807 622 1907 661 tra-

206 686 367 735 ctandi
408 685 467 733 de
500 684 639 733 rebus
678 685 815 745 fidei,
853 689 1079 754 quidquid
1113 697 1358 754 propterea
1389 690 1438 736 in
1475 691 1638 738 eodem
1672 690 1903 748 Concilio,

210 761 454 827 agentibus
482 761 591 809 licet
620 761 783 825 legatis
809 764 855 810 S.
879 764 1006 813 Sedis
1030 803 1042 825 ,
1081 775 1253 831 praeter
1286 765 1428 813 fidem
1459 775 1637 829 gestum
1667 777 1735 814 est
1753 802 1769 828 ,
1809 784 1906 813 non

209 838 383 886 habere
401 838 686 886 firmitatem.
710 840 779 885 En
797 843 892 902 ejus
915 841 1057 890 verba
1082 860 1094 889 ι
1118 844 1176 889 Si
1191 844 1314 905 quid
1328 860 1443 889 sane
1467 843 1530 889 ab
1553 843 1627 889 bis
1645 844 1910 905 fratribus,

209 932 326 980 quos
350 916 419 962 ad
448 923 666 962 sanctam
696 915 940 978 Synodum
970 922 1066 965 vice
1097 936 1203 965 mea
1238 922 1371 974 misi,
1392 927 1575 982 proeter
1607 919 1662 965 id
1690 920 1815 981 quod
1844 919 1914 965 ad

210 1009 412 1040 causam
444 993 565 1054 fidei
586 993 890 1055 pertinebat,
914 1004 1100 1058 gestum
1135 1012 1227 1042 esse
1253 996 1563 1058 perhibetur,
1596 996 1784 1042 nullius
1821 997 1913 1041 erit

209 1071 407 1134 penitus
433 1069 680 1133 firmitatis
695 1084 712 1123 ,⁸
747 1073 868 1132 quia
889 1072 958 1117 ad
982 1071 1063 1118 boc
1084 1079 1273 1117 tantum
1305 1073 1368 1117 ab
1389 1073 1645 1134 apostolica
1663 1079 1779 1118 sunt
1797 1071 1913 1117 Sede

221 1147 413 1202 directi,
431 1154 487 1192 ut
502 1148 671 1192 excisis
689 1145 946 1194 boeresibus
973 1148 1212 1195 catholica»
1243 1156 1391 1194 essent
1405 1148 1520 1210 fidei
1537 1148 1801 1209 defensores
1820 1146 1909 1209 (l).

219 1224 327 1270 Haec
344 1223 444 1288 ipsa
463 1240 601 1288 porro
626 1221 790 1269 eadem
813 1222 954 1270 verba
974 1223 1211 1289 applicant
1228 1223 1436 1286 Pelagius
1455 1224 1495 1270 11
1517 1232 1563 1271 et
1581 1223 1824 1286 Gregorius
1845 1223 1908 1269 M.

219 1298 282 1346 ad.
310 1298 524 1363 quintam
555 1298 792 1362 Synodum
826 1299 875 1345 in
911 1316 1044 1346 causa
1075 1300 1217 1346 trium
1243 1299 1579 1364 capitulorum,
1615 1307 1669 1345 ut
1694 1299 1914 1346 evincant

215 1376 357 1423 etiam
376 1375 426 1421 in
462 1374 738 1438 hypothesi,
768 1375 895 1439 quod
920 1375 1136 1439 Synodus
1165 1375 1554 1422 Chalcedonensis
1583 1375 1670 1421 tria
1693 1373 1771 1421 illa
1792 1374 1914 1438 capi-

215 1451 315 1500 tula
346 1449 613 1516 probasset,
640 1450 786 1497 nihilo
822 1451 966 1498 secius
992 1451 1158 1499 eadem
1184 1451 1452 1507 damnando
1489 1450 1729 1514 Synodum
1754 1450 1789 1496 V
1818 1466 1915 1495 non

214 1546 440 1596 pugnasse
463 1546 570 1576 cum
597 1528 800 1575 Concilio
831 1528 1226 1588 Chalcedonensi,
1250 1528 1357 1593 quia
1375 1564 1387 1588 ,
1414 1544 1517 1592 quae
1537 1527 1595 1574 de
1615 1526 1761 1573 tribus
1788 1526 1916 1591 capi-

215 1606 326 1654 tulis
351 1604 642 1653 Chalcedone
670 1614 795 1668 gesta
825 1614 967 1665 sunt,
1002 1624 1098 1652 non
1128 1605 1314 1652 fuerant
1333 1622 1359 1651 a
1390 1605 1435 1651 S.
1466 1602 1581 1650 Sede
1610 1602 1823 1668 probata.
1848 1602 1917 1648 En

214 1683 385 1730 iterum
416 1681 587 1745 Pelagii
613 1681 756 1729 verba
783 1699 840 1729 ex
873 1682 1093 1744 Epistola
1118 1682 1187 1728 ad
1213 1681 1374 1728 Istriae
1411 1680 1671 1743 Epi-scopos
1701 1696 1712 1725 :
1744 1679 1919 1741 Aperte

217 1761 353 1806 nobis
377 1761 573 1806 licentia
595 1759 865 1812 tribuitur,
900 1767 955 1804 ut
987 1758 1233 1821 quidquid
1254 1758 1359 1803 illic
1392 1756 1471 1819 (in
1505 1754 1691 1819 Synodo
1726 1753 1919 1801 Chalce-

219 1834 446 1897 donensi)
479 1843 616 1881 extra
628 1835 749 1897 fidei
774 1851 946 1880 causas
966 1835 1022 1879 de
1039 1838 1258 1897 personis
1278 1842 1463 1896 yestuni
1488 1840 1583 1889 est,
1618 1838 1915 1877 retractetur.

218 1913 450 1976 Specialis
477 1914 653 1974 quippe
671 1910 976 1974 synodalium
1000 1910 1322 1957 Conciliorum
1349 1926 1497 1955 causa
1521 1917 1587 1954 est
1604 1908 1737 1971 fides.
1767 1906 1919 1969 Quid-

217 1989 343 2052 quid
366 2005 471 2051 erqo
483 1996 666 2051 praeter
680 1987 821 2050 fidem
851 1990 1018 2050 aqitur
1030 2021 1046 2043 ,
1074 1986 1222 2032 Leone
1242 1986 1454 2039 docente,
1486 1984 1779 2040 ostenditur,
1802 1984 1918 2045 quia

218 2066 349 2113 nibil
375 2066 554 2124 obstat,
584 2065 628 2110 si
655 2064 994 2125 adjudicium
1022 2070 1263 2109 revocetur
1287 2060 1377 2126 (2).
1409 2060 1579 2108 Eadem
1608 2059 1815 2124 loquitur
1849 2075 1919 2104 ra-

219 2143 347 2190 tione
376 2143 423 2189 S.
445 2141 690 2204 Gregorius
712 2141 774 2186 M.
797 2140 877 2204 qui
903 2140 989 2186 fuit
1010 2157 1035 2186 a
1060 2139 1244 2185 secretis
1268 2137 1449 2200 Pelagio
1470 2137 1525 2183 ΙΙ.

286 2218 398 2265 406.
438 2218 506 2265 Ad
535 2216 631 2277 3¹¹²,
662 2218 788 2263 Dist.
825 2217 929 2262 Non
962 2223 1239 2281 separarunt
1270 2213 1450 2279 praefati
1477 2212 1723 2259 Pontifices
1742 2229 1767 2257 a
1791 2227 1921 2257 com-

219 2296 447 2343 munione
474 2310 550 2341 eos
567 2330 580 2353 ,
605 2292 685 2358 qui
709 2290 1033 2339 detrectabant
1058 2290 1262 2355 recipere
1289 2288 1611 2336 definitionem
1641 2289 1676 2334 V
1712 2286 1888 2351 Synodi
1910 2321 1923 2345 ,

220 2389 271 2419 re
301 2371 515 2418 nondum
545 2368 804 2417 luculenter
832 2376 1075 2432 perspecta
1093 2401 1106 2425 ,
1142 2382 1297 2421 conc.,·
1334 2383 1384 2413 re
1419 2364 1645 2412 maturius
1686 2363 1887 2410 discussa
1906 2397 1919 2420 ,

222 2465 324 2512 neq.
361 2449 526 2511 Magna
554 2445 681 2493 enim
705 2442 995 2509 perturbatio
1025 2444 1077 2490 in
1106 2442 1314 2489 Ecclesiis
1343 2439 1706 2489 occidentalibus
1732 2448 1832 2486 orta
1853 2443 1921 2485 est

223 2541 279 2572 ex
316 2524 552 2570 occasione
588 2519 900 2568 damnationis
934 2520 1079 2566 trium
1106 2518 1444 2582 capitulorum3
1489 2515 1716 2565 rebantur
1750 2514 1921 2580 quippe

223 2599 456 2666 plerique,
484 2599 697 2663 quintam
723 2595 961 2660 Synodum
984 2594 1353 2642 Chalcedonensi
1372 2595 1510 2641 fuisse
1529 2591 1805 2640 contrariam
1832 2588 1918 2634 hac

224 2675 275 2722 in
303 2691 464 2731 causa,
500 2690 607 2719 cum
638 2681 797 2719 tamen
834 2671 986 2736 reipsa
1027 2672 1077 2717 in
1118 2670 1321 2717 Concilio
1359 2666 1729 2716 Chalcedonensi
1767 2671 1923 2709 actum

225 2759 344 2798 esset
374 2749 432 2796 de
458 2748 564 2796 solis
588 2748 796 2814 personis
813 2784 825 2806 ,
852 2748 901 2794 in
927 2746 1112 2812 Synodo
1145 2754 1303 2794 autem
1326 2746 1369 2794 V
1398 2745 1456 2792 de
1495 2744 1600 2792 solis
1627 2739 1825 2805 scriptis.
1866 2740 1918 2785 In

225 2825 307 2873 tali
335 2834 493 2873 autem
524 2842 682 2873 rerum
702 2833 825 2872 statu
855 2825 1113 2889 prudenter
1131 2822 1373 2869 Pontifices
1408 2819 1732 2868 existimarunt
1748 2851 1760 2874 ,
1786 2814 1922 2862 dissi-

285 2979 335 3030 (1)
367 2978 455 3018 Loc.
484 2980 545 3016 cit.
793 2957 796 2961 ⁴
1165 2973 1219 3024 (Ξ)
1251 2974 1339 3012 Loc.
1366 2974 1501 3025 pariter
1519 2971 1583 3009 cit.
