2028 3354
245 205 339 253 ’418
744 217 903 246 macr.
945 217 998 244 im
1034 214 1153 245 mels
1190 217 1492 248 THEOLOGIGIS.

310 335 418 381 601.
458 331 527 378 Ad
557 330 624 376 3m
640 364 652 387 ,
680 329 798 392 Ney.
829 328 1052 386 Quamvis
1076 327 1203 374 enim
1227 328 1274 373 in
1304 330 1497 377 arbitrio
1519 329 1642 377 Petri
1664 328 1802 376 fuerit
1821 327 1943 376 hanc

243 410 395 475 potius
430 423 570 472 quam
605 403 736 451 illam
764 403 928 451 urbem
957 404 1007 450 in
1035 403 1195 450 sedem
1232 403 1454 468 deligere,
1486 414 1694 453 attamen
1718 404 1943 453 electione

243 487 360 533 facta
394 500 446 530 ac
488 490 639 529 morte
674 490 780 546 post
815 480 1091 528 electionem
1126 482 1483 545 superveniente
1518 483 1568 528 in
1604 481 1768 529 eadem
1805 480 1941 542 sede,

236 565 334 622 jam
362 560 409 606 in
445 565 674 624 potestate
715 557 949 624 Bontificis
978 565 1059 603 aut
1089 555 1278 603 alterius
1303 555 1430 604 haud
1451 567 1520 605 est
1556 558 1760 605 Ecclesiae
1784 556 1944 605 sedem

246 712 388 751 luntate
402 713 549 751 Petrum
562 711 690 750 Romae
715 710 838 749 sedem
858 724 964 748 suam
982 710 1058 748 col-

245 778 404 824 locasse,
435 778 480 816 de
506 792 577 830 qua
603 777 774 829 quamvis
798 790 839 814 ex
862 775 1059 826 Scripturis

242 857 318 881 non
356 848 523 891 constet,
560 850 724 880 attamen
768 841 815 878 D.
860 840 982 879 Carol.
1008 840 1059 878 du

242 909 372 948 Plessis
401 908 636 960 d’Argentre‚
663 907 794 944 doctor
815 904 1057 950 sorbonicus,

239 975 278 1012 id
304 976 352 1012 ita
381 982 522 1012 certum
549 980 747 1023 ratumque
778 970 891 1008 habet
917 999 927 1017 ‚
956 978 996 1007 ut
1015 970 1061 1007 de

242 1053 285 1078 eo
312 1039 475 1077 dubitari
491 1052 565 1075 non
594 1039 702 1074 sinat.
723 1035 802 1073 Cfr.
829 1037 909 1087 ejus
937 1033 1059 1082 Elem,

251 1103 584 1155 Tlteoloqicfficap.
597 1115 638 1154 9,
654 1100 727 1153 32,
742 1100 800 1139 ed.
814 1099 928 1138 Paris.
946 1112 1060 1152 1702,

244 1184 328 1222 pag.
360 1168 437 1208 265
465 1177 500 1207 et
530 1182 634 1220 seqq.
665 1167 761 1205 Sane
786 1158 961 1205 credibile
988 1174 1062 1213 est,

243 1235 345 1274 haud
370 1235 513 1286 absque
537 1233 672 1271 Christi
705 1233 970 1283 dispositione,
1000 1241 1063 1269 aut

245 1299 374 1339 saltem
395 1300 566 1352 Spiritus.
595 1297 719 1336 Sancti
734 1298 898 1349 impulsu
911 1297 1062 1335 Petrum

244 1367 338 1404 illud
363 1368 478 1418 egisse
498 1396 508 1409 ‚
535 1379 578 1403 ex
601 1379 674 1416 quo
694 1364 996 1403 determinandus
1024 1366 1062 1401 in

244 1436 463 1483 perpetuum
498 1438 576 1469 erat
606 1429 779 1468 Ecclesiae
810 1432 989 1481 primatus
1023 1432 1063 1467 in

247 1496 422 1549 peculiari
437 1496 547 1535 Sede.
562 1495 638 1534 Nec
650 1495 782 1533 desunt
792 1497 832 1533 in
844 1497 1065 1547 antiquitate

246 1564 359 1614 hujus
381 1564 591 1600 assertionis
610 1561 869 1599 fundamenta.
896 1559 936 1599 S.
957 1560 1031 1600 Leo
1054 1591 1062 1608 ,

246 1628 371 1667 Serm.
390 1640 418 1675 ῐ,
433 1627 478 1665 de
491 1624 523 1664 S
526 1626 559 1663 S
563 1655 573 1665 .
591 1625 732 1678 Apost.
753 1626 865 1663 Petro
880 1632 914 1663 et
926 1623 1063 1672 Paulo,

246 1707 337 1744 cap.
366 1696 389 1734 3
411 1692 522 1743 ‚edit
542 1693 604 1729 cit.
624 1691 882 1729 Beatissimus
914 1690 1067 1736 Petrus,

249 1761 373 1812 inquit
387 1751 616 1809 ,Princeps
649 1756 852 1809 apostolici
890 1756 1040 1795 ordinis
1056 1788 1065 1805 ,

248 1824 300 1862 ad
314 1836 441 1861 arcem
458 1821 632 1862 Romani
644 1821 859 1860 destinatur
872 1822 1065 1875 Imperii,

252 1896 294 1926 ut
314 1887 381 1925 luat
411 1888 584 1925 veritatis
600 1917 609 1931 ‚
625 1900 711 1937 quoe
722 1889 766 1924 in
788 1889 962 1925 omnium
975 1901 1068 1939 qen-

252 1955 349 1992 tium
372 1951 613 1990 revelabatur
627 1951 787 1990 salutem
803 1981 814 2000 ,
828 1952 1019 2004 efficacius
1030 1967 1069 1991 se

246 2019 381 2071 abipso
395 2018 522 2070 capite
532 2031 609 2069 per
634 2023 754 2056 totum
772 2018 911 2056 oriundi
932 2031 1070 2070 corpus

254 2083 480 2138 effunderet.
493 2081 534 2121 S.
558 2082 726 2121 Gelasius
744 2112 754 2130 ‚
770 2097 829 2135 ep.
850 2098 909 2121 xxv
928 2098 939 2122 ε
963 2083 1071 2121 Duo-

257 2151 380 2188 decim
395 2179 405 2197 ,
442 2148 597 2191 scribit,
621 2154 719 2186 certe
737 2148 845 2199 fuere
869 2149 1070 2201 Apostoli,

252 2215 417 2268 paribus
437 2214 585 2251 meritis
605 2214 770 2265 parique
785 2213 973 2265 diqnitote
990 2215 1072 2266 suf-

253 2279 361 2332 fulti.
386 2276 561 2329 Cumque
581 2277 709 2315 omnes
734 2278 933 2329 aequaliter
954 2281 1072 2332 spiri·

258 2344 330 2383 tali
350 2343 433 2382 luce
442 2342 649 2395 sulqcrent‚
668 2356 791 2381 unum
809 2349 935 2382 tamen
954 2346 1072 2397 prin-

261 2411 384 2462 cipem
404 2423 451 2448 ea·
464 2408 543 2446 illis
562 2408 685 2448 voluit
703 2409 878 2448 Christus
890 2441 900 2456 ,
916 2425 1075 2463 eumque

264 2475 546 2527 dispensatione
582 2474 758 2513 mirabili
801 2476 845 2513 in
878 2476 1075 2514 dominam

265 2542 437 2592 gentium
461 2539 622 2577 Romam
646 2540 812 2587 direxit,
831 2548 874 2578 ut
901 2543 944 2579 in
972 2556 1075 2594 proe-

266 2606 383 2658 cipua
404 2604 498 2643 urbe
518 2603 577 2642 vel
590 2606 724 2657 prima
740 2607 913 2657 primum
929 2614 964 2645 et
974 2621 1077 2659 proe-

268 2674 428 2724 cipuum
471 2670 654 2721 diriqeret
700 2671 874 2710 Petrum.
926 2672 1076 2714 Collect.

273 2737 390 2776 Conc.
412 2736 543 2775 Venet.
565 2735 646 2774 Nic.
675 2736 794 2775 Coleti
809 2764 820 2784 ,
838 2744 928 2777 tom.
951 2753 986 2787 v,
1003 2740 1074 2779 col.

272 2800 366 2853 342.
400 2800 446 2839 Et
480 2809 564 2839 aute
597 2802 694 2852 ipsos
732 2801 912 2841 Eusebius
926 2831 938 2851 ‚
972 2803 1080 2845 Hice.

271 2865 361 2906 eccl.
382 2867 450 2905 lib.
474 2879 500 2904 u
516 2896 527 2915 ,
553 2880 634 2918 cap.
679 2864 749 2917 14,
775 2867 931 2920 loquens
956 2870 1003 2909 de
1022 2871 1083 2910 Si-

276 2933 396 2971 monis
443 2933 539 2984 magi
583 2933 769 2983 praestigiis
799 2946 809 2970 :
844 2932 1055 2985 Consertim
1069 2966 1079 2983 ‚

276 2996 424 3048 scribit,
443 2998 539 3050 ipsis
571 2997 729 3036 Claudii
746 2997 917 3050 Auqusti
938 3006 1082 3054 tempo-

1129 708 1237 746 ribus
1276 708 1441 761 beniqna
1477 716 1512 747 et
1539 709 1835 749 clementissima
1873 710 1946 751 Dei

1122 773 1372 825 providentia
1389 775 1647 825 fortissimum
1677 783 1713 814 et
1732 778 1945 816 maximum

1128 841 1230 876 inter
1270 840 1454 890 apostolos
1493 842 1680 887 Petrum,
1717 849 1751 880 et
1792 844 1947 881 virtutis

1128 906 1262 942 merito
1279 905 1513 956 reliquorum
1535 907 1707 943 omnium
1723 908 1942 959 principem

1128 982 1174 1006 ac
1191 976 1399 1020 patronum
1416 999 1428 1019 ,
1451 971 1612 1009 Romam
1634 970 1816 1010 adversus
1836 971 1942 1009 illam

1128 1035 1280 1084 yeneris
1304 1033 1469 1072 human-i
1494 1035 1613 1073 labem
1636 1049 1680 1074 ac
1702 1044 1841 1088 pestem
1852 1050 1942 1089 per-

1130 1098 1251 1137 ducit.
1295 1096 1335 1137 S.
1369 1099 1582 1139 Ambrosius
1608 1130 1618 1146 ,
1662 1099 1789 1141 Ser-m.
1820 1108 1944 1143 contr.

1131 1163 1396 1210 Auxentium,
1426 1178 1462 1201 11.
1496 1167 1568 1213 13,
1595 1166 1728 1207 refert.
1764 1182 1850 1205 cum
1876 1167 1944 1206 Pe-

1130 1237 1209 1267 trus
1245 1244 1265 1266 a
1294 1229 1510 1267 Christianis
1541 1240 1748 1282 rogaretur,
1784 1242 1824 1272 ut
1857 1248 1947 1285 pau-

1131 1295 1243 1346 lisper
1264 1297 1512 1346 persecutioni
1536 1297 1680 1334 eederet
1694 1311 1704 1335 :
1720 1297 1837 1336 Nocte
1860 1313 1946 1337 mu-

1130 1374 1192 1398 ros
1223 1360 1353 1410 eqredi
1382 1362 1518 1412 coepit,
1563 1368 1598 1398 et
1633 1362 1765 1400 videns
1800 1363 1878 1401 sibi
1906 1365 1947 1401 in

1127 1434 1241 1480 porta
1271 1426 1467 1464 Christum
1491 1439 1686 1465 occurrere
1703 1458 1714 1476 ‚
1745 1428 1948 1480 urbemque

1132 1491 1285 1543 inqredi
1300 1519 1314 1539 ‚
1347 1493 1441 1530 ait:
1471 1491 1665 1538 Domine,
1696 1507 1768 1545 quo
1799 1494 1948 1533 vadis?

1136 1557 1352 1611 Respondit
1367 1558 1545 1596 Christus
1569 1573 1579 1597 ε
1609 1558 1736 1598 Venio
1762 1561 1949 1611 (Romam)

1134 1625 1275 1663 iterum
1292 1625 1521 1676 crucifiyi...
1540 1622 1568 1662 I
1568 1624 1737 1664 ntelleoeit
1758 1639 1844 1677 erqo
1870 1630 1947 1665 Pe-

1135 1698 1237 1736 trus,
1253 1690 1353 1741 quod
1367 1691 1505 1728 iterum
1524 1689 1702 1729 Christus
1722 1692 1950 1743 crucifiqen-

1137 1755 1209 1793 dus
1235 1763 1328 1793 esset
1345 1757 1389 1793 in
1404 1754 1565 1795 servulo.
1586 1755 1723 1807 Itaque
1743 1764 1874 1809 sponte
1890 1771 1949 1796 re-

1136 1823 1291 1861 meavit.
1310 1822 1410 1861 Edit.
1439 1822 1557 1861 Maur.
1579 1830 1670 1860 tom.
1690 1836 1715 1860 11
1734 1853 1744 1870 ,
1770 1824 1839 1862 col.
1853 1821 1945 1876 867.

1137 1888 1238 1925 Licet
1256 1900 1341 1925 vero
1365 1895 1602 1938 protestantes
1629 1887 1788 1926 Velenus
1821 1888 1949 1926 Petrus

1137 1961 1174 1990 et
1196 1952 1394 2004 Basnagius
1410 1952 1508 1990 hauc
1524 1953 1715 1990 historiam
1742 1953 1855 1992 veluti
1887 1956 1946 1992 fa-

1137 2018 1266 2055 bulam
1286 2018 1500 2064 traducant,
1533 2021 1701 2056 acerrimi
1730 2024 1855 2057 tamen
1875 2020 1948 2056 cri-

1139 2086 1200 2121 tici
1215 2096 1298 2121 eam
1312 2091 1462 2122 tuentur
1474 2111 1486 2131 ,
1507 2097 1598 2136 quos
1617 2085 1712 2122 inter
1729 2084 1946 2135 Fogginius‚

1138 2163 1200 2201 op.
1223 2151 1287 2187 cit.
1315 2151 1463 2188 exercit.
1486 2162 1529 2201 ¹7
1547 2178 1557 2195 ,
1584 2163 1662 2200 pag,
1683 2146 1763 2200 404
1794 2156 1829 2187 et
1847 2162 1951 2201 seqq.

1137 2222 1175 2252 et
1209 2210 1420 2253 Mazo'chius
1444 2244 1454 2260 ‚
1489 2216 1528 2251 in
1575 2212 1745 2252 Kalend.
1793 2213 1951 2266 Neapol.

1138 2293 1220 2331 pag.
1242 2278 1339 2333 889.
1358 2280 1457 2318 Sane
1479 2282 1558 2331 ejus
1579 2282 1748 2317 meminit
1777 2280 1949 2332 Hegesip·

1140 2359 1207 2397 pus
1222 2374 1232 2390 ‚
1255 2345 1325 2384 lib.
1342 2360 1383 2383 ur
1402 2376 1411 2392 ,
1436 2346 1534 2396 apud
1557 2346 1647 2383 edit.
1674 2345 1794 2383 Maur.
1815 2348 1856 2383 in
1880 2347 1951 2384 loc.

1139 2412 1202 2450 cit.
1226 2415 1338 2462 atque
1360 2412 1407 2448 ad
1439 2411 1535 2449 hanc
1568 2412 1755 2450 historiam
1787 2412 1952 2450 alludere

1140 2475 1282 2513 videtur
1308 2475 1506 2527 Origenes,
1534 2484 1624 2515 tom.
1658 2490 1745 2525 xxi,
1771 2479 1823 2515 In
1845 2475 1962 2515 Joan.

1139 2542 1230 2580 edit.
1259 2541 1370 2580 Huet.
1404 2550 1496 2582 tom.
1529 2557 1579 2590 ιι,
1610 2558 1693 2595 pag.
1726 2556 1802 2597 290
1825 2572 1835 2590 ‚
1862 2541 1964 2579 illam

1142 2607 1300 2645 referens
1327 2622 1371 2646 ex
1391 2608 1501 2646 Actis
1526 2607 1647 2646 Pauli
1666 2638 1677 2656 ,
1703 2622 1782 2661 quae
1813 2607 1965 2644 fortasse

1142 2672 1232 2711 olim
1253 2672 1400 2725 vulgata
1413 2683 1516 2712 erant
1541 2674 1610 2712 sub
1621 2677 1679 2713 tit.
1693 2672 1782 2713 Aci.
1801 2671 1913 2709 Petri
1929 2678 1967 2709 et

1142 2735 1279 2786 Pauli,
1294 2740 1501 2792 cujusmodi
1515 2748 1613 2788 sunt,
1626 2751 1709 2791 quae
1731 2737 1838 2776 refert
1851 2737 1963 2775 Com·

1147 2803 1297 2843 befisius
1336 2819 1379 2844 ex
1416 2804 1592 2843 Biblioth.
1624 2805 1719 2855 regia
1754 2802 1961 2842 Parisiensi.

1150 2869 1230 2909 Hoc
1264 2872 1353 2909 item
1390 2872 1527 2910 factum
1565 2877 1742 2908 memorat
1776 2868 1817 2909 S.
1855 2868 1961 2920 Greg-

1150 2936 1204 2975 M.
1231 2939 1269 2975 iu
1303 2937 1438 2977 Psalm.
1466 2951 1515 2983 iv,
1537 2935 1665 2974 Poenit.
