2028 3354
1720 177 1815 226 343
1844 174 1848 177 ’

388 193 512 223 PART.
547 194 578 223 1.
619 194 737 227 Slm‘r.
774 194 827 224 11.
866 195 966 225 GAP.
1006 197 1039 224 1.
1081 196 1135 224 DE
1171 196 1299 226 PETRI
1335 194 1551 225 PRIMATU.

119 304 284 353 Sedem
324 306 466 355 veluti
508 308 718 355 omnium
759 309 1009 357 maximam
1039 346 1052 369 7
1096 319 1149 356 ut
1186 309 1435 358 Ecclesiam
1468 308 1775 375 principalem
1800 348 1813 372 7

122 381 421 429 Ecclesiarum
457 384 666 430 omnium
695 394 921 440 matrem7
967 385 1271 434 Ecclesiarum
1308 387 1521 434 omnium
1546 389 1787 434 matricem
1804 424 1818 440 7

118 457 398 522 principium
430 468 476 505 et
518 460 744 523 originem
777 462 997 521 unitatis7
1041 472 1130 509 etc.
1179 480 1281 527 quae
1318 463 1493 528 pariter
1531 462 1670 528 paulo
1713 474 1819 530 post

119 532 436 579 ostendemus.
485 537 608 592 Quas
643 536 833 600 quidem
870 554 1032 584 omnes
1066 539 1204 599 hujus
1244 538 1452 585 Ecclesiae
1492 541 1820 603 praerogativas

117 608 275 654 Patres
302 625 356 656 ex
380 627 433 656 eo
474 610 697 675 colligunt
721 649 733 671 7
770 612 896 676 quod
932 615 1062 660 Rom.
1096 614 1309 659 Pontifex
1345 615 1405 660 sit
1427 616 1470 661 S.
1495 616 1621 662 Petri
1640 633 1820 664 succes-

114 700 191 729 sor
207 720 219 742 7
255 686 334 748 qui
359 696 607 751 propterea
625 725 637 747 7
676 698 726 734 ut
749 705 1038 752 consequens
1062 697 1133 736 est
1150 724 1162 747 7
1201 688 1468 736 debuerunt
1492 693 1750 740 necessario
1767 693 1818 740 in

114 760 249 807 Petro
266 779 405 826 super
417 780 578 810 omnes
590 764 850 828 primatum
863 763 1051 811 honoris
1065 781 1116 811 ac
1120 782 1137 826 J
1146 764 1456 813 urisdictionis
1469 783 1715 828 agnoscere
1726 769 1814 834 (l).

180 837 291 884 508.
331 840 395 884 Ex
428 838 498 885 his
529 857 666 903 porro
702 839 846 903 pleno
872 838 1005 887 alveo
1033 839 1139 887 fluit
1164 843 1303 887 totius
1331 842 1626 906 antiquitatis
1647 861 1816 909 perpe·

115 920 224 959 tuus
245 921 291 959 et
326 924 547 960 constans
578 915 887 961 traditionalis
910 933 1071 963 sensus
1093 917 1212 963 circa
1237 917 1495 982 primatum
1525 935 1648 967 verae
1671 920 1818 981 juris—

113 987 327 1035 dictionis
350 992 482 1036 Petro
505 1007 644 1055 super
673 991 916 1056 Apostolos
936 993 1296 1057 universamque
1329 993 1613 1042 Ecclesiama
1634 994 1816 1043 Christo

114 1063 350 1111 collatum.
376 1066 421 1111 Si
450 1065 568 1112 serio
595 1077 868 1132 propterea7
901 1078 951 1114 ut
980 1068 1112 1116 decet
1133 1070 1182 1116 in
1204 1087 1255 1117 re
1286 1070 1408 1116 tanti
1428 1071 1684 1132 momenti7
1704 1089 1818 1137 pro-

115 1141 313 1187 fitentur
340 1141 587 1190 adversarii
605 1179 617 1203 7
639 1143 918 1207 quibuscum
939 1145 1115 1209 agimus
1132 1181 1144 1205 7
1170 1163 1218 1193 se
1248 1145 1496 1194 admittere
1528 1164 1580 1194 ac
1601 1150 1813 1195 venerari

110 1215 433 1278 traditionem,
464 1219 701 1266 fateantur
723 1237 909 1268 necesse
943 1231 1012 1269 est
1054 1221 1176 1268 hanc
1214 1221 1323 1269 fidei
1353 1224 1628 1282 veritatem7
1660 1242 1805 1290 quam

111 1292 327 1341 universa
357 1294 553 1342 Ecclesia
582 1314 825 1361 nunquam
861 1315 956 1344 non
995 1298 1149 1345 tenuit
1179 1315 1231 1345 ac
1260 1297 1418 1346 docuit
1453 1299 1545 1362 (2).

772 1450 1161 1485 DIFFICULTATES.

176 1559 286 1606 509.
323 1558 428 1620 Obj.
467 1561 514 1605 10
536 1560 811 1607 Sanctorum
834 1563 1026 1608 Patrum
1053 1563 1189 1609 effata
1206 1599 1218 1622 7
1246 1565 1375 1629 queis
1399 1574 1478 1611 aut
1496 1570 1809 1631 principem,

111 1643 190 1681 aut
222 1638 468 1692 verticem,
489 1645 569 1681 aut
580 1645 772 1699 petram
793 1645 836 1683 et
848 1639 1231 1699 fundamentum
1264 1640 1517 1698 Ecclesiae,
1545 1651 1624 1688 aut
1645 1647 1810 1690 ceteris

107 1713 343 1774 Apostolz‘s
372 1716 601 1775 majorem
620 1731 677 1760 ae
694 1717 1032 1777 potentiorem,
1053 1715 1235 1780 aliaque
1271 1717 1497 1779 ejusmodi
1514 1753 1527 1776 7
1559 1717 1727 1783 quibus
1741 1718 1810 1766 illi

108 1789 299 1834 Petrum
328 1787 597 1847 celebrant7
640 1790 757 1836 nihil
798 1791 986 1854 penitus
1027 1792 1265 1840 evincunt.
1313 1794 1367 1839 20
1405 1794 1641 1856 Ejusmodi
1678 1796 1808 1843 enim

107 1871 261 1910 textus
282 1881 460 1911 meram
480 1865 773 1930 personalem
801 1868 849 1912 S.
867 1867 991 1920 Petri
1004 1869 1406 1932 praeeminentiam
1423 1871 1546 1918 inter
1564 1871 1806 1936 Apostolos

106 1948 341 1998 asserunt3
365 1957 456 2005 quo
478 1958 617 1988 sensu
631 1945 736 2003 jure
766 1951 957 1990 vocatur
972 1947 1172 2006 primus
1204 1944 1534 2009 Apostolorum
1553 1982 1565 2005 7
1594 1956 1675 1994 aut
1694 1947 1803 1995 rhe-

107 2015 248 2062 torica
295 2016 436 2063 etiam
473 2016 706 2065 locutione
750 2018 877 2074 dux,
916 2029 1092 2082 caput,
1124 2024 1405 2077 summitas,
1427 2025 1684 2086 princepS,
1714 2033 1801 2071 ete.

107 2093 366 2156 nuncupari
389 2093 554 2157 potuit.
584 2093 635 2139 30
664 2094 782 2140 Cum
806 2104 1027 2157 praeterea
1055 2114 1109 2143 ex
1138 2098 1373 2162 Scriptura
1404 2116 1455 2146 ae
1475 2099 1807 2148 traditionibus

166 2264 217 2315 (1)
233 2264 310 2303 Cfr.
325 2266 434 2304 Card.
450 2266 592 2305 Gerdil.
609 2269 648 2304 in
662 2281 724 2320 op.
738 2265 796 2306 De
817 2268 922 2305 Pon·-

111 2329 225 2379 tificii
248 2330 444 2381 primatus
480 2334 707 2371 auctoritate
736 2334 780 2370 in
809 2333 922 2370 Petri

989 2269 1184 2309 articulum
1204 2302 1214 2319 7
1245 2281 1508 2324 argumentum
1535 2273 1738 2312 deductum
1763 2288 1807 2313 ex

989 2334 1144 2386 liturgiis
1169 2336 1342 2374 omnibus
1370 2337 1610 2376 orientalibus
1646 2347 1682 2376 et
1709 2340 1804 2377 oeci—

111 2395 289 2434 cathedra
307 2425 317 2444 7
335 2397 517 2436 adversus
540 2399 725 2437 Mamilia·
749 2401 923 2438 Menan-

110 2462 221 2500 drim'
250 2462 443 2500 exitialem
481 2478 645 2503 errorem
667 2495 677 2513 7
722 2474 792 2503 etc.
832 2480 918 2518 opp.

110 2527 200 2566 edit.
213 2542 306 2566 rom.
323 2536 416 2566 tom.
428 2542 492 2572 xv.
507 2530 574 2569 ubi
585 2532 811 2582 singulorum
828 2545 921 2570 rom.

112 2594 338 2632 Pontificum
351 2609 370 2632 a
383 2592 512 2633 Sirieio
527 2608 644 2648 usque
663 2597 709 2634 ad
722 2597 881 2636 Leonem
901 2610 922 2633 x

112 2662 324 2698 testimonia
355 2660 496 2712 profert
540 2674 604 2711 pro
641 2659 680 2699 S,
715 2662 808 2701 Petri
849 2663 924 2713 pri-

115 2734 245 2775 matu3
267 2729 306 2764 in
334 2727 475 2765 volum.
507 2735 627 2765 autem
651 2741 699 2765 xn
719 2737 754 2766 et
782 2741 849 2765 xm
870 2727 923 2765 le-

115 2791 241 2841 gitima
269 2799 513 2830 monumenta
551 2792 688 2842 profert
712 2807 731 2830 a
757 2791 795 2829 S.
820 2791 925 2830 Petro

120 2869 237 2908 usque
264 2857 310 2895 ad
336 2857 526 2896 Siricium.

177 2921 232 2971 (2)
247 2922 312 2960 His
322 2924 453 2963 addere
466 2925 682 2976 potuissem,
699 2923 744 2962 de
757 2931 928 2976 perpetua

123 2993 159 3024 et
182 2991 361 3027 constanti
391 2989 563 3028 Ecclesia:
598 2990 669 3028 fide
709 2991 804 3028 cirea
828 2990 930 3028 hunc

989 2399 1219 2450 dentalibus,
1245 2415 1336 2454 quas
1349 2402 1493 2455 collegit
1507 2401 1660 2455 Joseph.
1676 2404 1803 2456 Aloys.

989 2462 1210 2504 Assemanus
1231 2468 1270 2504 in
1301 2466 1439 2505 Codice
1467 2466 1644 2520 liturgico
1674 2467 1808 2510 Eccle-

989 2530 1058 2566 sioe
1070 2531 1261 2570 universae
1276 2561 1287 2579 7
1303 2533 1348 2569 in
1372 2546 1419 2570 xv
1435 2531 1551 2570 libros
1573 2532 1781 2571 distributo
1795 2565 1806 2581 7

991 2595 1171 2634 volumin.
1197 2611 1258 2644 ix,
1289 2599 1330 2635 in
1357 2595 1384 2647 [4
1401 2626 1412 2645 7
1439 2597 1563 2636 Romae
1593 2597 1709 2652 ¹749·
1734 2598 1807 2636 Ve-

991 2675 1075 2700 rum
1089 2662 1134 2701 de
1155 2663 1227 2701 hoc
1247 2665 1382 2702 iterum
1405 2669 1575 2703 recurret
1591 2678 1725 2703 sermo.
1745 2664 1807 2702 In-

993 2728 1101 2765 terim
1124 2728 1194 2768 el'r.
1218 2724 1326 2768 Com.
1347 2728 1392 2767 de
1419 2728 1569 2768 Maistre
1586 2732 1626 2767 in
1653 2743 1715 2781 op.
1733 2728 1807 2766 Du

994 2790 1131 2844 Papa,
1157 2793 1220 2831 liv.
1244 2807 1257 2830 ι
1280 2822 1290 2840 7
1318 2793 1427 2844 chap.
1464 2807 1515 2847 97
1556 2808 1626 2842 103
1659 2806 1805 2833 necnon

994 2857 1225 2898 Mamachius
1241 2888 1255 2908 ,
1280 2856 1392 2910 Oriq.
1415 2867 1487 2900 ete.
1503 2860 1568 2898 lib.
1581 2874 1634 2908 lv,
1648 2866 1744 2912 part.
1759 2868 1815 2905 11,>

995 2936 1077 2974 cap.
1108 2937 1152 2972 1,
1179 2924 1200 2977 ᾗ
1225 2924 1275 2973 5,
1300 2939 1341 2963 n.
1371 2922 1410 2961 8.
