2028 3354
240 211 331 259 134

712 227 871 259 TRACT.
908 231 964 260 DE
999 232 1118 262 LOCIS
1145 232 1455 263 THEOLOGlcls.

240 343 431 391 nomine
463 348 739 400 censenturq
785 341 960 389 eaedem
992 351 1112 391 notae
1149 361 1336 409 prorsus
1372 344 1662 408 ablegantur.
1707 346 1922 392 Seorsum

190 440 195 443 ·
242 417 435 483 proinde
462 434 752 482 unaquaeque
783 434 889 481 pars
908 426 1090 464 assertae
1118 419 1259 466 thesis
1288 420 1543 470 evincenda
1573 430 1659 468 est.

310 491 419 540 334.
457 493 528 540 Ad
574 492 764 540 technas
816 502 972 540 autem
1004 510 1166 540 omnes
1198 496 1580 561 praeoccupandas
1609 496 1920 543 adnotamus:

245 570 296 615 10
330 569 405 615 hic
439 570 631 616 nomine
659 569 883 616 Ecclesioe
919 571 1154 617 Romame
1190 569 1383 617 minime
1410 589 1493 619 nos
1528 573 1783 635 significare
1817 589 1928 637 par-

244 644 488 694 ticularem
521 644 798 702 Ecclesiam,
821 662 960 710 quam
988 647 1223 691 Romanus
1245 645 1457 693 Pontifex
1483 647 1751 695 immediate
1774 664 1826 694 ac
1844 664 1930 713 per

245 738 293 769 se
316 721 435 785 regit
453 729 592 786 atque
610 720 907 768 administrat
935 721 1004 784 (l)
1022 756 1033 780 a
1055 720 1136 768 sed
1156 720 1374 768 Ecclesias
1403 722 1642 770 universas
1659 760 1671 782 7
1697 740 1799 788 quae
1824 740 1931 769 cum

245 814 439 844 romana
474 798 836 845 communicant.
882 797 936 842 20
968 796 1075 843 Ideo
1111 813 1195 842 nos
1233 813 1308 843 eas
1346 814 1532 845 vocasse
1560 798 1803 845 Ecclesiam
1832 799 1933 845 Ro-

243 891 444 920 manam
461 909 479 932 ,
514 891 611 921 non
640 882 797 920 autem
824 872 1128 935 catholicam,
1156 881 1258 918 tum
1282 890 1341 921 ne
1370 889 1605 920 assumere
1636 873 1899 921 videremur
1916 910 1927 927 ,

246 949 372 1015 quod
403 959 474 998 est
501 950 550 995 in
580 950 863 1014 quaestione3
899 958 1000 995 tum
1029 966 1089 996 ne
1121 947 1491 1012 relinqueremus
1517 950 1738 1013 effugium
1769 949 1936 997 adver-

247 1026 406 1084 sariis,
446 1025 555 1090 qui,
588 1025 802 1089 quamvis
842 1024 1126 1071 abhorreant
1155 1023 1213 1070 ab
1244 1024 1440 1072 Ecclesia
1476 1025 1698 1072 catholica
1743 1041 1940 1089 eamque

245 1110 548 1167 oppugnent,
579 1101 797 1148 affectant
830 1100 1132 1147 nihilominus
1163 1108 1310 1147 coetus
1345 1118 1450 1146 suos
1487 1101 1742 1165 peculiares
1768 1102 1936 1148 Eccle-

248 1180 372 1224 siam
400 1178 682 1224 catholicam
704 1176 1007 1223 denominare
1034 1176 1132 1241 (2);
1159 1185 1259 1221 tum
1286 1174 1487 1241 denique
1517 1185 1569 1222 ut
1590 1175 1942 1222 excluderemus

251 1252 460 1300 Ecclesiae
482 1252 715 1300 catholicae
744 1253 1010 1311 notionem,
1046 1268 1185 1316 quam
1211 1268 1307 1297 non
1330 1253 1392 1298 ita
1424 1250 1606 1316 pridem
1630 1250 1842 1299 nonnulli
1866 1251 1942 1296 in-

252 1337 510 1387 vexerunt,
539 1328 735 1392 perinde
767 1345 818 1374 ac
850 1328 886 1373 si
916 1328 1016 1392 ipsa
1047 1335 1167 1374 esset
1202 1326 1408 1374 collectio
1440 1327 1645 1392 plurium
1675 1335 1906 1374 sectarum
1928 1361 1941 1383 a

255 1422 358 1469 quae
381 1404 467 1451 sibi
487 1404 693 1453 invicem
724 1403 1057 1461 adversantur,
1091 1401 1347 1463 dummodo
1372 1405 1581 1466 regimen
1605 1402 1944 1450 hierarchicum

255 1489 445 1528 servent
467 1480 556 1543 (3).

322 1555 502 1616 Quibus
521 1556 584 1602 ita
606 1555 872 1619 compositis
887 1590 900 1613 ‚
923 1555 985 1601 sic
1020 1554 1278 1619 incoeptum
1294 1554 1381 1601 iter
1403 1554 1673 1601 insistimus.

314 1719 363 1770 (1)
392 1717 507 1758 Hunc
529 1732 679 1757 sensum
712 1718 902 1756 interdum
936 1718 1067 1756 adver·
1136 1715 1315 1755 Ecclesias
1353 1717 1579 1756 britannicas
1618 1731 1838 1757 concurrere
1870 1730 1947 1755 una

260 1784 345 1823 sarii
379 1785 561 1836 affingunt
587 1784 757 1822 Ecclesiae
788 1796 980 1833 romanae;
1021 1784 1072 1820 sic
1138 1795 1224 1820 cum
1261 1780 1444 1820 Ecclesiis
1484 1782 1707 1821 obedientia?
1749 1794 1949 1829 romanas,

261 1849 439 1888 confessio
462 1849 649 1887 Helvetica
664 1857 746 1900 post
762 1856 829 1886 art.
856 1860 900 1900 ¹7
918 1877 928 1894 ‚
944 1861 983 1898 p.
1003 1845 1070 1895 51,
1138 1856 1181 1884 ut
1220 1849 1297 1898 ipse
1333 1848 1501 1900 loquitur
1518 1876 1529 1894 ,
1571 1847 1618 1885 ad
1649 1847 1950 1886 constituendam

262 1918 303 1952 in
325 1928 399 1966 qua
423 1913 557 1965 legitur
581 1926 594 1952 ε
623 1913 706 1951 Nec
727 1925 989 1951 romanensem
1006 1925 1076 1964 ap-

260 1978 470 2031 probamus
496 1978 638 2016 clerum
665 2008 675 2026 ,
708 1980 777 2029 qui
810 1977 929 2016 solam
954 1990 1076 2030 prope

265 2057 466 2083 romanam
514 2043 732 2084 Ecclesiam
773 2043 974 2082 vendicant
1004 2057 1078 2096 pro

267 2109 468 2149 catholica.
500 2109 572 2162 Qui
610 2110 695 2148 talia
725 2109 927 2157 effutiunt,
965 2110 1078 2147 anda-

266 2176 440 2215 batarum
468 2189 571 2214 more
595 2183 784 2227 pugnant,
800 2183 835 2213 et
863 2179 982 2213 acrem
997 2189 1078 2214 ver-

270 2241 421 2282 beraut.

324 2307 383 2356 (2)
411 2307 467 2345 lta
488 2309 625 2359 passim
650 2320 689 2345 se
711 2313 814 2344 vocat
836 2305 995 2343 Ecclesia
1016 2320 1083 2344 an-

272 2371 435 2421 glicana,
460 2372 579 2410 multo
599 2384 685 2410 vero
708 2372 823 2422 magis
834 2369 992 2408 Ecclesia
1003 2385 1084 2409 rus-

274 2437 347 2474 sica
380 2436 535 2490 aliaeque
560 2451 636 2475 non
665 2450 803 2488 paucae.

330 2500 383 2551 (3)
413 2502 502 2541 Tale
524 2510 579 2541 est
599 2509 755 2554 systema
776 2502 968 2539 doctorum
988 2501 1086 2540 Oxo-

277 2567 463 2605 niensium
484 2597 495 2616 ‚
511 2568 714 2619 praesertim
734 2580 820 2604 vero
835 2566 978 2605 Palmer
994 2597 1004 2615 ‚
1023 2569 1087 2620 qui

278 2646 319 2670 ex
342 2627 511 2684 praejacto
535 2633 716 2684 principio
731 2661 741 2679 ‚
757 2632 856 2684 quod
878 2632 986 2683 paulo
1003 2640 1087 2671 ante

279 2697 515 2736 discussimus
531 2727 542 2745 ‚
576 2697 654 2735 dari
688 2711 792 2749 posse
816 2698 992 2736 unitatem
1012 2695 1086 2736 Ec-

278 2762 395 2801 clesiae
411 2791 422 2810 ‚
442 2763 613 2815 quamvis
635 2763 711 2801 haec
723 2764 881 2814 patiatur
903 2764 1086 2815 interrup-

280 2830 417 2866 tionem
431 2829 471 2866 in
483 2829 650 2867 exteriori
666 2830 943 2876 communione,
959 2829 1083 2875 infert,

279 2901 373 2944 part.
394 2905 405 2930 ι
427 2923 437 2941 ,
461 2907 535 2945 cap.
552 2902 628 2946 9et
648 2908 753 2947 seqq.
769 2893 946 2933 Ecclesias
968 2896 1087 2934 orien-

287 2958 378 2997 tales
394 2987 403 3005 ‚
437 2973 571 3010 nempe
604 2960 989 3011 graeco-schismaticas
1005 2991 1015 3009 ‚
1056 2967 1092 2998 et

1141 1911 1346 1950 Ecclesiam
1384 1913 1603 1952 catholicam
1621 1942 1631 1960 ,
1658 1914 1766 1966 cujus
1795 1898 1952 1951 'romana

1142 1977 1255 2016 veluti
1278 1992 1360 2029 pars
1394 1978 1610 2017 collateralis
1638 1980 1697 2016 sit.
1729 1976 1858 2030 Quoad
1883 1976 1973 2015 Ec-·

1143 2042 1268 2080 clesias
1276 2042 1485 2081 lutheranas
1500 2051 1535 2081 et
1548 2043 1773 2089 reformatas,
1782 2038 1957 2093 qenerali

1145 2106 1278 2145 saltem
1303 2106 1467 2158 quodam
1485 2120 1599 2144 sensu
1620 2122 1679 2146 eas
1702 2108 1811 2145 etiam
1825 2105 1872 2144 ad
1885 2105 1955 2144 Ee-

1146 2172 1296 2211 clesiam
1317 2174 1495 2223 pertinere
1529 2171 1748 2218 contendit,
1781 2184 1824 2209 eo
1854 2170 1956 2223 quod

1148 2237 1353 2276 voluntarie
1374 2239 1528 2276 minime
1562 2251 1599 2275 se
1629 2237 1676 2275 ab
1706 2236 1868 2275 Ecclesia
1894 2249 1957 2274 ca-

1147 2302 1283 2341 tholica
1316 2304 1587 2355 separaverint,
1621 2302 1685 2340 sed
1715 2302 1763 2340 ab
1795 2301 1958 2340 Ecclesia

1148 2381 1302 2406 romana
1330 2368 1497 2420 expulsae
1515 2369 1603 2406 sint.
1630 2366 1720 2405 Haec
1748 2368 1875 2406 omnia
1897 2369 1958 2405 in-

1148 2433 1262 2472 ferius
1275 2434 1536 2485 expendemus.
1557 2433 1708 2471 Interim
1719 2441 1837 2485 patet,
1856 2444 1957 2485 quae-

1150 2512 1238 2536 nam
1263 2499 1379 2550 vigeat
1398 2499 1496 2551 apud
1519 2499 1740 2537 adversarios
1760 2497 1928 2536 idearum
1943 2523 1956 2547 ,

1151 2571 1194 2603 ut
1222 2565 1272 2603 ita
1296 2565 1420 2603 dicam
1437 2596 1447 2614 ‚
1471 2565 1639 2604 confusio
1658 2593 1669 2612 ‚
1691 2572 1727 2603 et
1749 2569 1890 2616 quanto
1919 2563 1960 2600 in
2023 2554 2026 2557 Δ

1154 2631 1271 2682 pretio
1305 2630 1482 2670 habeatur
1513 2630 1674 2669 Ecclesia
1700 2626 1913 2688 catholica&
1938 2641 1959 2666 a
2024 2629 2025 2632 ’

1155 2710 1227 2746 qua
1252 2693 1336 2734 licet
1363 2697 1488 2735 divisae
1518 2698 1590 2735 sint
1621 2707 1748 2734 eorum
1787 2700 1890 2731 sectae
1927 2700 1963 2731 et
2016 2696 2024 2700 ”

1155 2761 1377 2801 damnentur
1404 2762 1518 2800 veluti
1541 2760 1718 2798 haereticae
1743 2766 1807 2797 aut
1847 2756 1961 2796 schis—
2002 2778 2022 2798 ‚v

1156 2829 1297 2865 maticae
1314 2855 1325 2874 ,
1352 2840 1489 2866 nomen
1512 2830 1637 2863 tamen
1662 2831 1698 2862 et
1728 2823 1961 2862 commuuio·
2008 2873 2010 2881 y

1155 2907 1240 2931 nem
1271 2906 1356 2932 cum
1385 2894 1462 2945 ipsa
1491 2891 1679 2930 affectant.
1695 2888 1813 2929 Tanta
1836 2895 1889 2928 est
1908 2888 1961 2926 vis
2010 2910 2028 2947 ὲ,

1158 2959 1318 2997 veritatis
1336 2959 1344 2996 !
