2028 3354
454 202 586 235 matr.
623 204 659 232 1.
696 200 817 234 sacr.
856 202 907 233 11.
946 200 1045 233 car.
1085 200 1151 234 1v.
1190 200 1245 231 mi
1278 199 1423 231 norm.
1459 198 1582 231 ram.
1662 187 1665 190 ’
1753 183 1861 232 521-

156 332 384 364 consensu
427 314 764 363 irretractabile
805 315 859 362 fit
899 315 1192 381 pontificium
1238 314 1553 378 dogmaticum
1589 310 1846 360 decretum.

154 391 210 437 20
233 393 328 439 Nec
352 390 482 439 obest
499 427 512 451 7
532 391 786 438 tenendam
806 408 904 438 esse
930 390 1037 438 fidei
1067 393 1297 438 unitatem
1316 407 1423 437 cum
1452 407 1572 436 rom.
1599 389 1822 436 Pontifice
1837 424 1852 448 a

157 468 536 533 quandoquidem
554 469 604 515 in
630 470 799 516 decisis
825 486 879 516 ea
909 468 1056 517 teneri
1087 467 1229 515 debet
1259 468 1543 526 necessario,
1574 483 1669 512 non
1695 473 1854 513 autem

154 545 205 592 in
242 546 529 593 decidendis.
567 545 619 591 30
651 545 868 611 Alioquin
901 563 999 592 non
1018 543 1324 607 intelligitur,
1346 542 1582 609 quomodo
1611 542 1787 589 censeri
1808 549 1857 590 et

153 620 318 668 haberi
347 639 443 668 non
473 620 678 668 debeant
709 631 762 668 ut
792 621 1029 681 haeretici,
1070 621 1212 668 etiam
1249 630 1360 667 ante
1398 636 1676 667 consensum
1715 618 1863 666 totius

154 697 395 758 Ecclesiae,
423 699 503 763 qui
532 698 823 763 refragantur
853 697 1123 761 dogmaticis
1153 696 1431 743 Pontificum
1463 695 1821 744 definitionibus
1841 731 1853 755 ‚

154 774 193 821 si
222 773 296 820 hae
325 775 476 840 reipsa
506 774 772 822 infallibiles
804 782 975 821 essent.
1002 773 1056 819 4⁰
1084 773 1234 819 Satius
1267 772 1467 837 proinde
1500 774 1589 820 erit
1612 781 1861 820 externam·

156 849 472 899 obedientiam
494 854 788 914 provisorz'e,
814 857 868 895 ut
896 849 1057 908 aiunt7
1088 847 1340 909 exhibere,
1375 866 1436 896 ne
1461 849 1615 895 unitas
1643 850 1860 914 proscin-

157 925 326 987 datur,
361 926 510 974 donec
540 926 712 974 scilicet
745 934 827 972 aut
860 925 1056 971 Ecclesia
1085 942 1184 971 non
1214 923 1462 985 reclamet,
1499 933 1579 972 aut
1617 942 1859 973 assensum

156 1004 295 1050 tacite
318 1002 394 1051 vel
419 1018 636 1068 expresse
663 1000 872 1066 praebeat
895 1000 1145 1065 pontificiis
1173 1000 1444 1066 dogmaticis
1476 1000 1857 1060 definitionibus3

159 1078 212 1124 50
230 1077 483 1126 absurdum
506 1076 682 1142 quippe
701 1084 772 1123 est
794 1076 1026 1124 affirmare
1044 1112 1056 1135 ‚
1075 1076 1347 1142 quempiam
1364 1077 1515 1124 teneri
1539 1077 1598 1124 ad
1617 1094 1861 1125 assensum

156 1156 399 1203 internum
432 1152 751 1219 praestandum
787 1152 1052 1200 definitioni
1089 1152 1361 1216 dogmaticae
1380 1188 1393 1213 ,
1432 1170 1537 1217 quae
1578 1154 1866 1220 proponitur

157 1230 217 1278 ab
239 1247 291 1277 ea
317 1230 610 1288 auctoritate,
635 1233 763 1292 cujus
785 1228 1091 1276 infallibilitas
1111 1228 1171 1276 de
1191 1229 1281 1276 fide
1300 1247 1396 1275 non
1422 1238 1633 1289 constat3
1664 1231 1716 1277 60
1734 1248 1865 1296 prae-

157 1306 318 1354 sertim
329 1322 434 1352 cum
457 1305 651 1353 minime
673 1313 968 1370 compertum
988 1307 1066 1366 sit,
1083 1314 1243 1351 utrum
1264 1305 1477 1353 Pontifex
1498 1305 1558 1353 ad
1576 1306 1862 1371 dogmaticas

156 1400 261 1430 suas
312 1381 518 1429 edendas
562 1383 916 1430 constitutiones
964 1382 1248 1429 consuluerit
1299 1382 1601 1430 traditionem
1649 1384 1863 1432 Ecclesiae·

155 1474 390 1518 romanae,
428 1458 731 1518 Cardinales‚
769 1459 973 1520 clerum,
1014 1467 1154 1523 atque
1194 1457 1283 1505 alia
1322 1458 1526 1506 subsidia
1560 1458 1862 1520 adhibuerit,

157 1551 262 1599 quae
290 1543 450 1582 tamen
476 1536 735 1582 necessario
756 1533 1026 1583 adhibenda
1050 1543 1184 1595 sunt,
1206 1544 1259 1581 ut
1279 1552 1336 1582 ea·
1353 1536 1580 1583 cathedra
1601 1535 1691 1583 dici
1710 1537 1868 1602 possit

158 1611 281 1658 edita
310 1610 538 1660 definitio,
568 1613 700 1676 ErgO.

225 1687 341 1735 770.
380 1690 518 1754 Resp.
542 1687 613 1736 Ad
641 1689 725 1750 11¹⁰⁷
747 1690 871 1736 Dz'st.
891 1689 1009 1736 Cum
1030 1690 1167 1737 Petro
1187 1698 1234 1737 et
1256 1689 1495 1737 mediante
1515 1691 1652 1738 Petro
1670 1693 1865 1756 ejusque

156 1764 206 1810 in
231 1765 438 1829 primatu
468 1765 673 1829 legitimo
698 1783 957 1814 successore
983 1765 1107 1814 rom.
1140 1767 1389 1826 Pontifice‚
1417 1784 1544 1815 conc.
1558 1784 1575 1822 ,·
1596 1767 1696 1815 sine
1721 1769 1861 1815 Petro

158 1856 211 1887 ac
239 1840 509 1888 immediate
529 1878 541 1896 ,
573 1859 675 1906 neq.
714 1842 822 1890 Ideo
852 1844 980 1890 enim
1016 1860 1072 1890 ex
1105 1842 1237 1890 dictis
1271 1853 1419 1908 portae
1449 1844 1588 1891 inferi
1618 1861 1717 1891 non
1749 1853 1863 1892 sunt

158 1916 463 1981 praevaliturae
501 1917 722 1965 adversus
764 1918 1039 1978 Ecclesiam,
1080 1920 1187 1985 quia
1226 1918 1325 1967 baec
1363 1919 1559 1967 fundata
1602 1930 1673 1968 est
1720 1938 1862 1987 supra

158 1991 346 2038 firmam
365 2002 571 2058 petram,
592 2012 693 2060 quae
714 1997 876 2043 Petrus
893 2005 988 2055 est,
1012 2013 1097 2061 pro
1116 2013 1209 2060 quo
1225 1996 1434 2044 Christus
1452 1997 1695 2062 speciatim
1715 1997 1861 2045 etiam

160 2069 337 2128 oravit,
360 2079 412 2116 ut
431 2070 482 2115 in
503 2070 596 2117 fide
616 2073 914 2120 confirmaret
928 2073 1104 2135 jugiter
1121 2089 1173 2119 ac
1192 2090 1378 2137 semper
1404 2073 1654 2121 Ecclesiam
1672 2112 1684 2135 ‚
1718 2092 1863 2140 quam

160 2147 256 2205 ejus
282 2161 403 2193 curae
434 2147 680 2193 commisit.
710 2149 818 2196 Haec
843 2157 913 2196 est
938 2149 1195 2196 oeconomia
1225 2150 1343 2197 circa
1374 2149 1761 2198 infallibilitatem
1782 2151 1862 2198 Ec-

161 2219 324 2268 elesiae.
353 2223 610 2288 Nunquam
641 2223 850 2271 Christus
870 2261 882 2282 a
925 2233 978 2271 ut
1008 2224 1119 2272 alias
1148 2225 1569 2274 animadvertimus
1587 2265 1600 2288 ,
1634 2236 1714 2274 aut
1738 2227 1861 2274 hanc

161 2305 242 2343 aut
275 2297 383 2345 alias
414 2301 741 2364 praerogativas
785 2301 1008 2349 Ecclesiae
1033 2319 1128 2349 suae
1162 2302 1249 2348 nisi
1282 2319 1388 2349 cum
1420 2305 1561 2351 Petro
1591 2320 1645 2351 ac
1678 2303 1862 2371 depen—

161 2371 329 2420 denter
358 2392 383 2421 a
414 2376 551 2423 Petro
581 2375 774 2440 largitus
803 2387 887 2425 est.

225 2448 340 2496 771.
379 2451 450 2497 Ad
488 2452 577 2512 2¹¹¹,
619 2454 744 2501 Dist.
795 2455 848 2501 In
889 2453 1051 2501 decisis
1092 2463 1139 2503 et
1177 2457 1228 2503 in
1268 2455 1568 2518 decidendis,
1609 2474 1771 2513 conc.;
1812 2458 1863 2505 in

161 2524 324 2573 decisis
361 2534 578 2586 tantum,
624 2546 728 2592 neq.
780 2528 997 2596 Alioquin
1040 2531 1160 2578 nihil
1198 2532 1408 2580 Christus
1452 2533 1642 2598 speciali
1681 2534 1863 2582 ratione

161 2602 431 2649 contulisset
454 2605 591 2650 Petro
623 2608 813 2669 ejusque
847 2608 1182 2654 successoribus
1199 2644 1211 2668 ,
1248 2608 1373 2674 quod
1401 2610 1578 2658 caeteris
1608 2627 1740 2675 aeque
1764 2628 1861 2657 non

160 2679 320 2726 fuisset
348 2695 615 2726 commune.
656 2681 803 2743 Major
839 2682 1086 2730 difficultas
1116 2702 1212 2731 non
1244 2686 1293 2731 in
1326 2684 1588 2733 adhaesione
1620 2686 1680 2733 ad
1711 2686 1864 2734 decisa

162 2772 242 2802 seu
264 2755 457 2803 definita
482 2756 716 2817 consistit,
747 2757 829 2804 sed
852 2759 902 2805 in
928 2758 1195 2807 adhaesione
1214 2761 1274 2807 ad
1298 2761 1554 2809 decidenda
1574 2798 1587 2822 ‚
1618 2763 1736 2810 circa
1761 2777 1864 2827 quae

162 2831 375 2880 fidelibus
413 2831 553 2879 debet
579 2840 682 2879 tuto
717 2834 1034 2897 innotescere,
1073 2836 1146 2882 cui
1171 2837 1293 2902 parti
1326 2855 1383 2885 ex
1415 2836 1629 2902 pluribus
1652 2841 1778 2886 inter
1812 2854 1863 2885 se

164 2904 531 2973 disceptantibus
560 2909 894 2957 adhaerendum
936 2911 1024 2971 sit,
1055 2929 1115 2958 ne
1146 2912 1457 2978 decipiantur.
1485 2915 1607 2962 Sane
1630 2914 1676 2961 S.
1695 2914 1862 2961 Hiero-

164 3000 333 3047 nymus
366 2986 617 3033 Damasum
633 3023 646 3046 ‚
675 2986 721 3033 S.
742 2986 1022 3049 Augustinus
1047 2988 1375 3037 Innocentium
1390 3024 1403 3049 .‚
1436 2989 1482 3036 S.
1506 2988 1702 3052 Cyrillus
1728 2987 1857 3037 Alex.
