2028 3354
213 179 313 226 320
695 192 852 222 macr.
873 193 943 221 -nn
977 194 1098 224 Locis
1135 194 1442 225 rnssonoeiffls.

208 308 389 372 juver-it
401 303 631 353 nonnulla
652 303 1026 351 animadvertere
1051 304 1110 351 ad
1130 322 1233 352 eam
1253 306 1567 354 enodandam.
1589 307 1745 353 Patres
1757 307 1881 354 enim
1899 342 1912 367 7

217 382 473 451 praesertim
508 389 615 446 post
647 389 860 427 exortam
887 380 1095 428 arianam
1129 380 1369 443 liaeresim7
1400 400 1508 430 cum
1528 392 1802 442 cernerent7
1833 384 1918 430 fir·-

217 461 480 508 missimum
511 455 748 505 catholicae
775 474 924 505 causae
959 456 1226 522 praesidium
1253 458 1401 507 inesse
1420 460 1511 508 illis
1551 461 1678 508 Petri
1716 459 1871 509 verbis
1906 479 1917 507 :

233 540 275 583 T
273 554 308 583 u
341 553 387 583 es
417 535 633 582 Christus
651 535 787 596 filius
824 535 919 582 Dei
956 537 1058 580 vivi
1072 571 1085 589 ,
1115 541 1254 599 atque
1284 532 1344 581 ob
1371 536 1643 600 praeclaram
1664 536 1780 584 adeo
1811 536 1920 583 fidei

219 611 557 661 confessionem
584 628 608 657 a
642 610 826 658 Christo
845 627 986 676 super
1011 612 1201 658 Petrum
1228 609 1496 659 aedificatam
1519 612 1766 660 Ecclesiam
1790 630 1889 660 esse
1904 649 1917 672 7
1952 616 1953 619 ’

218 688 414 736 summis
432 686 632 754 proinde
658 685 877 733 laudibus
901 704 1004 733 eam
1021 687 1318 748 extulerunt,
1343 696 1389 735 et
1417 688 1666 753 ipsammet
1683 689 1792 736 fidei
1815 706 1923 736 con-

217 765 466 814 fessionem
497 763 861 811 fundamentum
895 763 1106 811 Ecclesiae
1146 774 1485 829 nuncuparunt
1508 767 1842 830 metonymice,
1872 764 1922 812 id

219 851 316 905 est.7
343 841 576 890 translato
595 840 788 888 nomine
803 841 991 888 effectus
1013 841 1072 888 ad
1091 858 1298 897 causam,
1327 850 1379 887 ut
1401 840 1590 889 Arianos
1614 841 1762 889 divini
1784 841 1924 890 Verbi

211 936 371 967 'osores
390 917 579 965 liberius
612 926 862 980 arguerent
884 953 896 976 7
927 916 1319 983 traducerentque
1352 917 1498 966 veluti
1532 917 1826 965 fundamenti
1845 919 1924 964 Ec-

216 996 363 1043 clesiae
401 1010 638 1043 eversores
672 1002 1037 1058 vastator-esque.
1062 996 1185 1040 Dum
1209 996 1366 1059 itaque
1386 996 1542 1041 Patres
1567 995 1759 1041 nomine
1772 1003 1923 1057 pecrae

215 1071 484 1135 intelligunt
519 1070 663 1117 fidem
691 1079 738 1117 et
764 1070 1100 1117 confessionem
1147 1070 1271 1117 Petri
1296 1107 1308 1130 7
1352 1088 1449 1117 non
1481 1070 1669 1119 divisim
1709 1072 1919 1131 aPetro7

217 1166 298 1197 seu
332 1157 385 1195 ut
411 1146 578 1195 scholis
620 1146 846 1212 loquendi
881 1164 979 1193 mos
1010 1156 1108 1206 est7
1143 1147 1193 1193 in
1224 1148 1462 1194 abstracto
1482 1183 1494 1205 7
1533 1146 1615 1193 sed
1632 1150 1688 1194 in
1717 1155 1926 1194 concreto

216 1234 478 1291 spectatam
497 1261 510 1285 7
542 1241 715 1289 nempe
746 1233 888 1289 prout
916 1241 942 1270 a
970 1226 1107 1271 Petro
1130 1223 1253 1271 edita
1277 1233 1347 1271 est
1363 1260 1375 1284 7
1396 1241 1499 1271 eam
1517 1224 1816 1288 intelligunt3
1838 1241 1926 1271 nec

219 1305 415 1350 Petrum
438 1300 696 1349 excludunt
716 1336 728 1360 7
760 1301 843 1348 sed
865 1310 1141 1366 supponunt
1159 1338 1170 1361 7
1196 1300 1358 1348 eadem
1377 1301 1558 1349 ratione
1583 1318 1672 1366 qua
1694 1301 1739 1347 S.
1761 1301 1928 1347 Hiero-

217 1396 388 1443 nymus
434 1377 568 1425 docet
611 1395 621 1423 :
669 1378 824 1441 Super
878 1395 1032 1440 aquas
1078 1378 1346 1424 ambulasse
1395 1378 1535 1424 Petri
1563 1379 1706 1440 fidem
1739 1377 1841 1441 (l)·7
1879 1375 1929 1422 id

218 1464 307 1516 est7
330 1457 522 1502 Petrum
535 1453 820 1502 credentem.
840 1453 969 1501 Adde
984 1490 999 1517 7
1018 1463 1070 1499 ut
1091 1461 1216 1501 recte
1238 1452 1455 1502 observat
1482 1455 1527 1500 S.
1542 1454 1811 1502 Ambrosius
1825 1453 1895 1517 (2)
1912 1488 1925 1511 7

218 1549 316 1579 non
355 1547 497 1597 super
537 1548 636 1578 ossa
669 1539 748 1578 aut
789 1547 929 1596 super
974 1547 1165 1577 carnem
1204 1530 1327 1577 Petri
1372 1530 1649 1578 aedificatam
1677 1529 1927 1577 Ecclesiam

222 1625 323 1656 esse
344 1645 356 1667 7
393 1606 475 1655 sed
499 1623 640 1671 super
672 1608 863 1653 Petrum
887 1624 1048 1655 veram
1074 1605 1213 1654 fidem
1240 1608 1560 1654 confitentem.

285 1684 395 1731 476.
433 1684 553 1731 Cum
569 1683 708 1747 igitur
727 1682 1010 1730 secundariae
1028 1692 1075 1730 et
1097 1682 1288 1745 adjectae
1311 1683 1724 1749 interpretationes
1736 1684 1929 1729 Patrum

219 1778 319 1807 non
348 1759 489 1807 modo
527 1776 626 1806 non
648 1767 949 1824 opponantur
983 1759 1266 1822 originariae7
1290 1759 1480 1807 litterali
1505 1777 1558 1808 ac
1585 1760 1755 1808 nativae
1783 1776 1931 1824 expo-

220 1836 377 1884 sitioni
398 1835 650 1884 verborum
679 1835 853 1881 Christi
871 1872 883 1894 7
901 1836 996 1881 imo
1021 1835 1128 1883 huic
1142 1836 1408 1883 innitantur
1423 1853 1619 1901 eamque
1633 1843 1927 1901 supponant7

220 1913 390 1961 merito
412 1912 656 1960 inferimus
673 1948 686 1971 7
719 1911 973 1959 adversarii
1003 1920 1194 1959 conatus
1216 1929 1406 1977 prorsus
1430 1929 1730 1972 evanescere,
1763 1910 1931 1978 quibus

222 1986 310 2037 sibi
333 1988 526 2054 aliisque
544 1987 825 2055 persuadere
838 1989 1033 2047 nititur,
1057 2006 1112 2036 ex
1141 1988 1465 2054 praedictarum
1488 1989 1932 2054 interpretationum

220 2065 446 2116 varietate
467 2083 566 2112 non
582 2081 720 2131 posse
748 2064 858 2112 fidei
880 2064 1127 2111 articulum
1158 2066 1374 2112 constitui
1393 2085 1405 2123 ς
1431 2083 1484 2113 eo
1515 2066 1590 2114 vel
1609 2066 1753 2128 magis
1770 2101 1782 2124 7
1804 2064 1931 2129 quod

220 2142 363 2191 iidem
386 2145 544 2189 Patres
561 2178 573 2201 7
595 2142 676 2207 qui
699 2141 809 2188 alias
823 2141 1094 2203 adjecerunt
1114 2142 1456 2207 expositiones,
1470 2141 1612 2189 etiam
1633 2141 1930 2205 originariam

224 2237 276 2269 ac
325 2219 579 2268 litteralem
614 2217 902 2284 praehuerint
951 2217 1037 2282 (3).
1082 2219 1178 2265 Hoc
1220 2234 1330 2265 sane
1384 2218 1457 2267 vel
1487 2218 1586 2283 ipse
1636 2217 1929 2266 adversarius

280 2440 336 2491 (1)
363 2439 472 2491 Apud
506 2439 561 2478 De
594 2437 859 2485 Simemibus,
897 2452 957 2490 op.
979 2441 1045 2477 cit.
1114 2438 1293 2492 Lawnojo
1311 2469 1322 2486 7
1355 2453 1439 2491 opp.
1471 2439 1561 2477 edit.
1584 2452 1680 2479 rom.
1707 2447 1800 2478 tom.
1829 2450 1922 2485 xm,

224 2520 303 2558 cap.
337 2519 350 2543 ι
373 2534 384 2555 7
406 2505 427 2558 §
452 2504 493 2545 5.
1114 2518 1193 2558 pag.
1220 2518 1266 2544 ιο
1289 2514 1323 2545 et
1352 2518 1460 2559 seqq.
1485 2505 1549 2544 ubi
1568 2506 1729 2545 ostendit
1744 2536 1755 2554 7
1773 2506 1855 2545 illos
1870 2507 1925 2556 ip-

281 2572 336 2624 (2)
367 2569 422 2610 De
453 2568 658 2609 Ino-amat.
696 2584 779 2621 cap.
817 2567 866 2617 5,
910 2586 947 2608 n.
978 2569 1044 2620 34.
1113 2585 1170 2610 sos
1188 2570 1309 2610 Patres
1327 2602 1338 2618 7
1364 2574 1429 2624 qui
1443 2573 1534 2611 alias
1558 2573 1925 2612 secundariasinter-

226 2637 308 2676 Cfr.
333 2635 444 2675 Card.
466 2635 527 2674 Du
551 2635 689 2673 Perron
704 2663 717 2685 7
738 2649 802 2687 op.
831 2643 865 2673 et
889 2635 958 2674 loc.
978 2640 1044 2676 eit.
1113 2638 1339 2688 pretationes
1361 2638 1544 2677 dederunt
1563 2646 1684 2677 textus
1699 2635 1921 2687 evangelici:

226 2716 297 2741 nec
329 2715 407 2740 non
441 2700 620 2739 Ballerin.
660 2715 724 2752 op.
766 2702 828 2738 cit.
864 2715 943 2753 cap.
980 2715 1043 2751 127
1120 2703 1187 2741 Tu
1213 2716 1252 2741 es
1280 2704 1422 2741 Petrus
1440 2734 1450 2752 7
1474 2708 1544 2743 etc'.
1569 2704 1710 2742 dedisse
1736 2703 1846 2754 etiam
1868 2704 1926 2740 in-

228 2766 249 2822 §
274 2780 296 2804 2
314 2795 324 2814 7
358 2766 424 2804 uhi
451 2767 618 2817 apprime
643 2766 740 2805 hanc
773 2767 907 2818 pariter
933 2782 1047 2824 expo·
1113 2771 1434 2820 tex-pretationem,
1458 2782 1571 2821 quam
1593 2769 1803 2806 vocavimus
1819 2769 1930 2819 origi-

228 2832 400 2871 sitionem
443 2831 617 2870 conciliat
652 2845 740 2870 cum
785 2833 959 2884 primaria
1005 2847 1048 2872 ac
1112 2836 1517 2887 nariam7primitivam
1533 2832 1746 2882 ‚litteralem
1762 2834 1927 2886 ejusdem

228 2896 396 2936 litterali.
960 2906 962 2909 '
1114 2908 1234 2938 textus
1250 2900 1295 2938 de
1317 2912 1469 2952 persona
1493 2897 1604 2937 Petri.
1632 2897 1727 2936 Cum
1755 2900 1866 2950 igitur
1884 2913 1929 2937 ex

288 2961 338 3015 (3)
363 2962 439 3002 Cfr.
454 2962 564 3002 Card.
583 2962 723 3011 Gerdil7
751 2962 911 3003 Analiai
920 2972 1047 3004 contro
1114 2965 1234 3003 tribus
1258 2964 1408 3017 adjectis
1435 2963 1818 3015 interpretationibus,
1844 2977 1926 3016 quae
