<?xml version="1.0" encoding="UTF-8"?>
<!DOCTYPE html PUBLIC "-//W3C//DTD XHTML 1.0 Transitional//EN"
    "http://www.w3.org/TR/xhtml1/DTD/xhtml1-transitional.dtd">
<html xmlns="http://www.w3.org/1999/xhtml" xml:lang="en" lang="en">
 <head>
  <title>
</title>
<meta http-equiv="Content-Type" content="text/html;charset=utf-8" />
  <meta name='ocr-system' content='tesseract 3.04.00' />
  <meta name='ocr-capabilities' content='ocr_page ocr_carea ocr_par ocr_line ocrx_word'/>
</head>
<body>
  <div class='ocr_page' id='page_1' title='image "./praelectionestheo08perruoft/praelectionestheo08perruoft_0210.png"; bbox 0 0 2028 3354; ppageno 0'>
   <div class='ocr_carea' id='block_1_1' title="bbox 198 238 291 285">
    <p class='ocr_par' dir='ltr' id='par_1_1' title="bbox 198 238 291 285">
     <span class='ocr_line' id='line_1_1' title="bbox 198 238 291 285; baseline -0.011 0"><span class='ocrx_word' id='word_1_1' title='bbox 198 238 291 285; x_wconf 85' lang='lat'>198</span> 
     </span>
    </p>
   </div>
   <div class='ocr_carea' id='block_1_2' title="bbox 654 249 1390 286">
    <p class='ocr_par' dir='ltr' id='par_1_2' title="bbox 654 249 1390 286">
     <span class='ocr_line' id='line_1_2' title="bbox 654 249 1390 286; baseline 0.004 -5"><span class='ocrx_word' id='word_1_2' title='bbox 654 249 808 283; x_wconf 74' lang='lat' dir='ltr'>TRAGT.</span> <span class='ocrx_word' id='word_1_3' title='bbox 845 252 900 281; x_wconf 81' lang='lat' dir='ltr'>DE</span> <span class='ocrx_word' id='word_1_4' title='bbox 935 252 1054 284; x_wconf 75' lang='lat' dir='ltr'>LOCIS</span> <span class='ocrx_word' id='word_1_5' title='bbox 1089 252 1390 286; x_wconf 65' lang='lat' dir='ltr'>Tnnomamls.</span> 
     </span>
    </p>
   </div>
   <div class='ocr_carea' id='block_1_3' title="bbox 193 362 1896 1645">
    <p class='ocr_par' dir='ltr' id='par_1_3' title="bbox 193 362 1888 735">
     <span class='ocr_line' id='line_1_3' title="bbox 195 362 1884 431; baseline 0 -16"><span class='ocrx_word' id='word_1_6' title='bbox 195 366 332 427; x_wconf 87' lang='lat' dir='ltr'>Quod</span> <span class='ocrx_word' id='word_1_7' title='bbox 351 382 461 415; x_wconf 81' lang='lat' dir='ltr'>vero</span> <span class='ocrx_word' id='word_1_8' title='bbox 478 362 538 410; x_wconf 85' lang='lat' dir='ltr'>ad</span> <span class='ocrx_word' id='word_1_9' title='bbox 554 380 735 412; x_wconf 86' lang='lat' dir='ltr'>errores</span> <span class='ocrx_word' id='word_1_10' title='bbox 755 363 926 412; x_wconf 81' lang='lat' dir='ltr'>attinet</span> <span class='ocrx_word' id='word_1_11' title='bbox 947 364 1155 413; x_wconf 82' lang='lat' dir='ltr'>Ecclesiae</span> <span class='ocrx_word' id='word_1_12' title='bbox 1181 366 1382 426; x_wconf 73' lang='lat' dir='ltr'>russicae‚</span> <span class='ocrx_word' id='word_1_13' title='bbox 1405 365 1513 414; x_wconf 88' lang='lat' dir='ltr'>satis</span> <span class='ocrx_word' id='word_1_14' title='bbox 1537 375 1606 414; x_wconf 88' lang='lat' dir='ltr'>est</span> <span class='ocrx_word' id='word_1_15' title='bbox 1628 381 1723 431; x_wconf 84' lang='lat' dir='ltr'>prae</span> <span class='ocrx_word' id='word_1_16' title='bbox 1743 366 1884 415; x_wconf 87' lang='lat' dir='ltr'>oculis</span> 
     </span>
     <span class='ocr_line' id='line_1_4' title="bbox 194 440 1883 508; baseline -0.001 -17"><span class='ocrx_word' id='word_1_17' title='bbox 194 443 391 497; x_wconf 83' lang='lat' dir='ltr'>habere,</span> <span class='ocrx_word' id='word_1_18' title='bbox 414 456 517 505; x_wconf 85' lang='lat' dir='ltr'>quae</span> <span class='ocrx_word' id='word_1_19' title='bbox 536 440 720 505; x_wconf 77' lang='lat' dir='ltr'><strong>scripsit</strong></span> <span class='ocrx_word' id='word_1_20' title='bbox 742 442 793 487; x_wconf 91' lang='lat' dir='ltr'>P.</span> <span class='ocrx_word' id='word_1_21' title='bbox 817 440 1093 488; x_wconf 86' lang='lat' dir='ltr'>Possevinus</span> <span class='ocrx_word' id='word_1_22' title='bbox 1120 440 1217 504; x_wconf 79' lang='lat' dir='ltr'>(l);</span> <span class='ocrx_word' id='word_1_23' title='bbox 1236 450 1290 488; x_wconf 89' lang='lat' dir='ltr'>ut</span> <span class='ocrx_word' id='word_1_24' title='bbox 1316 442 1546 501; x_wconf 84' lang='lat' dir='ltr'>omittam,</span> <span class='ocrx_word' id='word_1_25' title='bbox 1568 443 1852 508; x_wconf 89' lang='lat' dir='ltr'>principium</span> <span class='ocrx_word' id='word_1_26' title='bbox 1871 479 1883 502; x_wconf 63' lang='lat' dir='ltr'>a</span> 
     </span>
     <span class='ocr_line' id='line_1_5' title="bbox 193 515 1888 582; baseline 0.001 -17"><span class='ocrx_word' id='word_1_27' title='bbox 193 529 246 565; x_wconf 88' lang='lat' dir='ltr'>ut</span> <span class='ocrx_word' id='word_1_28' title='bbox 275 519 337 564; x_wconf 87' lang='lat' dir='ltr'>ita</span> <span class='ocrx_word' id='word_1_29' title='bbox 355 516 535 575; x_wconf 85' lang='lat' dir='ltr'>dicam,</span> <span class='ocrx_word' id='word_1_30' title='bbox 556 516 817 564; x_wconf 86' lang='lat' dir='ltr'>dissolvens</span> <span class='ocrx_word' id='word_1_31' title='bbox 839 515 1212 582; x_wconf 87' lang='lat' dir='ltr'>protestantismi</span> <span class='ocrx_word' id='word_1_32' title='bbox 1241 516 1374 581; x_wconf 92' lang='lat' dir='ltr'>plura</span> <span class='ocrx_word' id='word_1_33' title='bbox 1395 521 1496 580; x_wconf 87' lang='lat' dir='ltr'>jam</span> <span class='ocrx_word' id='word_1_34' title='bbox 1517 517 1640 565; x_wconf 84' lang='lat' dir='ltr'>illius</span> <span class='ocrx_word' id='word_1_35' title='bbox 1664 519 1727 565; x_wconf 89' lang='lat' dir='ltr'>sic</span> <span class='ocrx_word' id='word_1_36' title='bbox 1754 517 1888 567; x_wconf 81' lang='lat' dir='ltr'>dictae</span> 
     </span>
     <span class='ocr_line' id='line_1_6' title="bbox 194 591 1887 657; baseline 0.001 -17"><span class='ocrx_word' id='word_1_37' title='bbox 194 593 406 641; x_wconf 72' lang='lat' dir='ltr'>Ecclesiae</span> <span class='ocrx_word' id='word_1_38' title='bbox 430 591 643 640; x_wconf 87' lang='lat' dir='ltr'>membra</span> <span class='ocrx_word' id='word_1_39' title='bbox 673 592 885 640; x_wconf 82' lang='lat' dir='ltr'><strong>infecisse</strong></span> <span class='ocrx_word' id='word_1_40' title='bbox 912 593 999 657; x_wconf 77' lang='lat'>(2).</span> <span class='ocrx_word' id='word_1_41' title='bbox 1036 594 1102 639; x_wconf 88' lang='lat' dir='ltr'>lta</span> <span class='ocrx_word' id='word_1_42' title='bbox 1134 609 1252 657; x_wconf 87' lang='lat' dir='ltr'>pura</span> <span class='ocrx_word' id='word_1_43' title='bbox 1281 603 1549 642; x_wconf 87' lang='lat' dir='ltr'>conservata</span> <span class='ocrx_word' id='word_1_44' title='bbox 1577 604 1648 641; x_wconf 87' lang='lat' dir='ltr'>est</span> <span class='ocrx_word' id='word_1_45' title='bbox 1675 595 1724 641; x_wconf 89' lang='lat' dir='ltr'>in</span> <span class='ocrx_word' id='word_1_46' title='bbox 1762 603 1887 642; x_wconf 85' lang='lat' dir='ltr'>utra·</span> 
     </span>
     <span class='ocr_line' id='line_1_7' title="bbox 194 667 667 735; baseline -0.002 -19"><span class='ocrx_word' id='word_1_47' title='bbox 194 687 285 735; x_wconf 84' lang='lat' dir='ltr'>que</span> <span class='ocrx_word' id='word_1_48' title='bbox 315 668 513 716; x_wconf 83' lang='lat' dir='ltr'>Ecclesia</span> <span class='ocrx_word' id='word_1_49' title='bbox 538 667 667 716; x_wconf 80' lang='lat' dir='ltr'>fides,</span> 
     </span>
    </p>

    <p class='ocr_par' dir='ltr' id='par_1_4' title="bbox 193 742 1896 1645">
     <span class='ocr_line' id='line_1_8' title="bbox 258 742 1889 803; baseline 0.001 -11"><span class='ocrx_word' id='word_1_50' title='bbox 258 744 372 792; x_wconf 82' lang='lat'><strong>308.</strong></span> <span class='ocrx_word' id='word_1_51' title='bbox 412 743 483 792; x_wconf 87' lang='lat' dir='ltr'>Ad</span> <span class='ocrx_word' id='word_1_52' title='bbox 514 744 605 803; x_wconf 63' lang='lat'>5¹1¹,</span> <span class='ocrx_word' id='word_1_53' title='bbox 639 746 770 792; x_wconf 70' lang='lat' dir='ltr'>Dist.</span> <span class='ocrx_word' id='word_1_54' title='bbox 803 745 859 791; x_wconf 89' lang='lat' dir='ltr'>In</span> <span class='ocrx_word' id='word_1_55' title='bbox 888 761 1027 792; x_wconf 87' lang='lat' dir='ltr'>sensu</span> <span class='ocrx_word' id='word_1_56' title='bbox 1057 742 1305 793; x_wconf 86' lang='lat' dir='ltr'>adversarii</span> <span class='ocrx_word' id='word_1_57' title='bbox 1327 780 1339 803; x_wconf 50' lang='lat'>2</span> <span class='ocrx_word' id='word_1_58' title='bbox 1373 760 1524 798; x_wconf 81' lang='lat' dir='ltr'>cono.;</span> <span class='ocrx_word' id='word_1_59' title='bbox 1552 745 1601 792; x_wconf 89' lang='lat' dir='ltr'>in</span> <span class='ocrx_word' id='word_1_60' title='bbox 1628 763 1767 794; x_wconf 90' lang='lat' dir='ltr'>sensu</span> <span class='ocrx_word' id='word_1_61' title='bbox 1802 747 1889 794; x_wconf 86' lang='lat' dir='ltr'>Ec-</span> 
     </span>
     <span class='ocr_line' id='line_1_9' title="bbox 194 818 1887 886; baseline 0 -18"><span class='ocrx_word' id='word_1_62' title='bbox 194 821 343 869; x_wconf 84' lang='lat' dir='ltr'>clesiae</span> <span class='ocrx_word' id='word_1_63' title='bbox 371 819 609 868; x_wconf 82' lang='lat' dir='ltr'>catholicae</span> <span class='ocrx_word' id='word_1_64' title='bbox 626 856 640 879; x_wconf 76' lang='lat'>‚</span> <span class='ocrx_word' id='word_1_65' title='bbox 673 837 778 885; x_wconf 85' lang='lat' dir='ltr'>quae</span> <span class='ocrx_word' id='word_1_66' title='bbox 800 821 959 885; x_wconf 89' lang='lat' dir='ltr'>ipsum</span> <span class='ocrx_word' id='word_1_67' title='bbox 985 827 1037 866; x_wconf 88' lang='lat' dir='ltr'>ut</span> <span class='ocrx_word' id='word_1_68' title='bbox 1062 818 1171 866; x_wconf 87' lang='lat' dir='ltr'>fidei</span> <span class='ocrx_word' id='word_1_69' title='bbox 1192 819 1358 883; x_wconf 82' lang='lat' dir='ltr'>dogma</span> <span class='ocrx_word' id='word_1_70' title='bbox 1387 819 1625 879; x_wconf 55' lang='lat' dir='ltr'>definivit„</span> <span class='ocrx_word' id='word_1_71' title='bbox 1656 840 1757 886; x_wconf 72' lang='lat' dir='ltr'>neq.</span> <span class='ocrx_word' id='word_1_72' title='bbox 1779 823 1887 870; x_wconf 88' lang='lat' dir='ltr'>Jam</span> 
     </span>
     <span class='ocr_line' id='line_1_10' title="bbox 194 895 1891 962; baseline -0.001 -16"><span class='ocrx_word' id='word_1_73' title='bbox 194 914 306 946; x_wconf 88' lang='lat' dir='ltr'>vero</span> <span class='ocrx_word' id='word_1_74' title='bbox 328 915 425 944; x_wconf 91' lang='lat' dir='ltr'>non</span> <span class='ocrx_word' id='word_1_75' title='bbox 444 897 630 962; x_wconf 87' lang='lat' dir='ltr'>privato</span> <span class='ocrx_word' id='word_1_76' title='bbox 661 896 1022 961; x_wconf 85' lang='lat' dir='ltr'>uniuscujusque</span> <span class='ocrx_word' id='word_1_77' title='bbox 1052 895 1283 944; x_wconf 79' lang='lat' dir='ltr'>individui</span> <span class='ocrx_word' id='word_1_78' title='bbox 1302 897 1456 943; x_wconf 90' lang='lat' dir='ltr'>sensui</span> <span class='ocrx_word' id='word_1_79' title='bbox 1484 896 1535 942; x_wconf 89' lang='lat' dir='ltr'>in</span> <span class='ocrx_word' id='word_1_80' title='bbox 1567 895 1639 944; x_wconf 85' lang='lat' dir='ltr'>his</span> <span class='ocrx_word' id='word_1_81' title='bbox 1670 897 1891 945; x_wconf 79' lang='lat' dir='ltr'>standum</span> 
     </span>
     <span class='ocr_line' id='line_1_11' title="bbox 195 970 1893 1036; baseline -0.001 -15"><span class='ocrx_word' id='word_1_82' title='bbox 195 983 266 1021; x_wconf 90' lang='lat' dir='ltr'>est</span> <span class='ocrx_word' id='word_1_83' title='bbox 282 1009 294 1032; x_wconf 59' lang='lat' dir='ltr'>a</span> <span class='ocrx_word' id='word_1_84' title='bbox 336 972 418 1020; x_wconf 87' lang='lat' dir='ltr'>sed</span> <span class='ocrx_word' id='word_1_85' title='bbox 458 972 724 1019; x_wconf 78' lang='lat' dir='ltr'>auctoritati</span> <span class='ocrx_word' id='word_1_86' title='bbox 762 972 973 1020; x_wconf 85' lang='lat' dir='ltr'>Ecclesiae</span> <span class='ocrx_word' id='word_1_87' title='bbox 1014 970 1247 1018; x_wconf 83' lang='lat' dir='ltr'>infallibili</span> <span class='ocrx_word' id='word_1_88' title='bbox 1281 973 1703 1020; x_wconf 81' lang='lat' dir='ltr'>controversiarum</span> <span class='ocrx_word' id='word_1_89' title='bbox 1733 973 1893 1036; x_wconf 87' lang='lat' dir='ltr'>judici.</span> 
     </span>
     <span class='ocr_line' id='line_1_12' title="bbox 197 1046 1896 1113; baseline -0.001 -17"><span class='ocrx_word' id='word_1_90' title='bbox 197 1049 333 1109; x_wconf 81' lang='lat' dir='ltr'>Quod</span> <span class='ocrx_word' id='word_1_91' title='bbox 355 1057 514 1096; x_wconf 89' lang='lat' dir='ltr'>autem</span> <span class='ocrx_word' id='word_1_92' title='bbox 535 1047 750 1110; x_wconf 75' lang='lat' dir='ltr'>adJicitur</span> <span class='ocrx_word' id='word_1_93' title='bbox 762 1047 821 1096; x_wconf 89' lang='lat' dir='ltr'>de</span> <span class='ocrx_word' id='word_1_94' title='bbox 842 1046 1111 1106; x_wconf 75' lang='lat' dir='ltr'>intervallo,</span> <span class='ocrx_word' id='word_1_95' title='bbox 1133 1047 1259 1113; x_wconf 87' lang='lat' dir='ltr'>quod</span> <span class='ocrx_word' id='word_1_96' title='bbox 1280 1047 1457 1095; x_wconf 77' lang='lat' dir='ltr'>effluxit</span> <span class='ocrx_word' id='word_1_97' title='bbox 1476 1049 1599 1096; x_wconf 84' lang='lat' dir='ltr'>inter</span> <span class='ocrx_word' id='word_1_98' title='bbox 1610 1049 1830 1096; x_wconf 87' lang='lat' dir='ltr'>Photium</span> <span class='ocrx_word' id='word_1_99' title='bbox 1848 1058 1896 1097; x_wconf 92' lang='lat' dir='ltr'>et</span> 
     </span>
     <span class='ocr_line' id='line_1_13' title="bbox 196 1123 1896 1189; baseline -0.001 -15"><span class='ocrx_word' id='word_1_100' title='bbox 196 1125 475 1174; x_wconf 78' lang='lat' dir='ltr'>Michaelem</span> <span class='ocrx_word' id='word_1_101' title='bbox 510 1123 801 1171; x_wconf 87' lang='lat' dir='ltr'>Cerularium</span> <span class='ocrx_word' id='word_1_102' title='bbox 821 1160 834 1182; x_wconf 75' lang='lat'><strong>‚</strong></span> <span class='ocrx_word' id='word_1_103' title='bbox 869 1140 961 1189; x_wconf 91' lang='lat' dir='ltr'>quo</span> <span class='ocrx_word' id='word_1_104' title='bbox 998 1132 1211 1188; x_wconf 88' lang='lat' dir='ltr'>tempore</span> <span class='ocrx_word' id='word_1_105' title='bbox 1242 1125 1439 1170; x_wconf 77' lang='lat' dir='ltr'>tolerata</span> <span class='ocrx_word' id='word_1_106' title='bbox 1465 1123 1633 1171; x_wconf 88' lang='lat' dir='ltr'>dicitur</span> <span class='ocrx_word' id='word_1_107' title='bbox 1666 1126 1896 1172; x_wconf 85' lang='lat' dir='ltr'>contraria</span> 
     </span>
     <span class='ocr_line' id='line_1_14' title="bbox 193 1198 1895 1264; baseline -0.001 -15"><span class='ocrx_word' id='word_1_108' title='bbox 193 1203 432 1250; x_wconf 84' lang='lat' dir='ltr'>sententia</span> <span class='ocrx_word' id='word_1_109' title='bbox 449 1236 462 1260; x_wconf 90' lang='lat'><strong>,</strong></span> <span class='ocrx_word' id='word_1_110' title='bbox 488 1218 586 1247; x_wconf 89' lang='lat' dir='ltr'>non</span> <span class='ocrx_word' id='word_1_111' title='bbox 606 1199 736 1247; x_wconf 89' lang='lat' dir='ltr'>aliud</span> <span class='ocrx_word' id='word_1_112' title='bbox 766 1199 1020 1262; x_wconf 79' lang='lat' dir='ltr'>significat,</span> <span class='ocrx_word' id='word_1_113' title='bbox 1043 1199 1131 1245; x_wconf 88' lang='lat' dir='ltr'>nisi</span> <span class='ocrx_word' id='word_1_114' title='bbox 1164 1199 1291 1264; x_wconf 88' lang='lat' dir='ltr'>quod</span> <span class='ocrx_word' id='word_1_115' title='bbox 1318 1198 1500 1246; x_wconf 89' lang='lat' dir='ltr'>sublato</span> <span class='ocrx_word' id='word_1_116' title='bbox 1526 1198 1773 1246; x_wconf 81' lang='lat' dir='ltr'>schismate</span> <span class='ocrx_word' id='word_1_117' title='bbox 1808 1201 1895 1247; x_wconf 71' lang='lat' dir='ltr'>Ec-</span> 
     </span>
     <span class='ocr_line' id='line_1_15' title="bbox 199 1273 1891 1341; baseline -0.002 -16"><span class='ocrx_word' id='word_1_118' title='bbox 199 1278 334 1326; x_wconf 89' lang='lat' dir='ltr'>clesia</span> <span class='ocrx_word' id='word_1_119' title='bbox 353 1293 498 1340; x_wconf 84' lang='lat' dir='ltr'>graeca</span> <span class='ocrx_word' id='word_1_120' title='bbox 517 1275 696 1322; x_wconf 86' lang='lat' dir='ltr'>nullam</span> <span class='ocrx_word' id='word_1_121' title='bbox 707 1274 796 1322; x_wconf 86' lang='lat' dir='ltr'>hac</span> <span class='ocrx_word' id='word_1_122' title='bbox 808 1275 856 1321; x_wconf 92' lang='lat' dir='ltr'>in</span> <span class='ocrx_word' id='word_1_123' title='bbox 872 1284 1005 1341; x_wconf 86' lang='lat' dir='ltr'>parte</span> <span class='ocrx_word' id='word_1_124' title='bbox 1016 1273 1226 1322; x_wconf 82' lang='lat' dir='ltr'>Ecclesiae</span> <span class='ocrx_word' id='word_1_125' title='bbox 1242 1273 1402 1322; x_wconf 82' lang='lat' dir='ltr'>latinae</span> <span class='ocrx_word' id='word_1_126' title='bbox 1418 1274 1683 1322; x_wconf 84' lang='lat' dir='ltr'>molestiam</span> <span class='ocrx_word' id='word_1_127' title='bbox 1695 1276 1863 1324; x_wconf 89' lang='lat' dir='ltr'>crearit</span> <span class='ocrx_word' id='word_1_128' title='bbox 1878 1296 1891 1335; x_wconf 72' lang='grc' dir='ltr'><strong>ς</strong></span> 
     </span>
     <span class='ocr_line' id='line_1_16' title="bbox 201 1349 1896 1419; baseline -0.001 -18"><span class='ocrx_word' id='word_1_129' title='bbox 201 1371 348 1419; x_wconf 91' lang='lat' dir='ltr'>quum</span> <span class='ocrx_word' id='word_1_130' title='bbox 370 1370 482 1402; x_wconf 88' lang='lat' dir='ltr'>vero</span> <span class='ocrx_word' id='word_1_131' title='bbox 504 1361 666 1418; x_wconf 86' lang='lat' dir='ltr'>postea</span> <span class='ocrx_word' id='word_1_132' title='bbox 686 1351 834 1399; x_wconf 81' lang='lat' dir='ltr'>Graeci</span> <span class='ocrx_word' id='word_1_133' title='bbox 858 1350 1039 1397; x_wconf 83' lang='lat' dir='ltr'>crim-ini</span> <span class='ocrx_word' id='word_1_134' title='bbox 1062 1349 1220 1397; x_wconf 82' lang='lat' dir='ltr'>latinae</span> <span class='ocrx_word' id='word_1_135' title='bbox 1242 1350 1450 1398; x_wconf 85' lang='lat' dir='ltr'>Ecclesiae</span> <span class='ocrx_word' id='word_1_136' title='bbox 1473 1351 1750 1412; x_wconf 84' lang='lat' dir='ltr'>vertissent,</span> <span class='ocrx_word' id='word_1_137' title='bbox 1770 1350 1896 1416; x_wconf 86' lang='lat' dir='ltr'>quod</span> 
     </span>
     <span class='ocr_line' id='line_1_17' title="bbox 200 1426 1892 1496; baseline -0.001 -19"><span class='ocrx_word' id='word_1_138' title='bbox 200 1431 504 1496; x_wconf 86' lang='lat' dir='ltr'>profiteretur</span> <span class='ocrx_word' id='word_1_139' title='bbox 530 1428 674 1475; x_wconf 87' lang='lat' dir='ltr'>fidem</span> <span class='ocrx_word' id='word_1_140' title='bbox 708 1426 766 1474; x_wconf 88' lang='lat' dir='ltr'>de</span> <span class='ocrx_word' id='word_1_141' title='bbox 801 1427 1093 1492; x_wconf 87' lang='lat' dir='ltr'>processione</span> <span class='ocrx_word' id='word_1_142' title='bbox 1120 1427 1320 1492; x_wconf 87' lang='lat' dir='ltr'>Spiritus</span> <span class='ocrx_word' id='word_1_143' title='bbox 1352 1427 1510 1474; x_wconf 81' lang='lat' dir='ltr'>Sancti</span> <span class='ocrx_word' id='word_1_144' title='bbox 1542 1428 1685 1475; x_wconf 87' lang='lat' dir='ltr'>etiam</span> <span class='ocrx_word' id='word_1_145' title='bbox 1705 1446 1729 1474; x_wconf 90' lang='lat' dir='ltr'>a</span> <span class='ocrx_word' id='word_1_146' title='bbox 1750 1427 1862 1475; x_wconf 90' lang='lat' dir='ltr'>Filio</span> <span class='ocrx_word' id='word_1_147' title='bbox 1880 1464 1892 1488; x_wconf 65' lang='lat'>7</span> 
     </span>
     <span class='ocr_line' id='line_1_18' title="bbox 200 1502 1896 1566; baseline -0.001 -14"><span class='ocrx_word' id='word_1_148' title='bbox 200 1516 314 1553; x_wconf 82' lang='lat' dir='ltr'>tunc</span> <span class='ocrx_word' id='word_1_149' title='bbox 336 1503 653 1552; x_wconf 86' lang='lat' dir='ltr'>controversia</span> <span class='ocrx_word' id='word_1_150' title='bbox 671 1519 861 1551; x_wconf 77' lang='lat' dir='ltr'>excussa</span> <span class='ocrx_word' id='word_1_151' title='bbox 878 1511 949 1550; x_wconf 89' lang='lat' dir='ltr'>est</span> <span class='ocrx_word' id='word_1_152' title='bbox 974 1511 1021 1549; x_wconf 86' lang='lat' dir='ltr'>et</span> <span class='ocrx_word' id='word_1_153' title='bbox 1048 1502 1239 1549; x_wconf 81' lang='lat' dir='ltr'>definita</span> <span class='ocrx_word' id='word_1_154' title='bbox 1256 1538 1269 1562; x_wconf 65' lang='lat' dir='ltr'>a</span> <span class='ocrx_word' id='word_1_155' title='bbox 1300 1503 1370 1549; x_wconf 87' lang='lat' dir='ltr'>uti</span> <span class='ocrx_word' id='word_1_156' title='bbox 1398 1511 1667 1551; x_wconf 81' lang='lat' dir='ltr'>constanter</span> <span class='ocrx_word' id='word_1_157' title='bbox 1691 1519 1739 1550; x_wconf 88' lang='lat' dir='ltr'>se</span> <span class='ocrx_word' id='word_1_158' title='bbox 1756 1505 1896 1566; x_wconf 82' lang='lat' dir='ltr'>gessit</span> 
     </span>
     <span class='ocr_line' id='line_1_19' title="bbox 198 1577 1895 1645; baseline -0.002 -15"><span class='ocrx_word' id='word_1_159' title='bbox 198 1580 395 1630; x_wconf 88' lang='lat' dir='ltr'>Ecclesia</span> <span class='ocrx_word' id='word_1_160' title='bbox 423 1580 512 1645; x_wconf 82' lang='lat'><strong>(3).</strong></span> <span class='ocrx_word' id='word_1_161' title='bbox 540 1579 725 1628; x_wconf 86' lang='lat' dir='ltr'>Falsum</span> <span class='ocrx_word' id='word_1_162' title='bbox 748 1596 889 1645; x_wconf 89' lang='lat' dir='ltr'>porro</span> <span class='ocrx_word' id='word_1_163' title='bbox 912 1588 983 1627; x_wconf 87' lang='lat' dir='ltr'>est</span> <span class='ocrx_word' id='word_1_164' title='bbox 998 1615 1010 1639; x_wconf 88' lang='lat'>‚</span> <span class='ocrx_word' id='word_1_165' title='bbox 1040 1578 1211 1627; x_wconf 86' lang='lat' dir='ltr'>latinos</span> <span class='ocrx_word' id='word_1_166' title='bbox 1234 1577 1472 1643; x_wconf 76' lang='lat' dir='ltr'>theologos</span> <span class='ocrx_word' id='word_1_167' title='bbox 1489 1580 1639 1630; x_wconf 81' lang='lat' dir='ltr'>veluti</span> <span class='ocrx_word' id='word_1_168' title='bbox 1661 1581 1895 1628; x_wconf 78' lang='lat' dir='ltr'>verbalem</span> 
     </span>
    </p>
   </div>
   <div class='ocr_carea' id='block_1_4' title="bbox 188 1789 1016 3015">
    <p class='ocr_par' dir='ltr' id='par_1_5' title="bbox 192 1789 1016 2301">
     <span class='ocr_line' id='line_1_20' title="bbox 251 1789 1008 1843; baseline -0.001 -14"><span class='ocrx_word' id='word_1_169' title='bbox 251 1790 302 1842; x_wconf 90' lang='lat' dir='ltr'>(l)</span> <span class='ocrx_word' id='word_1_170' title='bbox 334 1791 378 1829; x_wconf 88' lang='lat' dir='ltr'>ln</span> <span class='ocrx_word' id='word_1_171' title='bbox 395 1805 504 1843; x_wconf 88' lang='lat' dir='ltr'>opere</span> <span class='ocrx_word' id='word_1_172' title='bbox 522 1793 583 1830; x_wconf 82' lang='lat' dir='ltr'>cui</span> <span class='ocrx_word' id='word_1_173' title='bbox 605 1789 734 1829; x_wconf 83' lang='lat' dir='ltr'>titulus</span> <span class='ocrx_word' id='word_1_174' title='bbox 752 1802 763 1829; x_wconf 79' lang='lat'>2</span> <span class='ocrx_word' id='word_1_175' title='bbox 780 1791 984 1830; x_wconf 75' lang='lat' dir='ltr'>Moscovz&#39;a</span> <span class='ocrx_word' id='word_1_176' title='bbox 994 1818 1008 1839; x_wconf 90' lang='lat'>,</span> 
     </span>
     <span class='ocr_line' id='line_1_21' title="bbox 194 1854 1011 1909; baseline -0.001 -15"><span class='ocrx_word' id='word_1_177' title='bbox 194 1858 291 1909; x_wconf 82' lang='lat' dir='ltr'>typis</span> <span class='ocrx_word' id='word_1_178' title='bbox 318 1856 582 1895; x_wconf 84' lang='lat' dir='ltr'>Birckmanicis</span> <span class='ocrx_word' id='word_1_179' title='bbox 608 1854 708 1909; x_wconf 84' lang='lat'>1587</span> <span class='ocrx_word' id='word_1_180' title='bbox 725 1886 736 1903; x_wconf 91' lang='lat'>‚</span> <span class='ocrx_word' id='word_1_181' title='bbox 763 1857 804 1894; x_wconf 91' lang='lat' dir='ltr'>in</span> <span class='ocrx_word' id='word_1_182' title='bbox 835 1857 977 1908; x_wconf 86' lang='lat' dir='ltr'>scripto</span> <span class='ocrx_word' id='word_1_183' title='bbox 998 1869 1011 1893; x_wconf 76' lang='grc' dir='ltr'><strong><em>ε</em></strong></span> 
     </span>
     <span class='ocr_line' id='line_1_22' title="bbox 197 1918 1013 1974; baseline -0.001 -16"><span class='ocrx_word' id='word_1_184' title='bbox 197 1921 339 1974; x_wconf 77' lang='lat' dir='ltr'>Capita</span> <span class='ocrx_word' id='word_1_185' title='bbox 358 1951 369 1969; x_wconf 92' lang='lat'><em>‚</em></span> <span class='ocrx_word' id='word_1_186' title='bbox 393 1922 534 1972; x_wconf 72' lang='lat' dir='ltr'>quibus</span> <span class='ocrx_word' id='word_1_187' title='bbox 568 1918 698 1960; x_wconf 78' lang='lat' dir='ltr'>Graeci</span> <span class='ocrx_word' id='word_1_188' title='bbox 729 1926 767 1959; x_wconf 82' lang='lat' dir='ltr'>et</span> <span class='ocrx_word' id='word_1_189' title='bbox 788 1919 961 1958; x_wconf 75' lang='lat' dir='ltr'>Rutheni</span> <span class='ocrx_word' id='word_1_190' title='bbox 988 1933 1013 1957; x_wconf 85' lang='lat' dir='ltr'><strong><em>a</em></strong></span> 
     </span>
     <span class='ocr_line' id='line_1_23' title="bbox 194 1985 1011 2038; baseline 0.001 -14"><span class='ocrx_word' id='word_1_191' title='bbox 194 1985 354 2024; x_wconf 77' lang='lat' dir='ltr'>Latinis</span> <span class='ocrx_word' id='word_1_192' title='bbox 387 1987 432 2024; x_wconf 77' lang='lat' dir='ltr'>in</span> <span class='ocrx_word' id='word_1_193' title='bbox 473 1986 586 2025; x_wconf 82' lang='lat' dir='ltr'>rebus</span> <span class='ocrx_word' id='word_1_194' title='bbox 617 1986 715 2038; x_wconf 82' lang='lat' dir='ltr'>fidei</span> <span class='ocrx_word' id='word_1_195' title='bbox 734 1985 1011 2025; x_wconf 70' lang='lat' dir='ltr'>dissenserunt.</span> 
     </span>
     <span class='ocr_line' id='line_1_24' title="bbox 195 2050 1016 2102; baseline -0.001 -13"><span class='ocrx_word' id='word_1_196' title='bbox 195 2050 289 2090; x_wconf 80' lang='lat' dir='ltr'>Item</span> <span class='ocrx_word' id='word_1_197' title='bbox 316 2065 327 2090; x_wconf 76' lang='grc' dir='ltr'><strong><em>ε</em></strong></span> <span class='ocrx_word' id='word_1_198' title='bbox 353 2051 514 2091; x_wconf 84' lang='lat' dir='ltr'>Errores</span> <span class='ocrx_word' id='word_1_199' title='bbox 539 2052 614 2089; x_wconf 73' lang='lat' dir='ltr'>aliz·</span> <span class='ocrx_word' id='word_1_200' title='bbox 634 2050 923 2096; x_wconf 74' lang='lat' dir='ltr'>Ruthenorum,</span> <span class='ocrx_word' id='word_1_201' title='bbox 945 2052 1016 2102; x_wconf 79' lang='lat' dir='ltr'>qui</span> 
     </span>
     <span class='ocr_line' id='line_1_25' title="bbox 194 2116 1015 2168; baseline -0.002 -13"><span class='ocrx_word' id='word_1_202' title='bbox 194 2116 382 2156; x_wconf 72' lang='lat' dir='ltr'>orientale</span> <span class='ocrx_word' id='word_1_203' title='bbox 408 2116 577 2155; x_wconf 77' lang='lat' dir='ltr'>schisma</span> <span class='ocrx_word' id='word_1_204' title='bbox 610 2117 762 2168; x_wconf 82' lang='lat' dir='ltr'>sequuti</span> <span class='ocrx_word' id='word_1_205' title='bbox 781 2122 892 2163; x_wconf 77' lang='lat' dir='ltr'>sunt,</span> <span class='ocrx_word' id='word_1_206' title='bbox 909 2121 1015 2168; x_wconf 78' lang='lat' dir='ltr'>post-</span> 
     </span>
     <span class='ocr_line' id='line_1_26' title="bbox 195 2181 1014 2235; baseline -0.002 -14"><span class='ocrx_word' id='word_1_207' title='bbox 195 2197 312 2235; x_wconf 82' lang='lat' dir='ltr'>quam</span> <span class='ocrx_word' id='word_1_208' title='bbox 341 2182 476 2222; x_wconf 81' lang='lat' dir='ltr'>Graeci</span> <span class='ocrx_word' id='word_1_209' title='bbox 498 2183 548 2220; x_wconf 87' lang='lat' dir='ltr'>ab</span> <span class='ocrx_word' id='word_1_210' title='bbox 571 2181 750 2222; x_wconf 78' lang='lat' dir='ltr'>Ecclesia</span> <span class='ocrx_word' id='word_1_211' title='bbox 771 2195 848 2219; x_wconf 79' lang='lat' dir='ltr'>sese</span> <span class='ocrx_word' id='word_1_212' title='bbox 872 2181 1014 2234; x_wconf 81' lang='lat' dir='ltr'>praeci-</span> 
     </span>
     <span class='ocr_line' id='line_1_27' title="bbox 192 2246 631 2301; baseline 0 -14"><span class='ocrx_word' id='word_1_213' title='bbox 192 2248 355 2298; x_wconf 76' lang='lat' dir='ltr'>derunt,</span> <span class='ocrx_word' id='word_1_214' title='bbox 375 2261 464 2301; x_wconf 87' lang='lat' dir='ltr'>pag.</span> <span class='ocrx_word' id='word_1_215' title='bbox 489 2246 631 2299; x_wconf 77' lang='grc'><strong>38-46.</strong></span> 
     </span>
    </p>

    <p class='ocr_par' dir='ltr' id='par_1_6' title="bbox 190 2314 1014 2885">
     <span class='ocr_line' id='line_1_28' title="bbox 252 2314 1014 2367; baseline 0 -14"><span class='ocrx_word' id='word_1_216' title='bbox 252 2316 304 2367; x_wconf 79' lang='lat'>(2)</span> <span class='ocrx_word' id='word_1_217' title='bbox 329 2314 410 2354; x_wconf 83' lang='lat' dir='ltr'>Cfr.</span> <span class='ocrx_word' id='word_1_218' title='bbox 426 2315 469 2353; x_wconf 88' lang='lat' dir='ltr'>P.</span> <span class='ocrx_word' id='word_1_219' title='bbox 486 2314 659 2354; x_wconf 81' lang='lat' dir='ltr'>Rozaven</span> <span class='ocrx_word' id='word_1_220' title='bbox 677 2342 689 2363; x_wconf 89' lang='lat'>,</span> <span class='ocrx_word' id='word_1_221' title='bbox 703 2315 744 2352; x_wconf 91' lang='lat' dir='ltr'>in</span> <span class='ocrx_word' id='word_1_222' title='bbox 767 2327 892 2365; x_wconf 86' lang='lat' dir='ltr'>opere,</span> <span class='ocrx_word' id='word_1_223' title='bbox 911 2314 1014 2366; x_wconf 82' lang='lat' dir='ltr'>quod</span> 
     </span>
     <span class='ocr_line' id='line_1_29' title="bbox 197 2379 1012 2433; baseline -0.002 -15"><span class='ocrx_word' id='word_1_224' title='bbox 197 2383 368 2433; x_wconf 89' lang='lat' dir='ltr'>opposuit</span> <span class='ocrx_word' id='word_1_225' title='bbox 401 2380 611 2420; x_wconf 79' lang='lat' dir='ltr'>Alexandro</span> <span class='ocrx_word' id='word_1_226' title='bbox 645 2379 849 2427; x_wconf 79' lang='lat' dir='ltr'>Stourdza,</span> <span class='ocrx_word' id='word_1_227' title='bbox 881 2386 917 2416; x_wconf 87' lang='lat' dir='ltr'>et</span> <span class='ocrx_word' id='word_1_228' title='bbox 953 2381 1012 2417; x_wconf 89' lang='lat' dir='ltr'>in-</span> 
     </span>
     <span class='ocr_line' id='line_1_30' title="bbox 193 2444 1011 2498; baseline 0 -15"><span class='ocrx_word' id='word_1_229' title='bbox 193 2447 337 2497; x_wconf 84' lang='lat' dir='ltr'>scripsit</span> <span class='ocrx_word' id='word_1_230' title='bbox 374 2460 386 2484; x_wconf 82' lang='lat'>:</span> <span class='ocrx_word' id='word_1_231' title='bbox 421 2444 577 2498; x_wconf 74' lang='lat' dir='ltr'>l&#39;quise</span> <span class='ocrx_word' id='word_1_232' title='bbox 602 2444 816 2496; x_wconf 75' lang='lat' dir='ltr'>cacltolique</span> <span class='ocrx_word' id='word_1_233' title='bbox 838 2445 1011 2497; x_wconf 68' lang='lat' dir='ltr'>justifiee</span> 
     </span>
     <span class='ocr_line' id='line_1_31' title="bbox 190 2508 1010 2561; baseline 0.001 -14"><span class='ocrx_word' id='word_1_234' title='bbox 190 2516 320 2548; x_wconf 78' lang='lat' dir='ltr'>contre</span> <span class='ocrx_word' id='word_1_235' title='bbox 350 2509 404 2548; x_wconf 77' lang='lat' dir='ltr'>les</span> <span class='ocrx_word' id='word_1_236' title='bbox 422 2516 593 2561; x_wconf 65' lang='lat' dir='ltr'>antiques</span> <span class='ocrx_word' id='word_1_237' title='bbox 622 2508 716 2546; x_wconf 69' lang='lat' dir='ltr'>d&#39;mz</span> <span class='ocrx_word' id='word_1_238' title='bbox 743 2510 918 2547; x_wconf 68' lang='lat' dir='ltr'>eorivain</span> <span class='ocrx_word' id='word_1_239' title='bbox 940 2511 1010 2561; x_wconf 78' lang='lat' dir='ltr'>qui</span> 
     </span>
     <span class='ocr_line' id='line_1_32' title="bbox 193 2572 1007 2627; baseline 0.002 -15"><span class='ocrx_word' id='word_1_240' title='bbox 193 2588 232 2613; x_wconf 82' lang='lat' dir='ltr'>se</span> <span class='ocrx_word' id='word_1_241' title='bbox 244 2574 301 2612; x_wconf 78' lang='lat' dir='ltr'>dit</span> <span class='ocrx_word' id='word_1_242' title='bbox 310 2574 533 2625; x_wconf 75' lang='lat' dir='ltr'>orthodoxe,</span> <span class='ocrx_word' id='word_1_243' title='bbox 551 2574 656 2627; x_wconf 82' lang='lat' dir='ltr'>Lyon</span> <span class='ocrx_word' id='word_1_244' title='bbox 674 2573 792 2612; x_wconf 78' lang='lat'>1822.</span> <span class='ocrx_word' id='word_1_245' title='bbox 806 2572 884 2613; x_wconf 85' lang='lat' dir='ltr'>Cfr.</span> <span class='ocrx_word' id='word_1_246' title='bbox 898 2577 1007 2614; x_wconf 77' lang='lat' dir='ltr'>etiam</span> 
     </span>
     <span class='ocr_line' id='line_1_33' title="bbox 194 2638 1009 2692; baseline 0.001 -14"><span class='ocrx_word' id='word_1_247' title='bbox 194 2639 366 2692; x_wconf 72' lang='lat' dir='ltr'>Gregoire</span> <span class='ocrx_word' id='word_1_248' title='bbox 382 2669 393 2689; x_wconf 94' lang='lat'>‚</span> <span class='ocrx_word' id='word_1_249' title='bbox 416 2639 595 2678; x_wconf 80' lang='lat' dir='ltr'>Histoire</span> <span class='ocrx_word' id='word_1_250' title='bbox 618 2638 684 2678; x_wconf 81' lang='lat' dir='ltr'>des</span> <span class='ocrx_word' id='word_1_251' title='bbox 693 2646 806 2677; x_wconf 68' lang='lat' dir='ltr'>sectes</span> <span class='ocrx_word' id='word_1_252' title='bbox 831 2639 1009 2692; x_wconf 75' lang='lat' dir='ltr'>reliyie-u-</span> 
     </span>
     <span class='ocr_line' id='line_1_34' title="bbox 195 2703 1005 2758; baseline 0.001 -14"><span class='ocrx_word' id='word_1_253' title='bbox 195 2719 283 2754; x_wconf 73' lang='lat' dir='ltr'>ses,</span> <span class='ocrx_word' id='word_1_254' title='bbox 310 2704 413 2743; x_wconf 86' lang='lat' dir='ltr'>Paris</span> <span class='ocrx_word' id='word_1_255' title='bbox 439 2703 555 2757; x_wconf 81' lang='lat'>1829,</span> <span class='ocrx_word' id='word_1_256' title='bbox 585 2714 678 2744; x_wconf 89' lang='lat' dir='ltr'>tom.</span> <span class='ocrx_word' id='word_1_257' title='bbox 705 2717 769 2752; x_wconf 82' lang='lat' dir='ltr'>lv,</span> <span class='ocrx_word' id='word_1_258' title='bbox 799 2705 907 2758; x_wconf 87' lang='lat' dir='ltr'>chap.</span> <span class='ocrx_word' id='word_1_259' title='bbox 934 2708 1005 2754; x_wconf 86' lang='lat'>13,</span> 
     </span>
     <span class='ocr_line' id='line_1_35' title="bbox 193 2767 1003 2823; baseline 0.001 -15"><span class='ocrx_word' id='word_1_260' title='bbox 193 2769 469 2819; x_wconf 55' lang='lat' dir='ltr'>Racholmbks,</span> <span class='ocrx_word' id='word_1_261' title='bbox 497 2778 532 2808; x_wconf 87' lang='lat' dir='ltr'>et</span> <span class='ocrx_word' id='word_1_262' title='bbox 554 2770 664 2823; x_wconf 82' lang='lat' dir='ltr'>chap.</span> <span class='ocrx_word' id='word_1_263' title='bbox 696 2768 744 2821; x_wconf 73' lang='grc'>14</span> <span class='ocrx_word' id='word_1_264' title='bbox 759 2799 771 2818; x_wconf 88' lang='grc'><em>,</em></span> <span class='ocrx_word' id='word_1_265' title='bbox 797 2767 925 2809; x_wconf 75' lang='lat' dir='ltr'>Seotes</span> <span class='ocrx_word' id='word_1_266' title='bbox 937 2771 1003 2809; x_wconf 70' lang='lat' dir='ltr'>de·</span> 
     </span>
     <span class='ocr_line' id='line_1_36' title="bbox 194 2834 790 2885; baseline 0.003 -13"><span class='ocrx_word' id='word_1_267' title='bbox 194 2836 316 2874; x_wconf 72' lang='lat' dir='ltr'>rivees</span> <span class='ocrx_word' id='word_1_268' title='bbox 335 2834 388 2873; x_wconf 81' lang='lat' dir='ltr'>du</span> <span class='ocrx_word' id='word_1_269' title='bbox 414 2834 692 2885; x_wconf 70' lang='lat' dir='ltr'>Raskolnisme,</span> <span class='ocrx_word' id='word_1_270' title='bbox 718 2843 790 2875; x_wconf 86' lang='lat' dir='ltr'>etc.</span> 
     </span>
    </p>

    <p class='ocr_par' dir='ltr' id='par_1_7' title="bbox 188 2899 1001 3015">
     <span class='ocr_line' id='line_1_37' title="bbox 242 2899 1001 2954; baseline 0.001 -14"><span class='ocrx_word' id='word_1_271' title='bbox 242 2900 297 2951; x_wconf 85' lang='lat'>(3)</span> <span class='ocrx_word' id='word_1_272' title='bbox 319 2899 521 2954; x_wconf 81' lang='lat' dir='ltr'>Nunquam</span> <span class='ocrx_word' id='word_1_273' title='bbox 540 2903 640 2940; x_wconf 88' lang='lat' dir='ltr'>enim</span> <span class='ocrx_word' id='word_1_274' title='bbox 656 2931 667 2950; x_wconf 88' lang='lat'><strong>,</strong></span> <span class='ocrx_word' id='word_1_275' title='bbox 692 2909 733 2940; x_wconf 86' lang='lat' dir='ltr'>ut</span> <span class='ocrx_word' id='word_1_276' title='bbox 763 2903 893 2953; x_wconf 81' lang='lat' dir='ltr'>saepius</span> <span class='ocrx_word' id='word_1_277' title='bbox 911 2902 1001 2941; x_wconf 83' lang='lat' dir='ltr'>alias</span> 
     </span>
     <span class='ocr_line' id='line_1_38' title="bbox 188 2967 993 3015; baseline 0.002 -9"><span class='ocrx_word' id='word_1_278' title='bbox 188 2967 513 3008; x_wconf 76' lang='lat' dir='ltr'>animadvertimus</span> <span class='ocrx_word' id='word_1_279' title='bbox 522 2999 537 3015; x_wconf 94' lang='lat'><em>,</em></span> <span class='ocrx_word' id='word_1_280' title='bbox 556 2967 718 3007; x_wconf 79' lang='lat' dir='ltr'>Ecclesia</span> <span class='ocrx_word' id='word_1_281' title='bbox 729 2970 916 3007; x_wconf 86' lang='lat' dir='ltr'>consuevit</span> <span class='ocrx_word' id='word_1_282' title='bbox 928 2968 993 3008; x_wconf 84' lang='lat' dir='ltr'>de-</span> 
     </span>
    </p>
   </div>
   <div class='ocr_carea' id='block_1_5' title="bbox 1071 1791 1899 2956">
    <p class='ocr_par' dir='ltr' id='par_1_8' title="bbox 1071 1791 1899 2956">
     <span class='ocr_line' id='line_1_39' title="bbox 1083 1791 1899 1844; baseline 0.002 -16"><span class='ocrx_word' id='word_1_283' title='bbox 1083 1791 1287 1841; x_wconf 86' lang='lat' dir='ltr'>adductos,</span> <span class='ocrx_word' id='word_1_284' title='bbox 1317 1800 1380 1830; x_wconf 87' lang='lat' dir='ltr'>aut</span> <span class='ocrx_word' id='word_1_285' title='bbox 1414 1793 1647 1844; x_wconf 82' lang='lat' dir='ltr'>impugnatos</span> <span class='ocrx_word' id='word_1_286' title='bbox 1668 1806 1688 1831; x_wconf 85' lang='lat' dir='ltr'>a</span> <span class='ocrx_word' id='word_1_287' title='bbox 1714 1795 1899 1832; x_wconf 78' lang='lat' dir='ltr'>novatori-</span> 
     </span>
     <span class='ocr_line' id='line_1_40' title="bbox 1081 1855 1898 1905; baseline 0.004 -12"><span class='ocrx_word' id='word_1_288' title='bbox 1081 1855 1166 1894; x_wconf 87' lang='lat' dir='ltr'>bus.</span> <span class='ocrx_word' id='word_1_289' title='bbox 1193 1855 1296 1895; x_wconf 86' lang='lat' dir='ltr'>Licet</span> <span class='ocrx_word' id='word_1_290' title='bbox 1320 1871 1405 1895; x_wconf 86' lang='lat' dir='ltr'>vero</span> <span class='ocrx_word' id='word_1_291' title='bbox 1439 1856 1615 1905; x_wconf 83' lang='lat' dir='ltr'>Photius‚</span> <span class='ocrx_word' id='word_1_292' title='bbox 1643 1858 1799 1896; x_wconf 87' lang='lat' dir='ltr'>aliorum</span> <span class='ocrx_word' id='word_1_293' title='bbox 1824 1858 1898 1897; x_wconf 82' lang='lat' dir='ltr'>hae-</span> 
     </span>
     <span class='ocr_line' id='line_1_41' title="bbox 1081 1922 1899 1975; baseline 0.006 -18"><span class='ocrx_word' id='word_1_294' title='bbox 1081 1922 1278 1959; x_wconf 84' lang='lat' dir='ltr'>reticorum</span> <span class='ocrx_word' id='word_1_295' title='bbox 1301 1935 1498 1973; x_wconf 69' lang='lat' dir='ltr'>graecorum</span> <span class='ocrx_word' id='word_1_296' title='bbox 1531 1923 1727 1975; x_wconf 84' lang='lat' dir='ltr'>exemplo,</span> <span class='ocrx_word' id='word_1_297' title='bbox 1754 1931 1791 1961; x_wconf 85' lang='lat' dir='ltr'>et</span> <span class='ocrx_word' id='word_1_298' title='bbox 1821 1925 1899 1975; x_wconf 87' lang='lat' dir='ltr'>ipse</span> 
     </span>
     <span class='ocr_line' id='line_1_42' title="bbox 1080 1987 1898 2040; baseline 0.006 -18"><span class='ocrx_word' id='word_1_299' title='bbox 1080 1987 1238 2037; x_wconf 76' lang='lat' dir='ltr'>attigerit</span> <span class='ocrx_word' id='word_1_300' title='bbox 1251 1989 1496 2036; x_wconf 75' lang='lat' dir='ltr'>quaestionem</span> <span class='ocrx_word' id='word_1_301' title='bbox 1511 1988 1557 2027; x_wconf 88' lang='lat' dir='ltr'>de</span> <span class='ocrx_word' id='word_1_302' title='bbox 1575 1991 1807 2040; x_wconf 86' lang='lat' dir='ltr'>processione</span> <span class='ocrx_word' id='word_1_303' title='bbox 1817 1988 1898 2040; x_wconf 88' lang='lat' dir='ltr'>Spi-</span> 
     </span>
     <span class='ocr_line' id='line_1_43' title="bbox 1080 2051 1898 2100; baseline 0.006 -12"><span class='ocrx_word' id='word_1_304' title='bbox 1080 2052 1173 2089; x_wconf 81' lang='lat' dir='ltr'>ritus</span> <span class='ocrx_word' id='word_1_305' title='bbox 1197 2051 1346 2100; x_wconf 82' lang='lat' dir='ltr'>Sancti,</span> <span class='ocrx_word' id='word_1_306' title='bbox 1373 2066 1461 2091; x_wconf 86' lang='lat' dir='ltr'>cum</span> <span class='ocrx_word' id='word_1_307' title='bbox 1471 2062 1597 2092; x_wconf 83' lang='lat' dir='ltr'>tamen</span> <span class='ocrx_word' id='word_1_308' title='bbox 1622 2055 1784 2093; x_wconf 86' lang='lat' dir='ltr'>Ecclesia</span> <span class='ocrx_word' id='word_1_309' title='bbox 1805 2059 1898 2093; x_wconf 80' lang='lat' dir='ltr'>tunc</span> 
     </span>
     <span class='ocr_line' id='line_1_44' title="bbox 1080 2118 1898 2169; baseline 0.004 -15"><span class='ocrx_word' id='word_1_310' title='bbox 1080 2119 1253 2169; x_wconf 80' lang='lat' dir='ltr'>temporis</span> <span class='ocrx_word' id='word_1_311' title='bbox 1276 2119 1457 2169; x_wconf 82' lang='lat' dir='ltr'>praecipue</span> <span class='ocrx_word' id='word_1_312' title='bbox 1477 2118 1708 2158; x_wconf 84' lang='lat' dir='ltr'>adlaboraret</span> <span class='ocrx_word' id='word_1_313' title='bbox 1730 2120 1769 2157; x_wconf 86' lang='lat' dir='ltr'>in</span> <span class='ocrx_word' id='word_1_314' title='bbox 1790 2118 1898 2157; x_wconf 83' lang='lat' dir='ltr'>flam-</span> 
     </span>
     <span class='ocr_line' id='line_1_45' title="bbox 1081 2183 1895 2236; baseline 0.004 -17"><span class='ocrx_word' id='word_1_315' title='bbox 1081 2183 1151 2219; x_wconf 87' lang='lat' dir='ltr'>mis</span> <span class='ocrx_word' id='word_1_316' title='bbox 1173 2184 1399 2234; x_wconf 84' lang='lat' dir='ltr'>erumpentis</span> <span class='ocrx_word' id='word_1_317' title='bbox 1431 2183 1637 2222; x_wconf 82' lang='lat' dir='ltr'>schismatis</span> <span class='ocrx_word' id='word_1_318' title='bbox 1676 2187 1895 2236; x_wconf 81' lang='lat' dir='ltr'>extinguen-</span> 
     </span>
     <span class='ocr_line' id='line_1_46' title="bbox 1081 2246 1893 2298; baseline 0.005 -14"><span class='ocrx_word' id='word_1_319' title='bbox 1081 2246 1136 2285; x_wconf 87' lang='lat' dir='ltr'>dis</span> <span class='ocrx_word' id='word_1_320' title='bbox 1152 2275 1164 2294; x_wconf 88' lang='lat'><em>‚</em></span> <span class='ocrx_word' id='word_1_321' title='bbox 1188 2249 1248 2286; x_wconf 83' lang='lat' dir='ltr'>vix</span> <span class='ocrx_word' id='word_1_322' title='bbox 1273 2247 1319 2286; x_wconf 85' lang='lat' dir='ltr'>de</span> <span class='ocrx_word' id='word_1_323' title='bbox 1339 2248 1402 2286; x_wconf 86' lang='lat' dir='ltr'>illa</span> <span class='ocrx_word' id='word_1_324' title='bbox 1423 2256 1548 2286; x_wconf 89' lang='lat' dir='ltr'>actum</span> <span class='ocrx_word' id='word_1_325' title='bbox 1577 2254 1660 2298; x_wconf 80' lang='lat' dir='ltr'>est3</span> <span class='ocrx_word' id='word_1_326' title='bbox 1692 2263 1779 2288; x_wconf 87' lang='lat' dir='ltr'>cum</span> <span class='ocrx_word' id='word_1_327' title='bbox 1809 2263 1893 2288; x_wconf 90' lang='lat' dir='ltr'>vero</span> 
     </span>
     <span class='ocr_line' id='line_1_47' title="bbox 1080 2312 1893 2368; baseline 0.005 -19"><span class='ocrx_word' id='word_1_328' title='bbox 1080 2312 1238 2351; x_wconf 84' lang='lat' dir='ltr'>schisma</span> <span class='ocrx_word' id='word_1_329' title='bbox 1260 2315 1332 2352; x_wconf 85' lang='lat' dir='ltr'>cito</span> <span class='ocrx_word' id='word_1_330' title='bbox 1361 2313 1547 2352; x_wconf 77' lang='lat' dir='ltr'>sublatum</span> <span class='ocrx_word' id='word_1_331' title='bbox 1574 2314 1713 2363; x_wconf 82' lang='lat' dir='ltr'>fuerit,</span> <span class='ocrx_word' id='word_1_332' title='bbox 1748 2328 1893 2368; x_wconf 81' lang='lat' dir='ltr'>paxque</span> 
     </span>
     <span class='ocr_line' id='line_1_48' title="bbox 1078 2378 1890 2431; baseline 0.005 -15"><span class='ocrx_word' id='word_1_333' title='bbox 1078 2380 1263 2431; x_wconf 85' lang='lat' dir='ltr'>quiesque</span> <span class='ocrx_word' id='word_1_334' title='bbox 1286 2382 1326 2418; x_wconf 89' lang='lat' dir='ltr'>in</span> <span class='ocrx_word' id='word_1_335' title='bbox 1350 2388 1508 2431; x_wconf 80' lang='lat' dir='ltr'>utraque</span> <span class='ocrx_word' id='word_1_336' title='bbox 1522 2378 1687 2419; x_wconf 88' lang='lat' dir='ltr'>Ecclesia</span> <span class='ocrx_word' id='word_1_337' title='bbox 1710 2383 1890 2429; x_wconf 85' lang='lat' dir='ltr'>restituta,</span> 
     </span>
     <span class='ocr_line' id='line_1_49' title="bbox 1077 2443 1888 2494; baseline 0.004 -12"><span class='ocrx_word' id='word_1_338' title='bbox 1077 2443 1196 2482; x_wconf 81' lang='lat' dir='ltr'>altum</span> <span class='ocrx_word' id='word_1_339' title='bbox 1214 2444 1283 2483; x_wconf 75' lang='lat' dir='ltr'>fuit</span> <span class='ocrx_word' id='word_1_340' title='bbox 1296 2444 1342 2483; x_wconf 86' lang='lat' dir='ltr'>de</span> <span class='ocrx_word' id='word_1_341' title='bbox 1360 2459 1402 2483; x_wconf 85' lang='lat' dir='ltr'>ea</span> <span class='ocrx_word' id='word_1_342' title='bbox 1423 2447 1667 2485; x_wconf 85' lang='lat' dir='ltr'>controversia</span> <span class='ocrx_word' id='word_1_343' title='bbox 1685 2446 1888 2494; x_wconf 86' lang='lat' dir='ltr'>silentium,</span> 
     </span>
     <span class='ocr_line' id='line_1_50' title="bbox 1076 2508 1889 2563; baseline 0.001 -15"><span class='ocrx_word' id='word_1_344' title='bbox 1076 2509 1196 2548; x_wconf 87' lang='lat' dir='ltr'>donec</span> <span class='ocrx_word' id='word_1_345' title='bbox 1218 2523 1329 2563; x_wconf 85' lang='lat' dir='ltr'>opera</span> <span class='ocrx_word' id='word_1_346' title='bbox 1354 2510 1486 2549; x_wconf 87' lang='lat' dir='ltr'>nefarii</span> <span class='ocrx_word' id='word_1_347' title='bbox 1507 2510 1696 2550; x_wconf 83' lang='lat' dir='ltr'>Michaelis</span> <span class='ocrx_word' id='word_1_348' title='bbox 1713 2508 1889 2551; x_wconf 79' lang='lat' dir='ltr'>Cei-ularii</span> 
     </span>
     <span class='ocr_line' id='line_1_51' title="bbox 1074 2576 1888 2629; baseline 0 -16"><span class='ocrx_word' id='word_1_349' title='bbox 1074 2577 1264 2614; x_wconf 82' lang='lat' dir='ltr'>recruduit</span> <span class='ocrx_word' id='word_1_350' title='bbox 1287 2576 1445 2615; x_wconf 85' lang='lat' dir='ltr'>schisma</span> <span class='ocrx_word' id='word_1_351' title='bbox 1459 2605 1471 2625; x_wconf 92' lang='lat'>,</span> <span class='ocrx_word' id='word_1_352' title='bbox 1491 2577 1594 2629; x_wconf 87' lang='lat' dir='ltr'>quod</span> <span class='ocrx_word' id='word_1_353' title='bbox 1613 2585 1655 2615; x_wconf 87' lang='lat' dir='ltr'>ut</span> <span class='ocrx_word' id='word_1_354' title='bbox 1674 2577 1736 2615; x_wconf 86' lang='lat' dir='ltr'>ille</span> <span class='ocrx_word' id='word_1_355' title='bbox 1755 2589 1888 2615; x_wconf 90' lang='lat' dir='ltr'>conso-</span> 
     </span>
     <span class='ocr_line' id='line_1_52' title="bbox 1074 2640 1888 2695; baseline 0 -16"><span class='ocrx_word' id='word_1_356' title='bbox 1074 2641 1229 2690; x_wconf 87' lang='lat' dir='ltr'>lidaret,</span> <span class='ocrx_word' id='word_1_357' title='bbox 1269 2644 1365 2680; x_wconf 86' lang='lat' dir='ltr'>inter</span> <span class='ocrx_word' id='word_1_358' title='bbox 1404 2650 1523 2682; x_wconf 84' lang='lat' dir='ltr'>cetera</span> <span class='ocrx_word' id='word_1_359' title='bbox 1538 2672 1549 2690; x_wconf 91' lang='lat'>‚</span> <span class='ocrx_word' id='word_1_360' title='bbox 1582 2654 1664 2695; x_wconf 85' lang='lat' dir='ltr'>quae</span> <span class='ocrx_word' id='word_1_361' title='bbox 1694 2640 1888 2691; x_wconf 84' lang='lat' dir='ltr'>objiciebat</span> 
     </span>
     <span class='ocr_line' id='line_1_53' title="bbox 1074 2705 1885 2755; baseline -0.001 -11"><span class='ocrx_word' id='word_1_362' title='bbox 1074 2706 1241 2746; x_wconf 76' lang='lat' dir='ltr'>Ecclesiae</span> <span class='ocrx_word' id='word_1_363' title='bbox 1255 2721 1413 2746; x_wconf 84' lang='lat' dir='ltr'>romanae</span> <span class='ocrx_word' id='word_1_364' title='bbox 1431 2737 1441 2755; x_wconf 89' lang='lat'>‚</span> <span class='ocrx_word' id='word_1_365' title='bbox 1463 2716 1497 2746; x_wconf 87' lang='lat' dir='ltr'>et</span> <span class='ocrx_word' id='word_1_366' title='bbox 1510 2708 1611 2746; x_wconf 87' lang='lat' dir='ltr'>hunc</span> <span class='ocrx_word' id='word_1_367' title='bbox 1630 2705 1828 2745; x_wconf 81' lang='lat' dir='ltr'>articulum</span> <span class='ocrx_word' id='word_1_368' title='bbox 1846 2707 1885 2744; x_wconf 86' lang='lat' dir='ltr'>in</span> 
     </span>
     <span class='ocr_line' id='line_1_54' title="bbox 1072 2769 1886 2824; baseline 0.001 -16"><span class='ocrx_word' id='word_1_369' title='bbox 1072 2771 1241 2810; x_wconf 86' lang='lat' dir='ltr'>medium</span> <span class='ocrx_word' id='word_1_370' title='bbox 1265 2771 1450 2820; x_wconf 82' lang='lat' dir='ltr'>adduxit;</span> <span class='ocrx_word' id='word_1_371' title='bbox 1482 2777 1699 2824; x_wconf 81' lang='lat' dir='ltr'>quapropter</span> <span class='ocrx_word' id='word_1_372' title='bbox 1722 2769 1886 2810; x_wconf 84' lang='lat' dir='ltr'>Ecclesia</span> 
     </span>
     <span class='ocr_line' id='line_1_55' title="bbox 1071 2833 1878 2877; baseline -0.001 -1"><span class='ocrx_word' id='word_1_373' title='bbox 1071 2837 1241 2877; x_wconf 86' lang='lat' dir='ltr'>Concilio</span> <span class='ocrx_word' id='word_1_374' title='bbox 1267 2838 1421 2877; x_wconf 80' lang='lat' dir='ltr'>Bai-ensi</span> <span class='ocrx_word' id='word_1_375' title='bbox 1444 2836 1552 2875; x_wconf 88' lang='lat' dir='ltr'>illum</span> <span class='ocrx_word' id='word_1_376' title='bbox 1578 2833 1751 2874; x_wconf 86' lang='lat' dir='ltr'>discussit</span> <span class='ocrx_word' id='word_1_377' title='bbox 1771 2841 1808 2875; x_wconf 85' lang='lat' dir='ltr'>et</span> <span class='ocrx_word' id='word_1_378' title='bbox 1821 2851 1878 2875; x_wconf 87' lang='lat' dir='ltr'>as-</span> 
     </span>
     <span class='ocr_line' id='line_1_56' title="bbox 1072 2901 1881 2956; baseline 0 -16"><span class='ocrx_word' id='word_1_379' title='bbox 1072 2902 1213 2954; x_wconf 77' lang='lat' dir='ltr'>seruit3</span> <span class='ocrx_word' id='word_1_380' title='bbox 1231 2903 1332 2956; x_wconf 89' lang='lat' dir='ltr'>quod</span> <span class='ocrx_word' id='word_1_381' title='bbox 1344 2905 1477 2940; x_wconf 87' lang='lat' dir='ltr'>iterum</span> <span class='ocrx_word' id='word_1_382' title='bbox 1490 2901 1629 2939; x_wconf 83' lang='lat' dir='ltr'>factum</span> <span class='ocrx_word' id='word_1_383' title='bbox 1643 2903 1748 2939; x_wconf 87' lang='lat' dir='ltr'>estin</span> <span class='ocrx_word' id='word_1_384' title='bbox 1764 2901 1881 2940; x_wconf 76' lang='lat' dir='ltr'>Conc-</span> 
     </span>
    </p>
   </div>
   <div class='ocr_carea' id='block_1_6' title="bbox 1058 2964 1882 3019">
    <p class='ocr_par' dir='ltr' id='par_1_9' title="bbox 1058 2964 1882 3019">
     <span class='ocr_line' id='line_1_57' title="bbox 1058 2964 1882 3019; baseline 0 -14"><span class='ocrx_word' id='word_1_385' title='bbox 1058 2965 1298 3019; x_wconf 82' lang='lat' dir='ltr'>Lugdunensi</span> <span class='ocrx_word' id='word_1_386' title='bbox 1311 2975 1346 3006; x_wconf 86' lang='lat' dir='ltr'>et</span> <span class='ocrx_word' id='word_1_387' title='bbox 1362 2964 1591 3012; x_wconf 83' lang='lat' dir='ltr'>Florentino,</span> <span class='ocrx_word' id='word_1_388' title='bbox 1609 2965 1735 3017; x_wconf 79' lang='lat' dir='ltr'>graecis</span> <span class='ocrx_word' id='word_1_389' title='bbox 1748 2966 1882 3006; x_wconf 82' lang='lat' dir='ltr'>itidem</span> 
     </span>
    </p>
   </div>
   <div class='ocr_carea' id='block_1_7' title="bbox 186 3030 1810 3084">
    <p class='ocr_par' dir='ltr' id='par_1_10' title="bbox 186 3030 1810 3084">
     <span class='ocr_line' id='line_1_58' title="bbox 186 3030 1810 3084; baseline 0 -14"><span class='ocrx_word' id='word_1_390' title='bbox 186 3032 294 3072; x_wconf 84' lang='lat' dir='ltr'>finire</span> <span class='ocrx_word' id='word_1_391' title='bbox 329 3034 400 3072; x_wconf 85' lang='lat' dir='ltr'>nisi</span> <span class='ocrx_word' id='word_1_392' title='bbox 434 3033 605 3072; x_wconf 87' lang='lat' dir='ltr'>articulos</span> <span class='ocrx_word' id='word_1_393' title='bbox 639 3034 678 3071; x_wconf 90' lang='lat' dir='ltr'>in</span> <span class='ocrx_word' id='word_1_394' title='bbox 706 3036 990 3073; x_wconf 78' lang='lat' dir='ltr'>controversiam</span> <span class='ocrx_word' id='word_1_395' title='bbox 1059 3040 1093 3071; x_wconf 83' lang='lat' dir='ltr'>et</span> <span class='ocrx_word' id='word_1_396' title='bbox 1115 3031 1244 3071; x_wconf 78' lang='lat' dir='ltr'>latinis</span> <span class='ocrx_word' id='word_1_397' title='bbox 1267 3030 1489 3084; x_wconf 69' lang='lat' dir='ltr'>praesulibus</span> <span class='ocrx_word' id='word_1_398' title='bbox 1512 3031 1810 3071; x_wconf 83' lang='lat' dir='ltr'>assentientibus.</span> 
     </span>
    </p>
   </div>
  </div>
 </body>
</html>
