2028 3354
393 204 519 237 PART.
558 206 591 236 1.
629 205 727 236 GAP.
766 207 819 235 11.
858 206 913 237 DE
945 205 1117 236 CHRISTI
1154 206 1274 237 Ech.
1310 207 1504 238 CONS'HT·
1728 192 1789 240 49

108 320 290 385 inquit,
334 324 478 381 etiem
519 322 748 367 nesciente
783 320 999 367 Ecclesia
1023 330 1223 384 propter
1260 327 1440 369 malam
1471 324 1793 386 pollutamque

107 400 443 444 conscientiam
478 396 705 443 damnati
730 414 762 443 a
793 397 1005 452 Christo,
1024 400 1140 459 jam
1169 399 1226 443 in
1256 414 1449 461 corpore
1482 398 1664 445 Christi
1696 416 1791 447 non

109 483 246 528 sunt,
279 474 407 535 quod
433 481 498 519 est
527 474 771 529 Ecclesia,
805 476 1038 535 quoniam
1070 490 1166 520 non
1188 481 1342 535 potest
1371 472 1588 520 Christus
1621 474 1794 522 habere

108 551 324 596 membra
343 551 575 596 damnata
596 549 683 614 (1).
711 549 764 595 70
785 549 903 595 Sane
924 548 963 595 si
985 547 1179 594 Ecclesia
1204 556 1272 594 est
1297 564 1461 611 corpus
1483 549 1642 597 vivum
1658 586 1670 609 7
1696 546 1793 597 non

109 633 261 690 potest
291 624 462 672 habere
485 625 694 672 membia
717 633 929 682 mortua,
965 638 1067 687 quae
1095 622 1286 668 nonnisi
1309 622 1566 687 improprie
1589 627 1793 691 corporis

108 700 578 748 metnblavocantui.
612 702 740 766 Ergo.
915 742 922 751 ,

174 778 252 823 83.
292 780 429 841 Resp
460 778 579 840 Neq.
604 784 705 822 ant.
733 774 802 821 Ad
825 775 887 820 1ῐῘι
904 809 917 833 ,
953 772 1089 838 prob.
1113 775 1240 820 Dzst.
1267 775 1354 821 Per
1371 775 1714 840 oppositionem
1734 780 1795 827 ad

106 854 364 918 temporale
391 853 539 900 foedus
562 852 684 897 inter
710 852 860 896 Deum
881 859 927 897 et
953 849 1181 897 Israelitas
1201 850 1402 910 initum
1438 869 1565 899 conc.
1582 869 1599 907 ,·
1629 853 1689 900 ad
1712 871 1795 901 ex-

106 928 360 976 clusionem
389 927 593 975 Ecclesiae
619 924 809 973 visibilis
826 963 838 986 Ἴ
862 944 964 990 negs.
987 927 1166 991 Nempe
1194 926 1464 974 antithesim
1490 927 1564 975 hic
1593 929 1796 977 instituit

108 1004 351 1069 Apostolus
365 1005 483 1050 inter
499 1001 711 1060 modum,
726 1019 818 1066 quo
829 1003 1000 1049 initum
1019 1003 1225 1066 primum
1242 1003 1395 1052 foedus
1409 1013 1495 1064 est,
1512 1014 1559 1052 et
1578 1006 1793 1067 modum,

108 1097 200 1144 quo
226 1081 394 1126 initum
425 1096 601 1125 novum
623 1099 634 1137 ς
660 1078 784 1126 inter
810 1080 1038 1144 promissa
1055 1115 1066 1137 ‚
1099 1095 1200 1144 quae
1227 1080 1276 1126 in
1310 1079 1391 1126 illo
1426 1080 1545 1128 facta
1579 1090 1717 1142 sunt,
1748 1091 1797 1130 et

111 1154 451 1219 promissiones,
467 1170 569 1218 quae
582 1154 713 1202 factae
725 1164 836 1201 sunt
853 1156 905 1201 in
924 1172 1047 1202 novo
1064 1174 1076 1212 ς
1094 1155 1218 1202 inter
1235 1156 1527 1218 sanguinem,
1548 1174 1641 1222 quo
1660 1166 1798 1206 vetus

104 1229 330 1276 'sancitum
345 1239 414 1277 est
428 1265 441 1290 ‚
467 1239 513 1277 et
527 1231 817 1293 sanguinem,
838 1249 931 1296 quo
952 1231 1181 1278 sancitum
1201 1240 1270 1278 est
1292 1249 1497 1291 novum3
1517 1233 1640 1280 inter
1659 1234 1798 1298 spiri-

105 1315 209 1353 tum
243 1307 410 1354 veteris
458 1315 505 1354 et
538 1307 753 1372 spiritum
785 1325 917 1356 novae
951 1308 1080 1370 legis.
1121 1307 1295 1355 Initum
1324 1309 1451 1355 enim
1489 1318 1559 1356 est
1588 1310 1799 1375 primum

105 1382 256 1429 foedus
288 1400 394 1429 cum
435 1384 622 1430 terroris
668 1393 925 1449 apparatu,
959 1400 1087 1432 secus
1131 1401 1182 1431 ac
1223 1384 1398 1431 factum
1434 1386 1522 1432 fuit
1561 1386 1611 1433 in
1642 1404 1794 1447 nov-03

104 1459 429 1523 promissiones
471 1460 593 1506 illius
631 1460 821 1508 foederis
858 1469 994 1507 erant
1031 1460 1309 1524 temporales
1331 1497 1344 1520 7
1383 1461 1644 1526 spirituales
1687 1480 1797 1511 vero

105 1536 431 1600 promissiones
457 1537 569 1584 novi
588 1572 600 1594 ,
632 1545 680 1582 et
703 1545 912 1598 aeternae3
944 1536 1173 1582 sancitum
1199 1535 1315 1582 illud
1339 1545 1409 1583 est
1431 1538 1654 1600 sanguine
1678 1537 1798 1585 bru-

107 1619 261 1657 torum
280 1646 293 1666 ,
320 1612 549 1658 sancitum
572 1629 682 1661 vero
702 1611 790 1658 hoc
809 1612 1032 1675 sanguine
1052 1611 1151 1674 ipso
1167 1611 1281 1659 novi
1299 1611 1566 1659 mediatoris
1587 1648 1599 1671 ,
1623 1612 1797 1661 Christi

105 1686 324 1749 Domini3
364 1688 552 1752 spiritus
592 1687 761 1735 veteris
799 1685 1070 1734 testamenti
1104 1695 1203 1732 erat
1234 1686 1411 1733 timoris
1449 1696 1497 1734 et
1526 1688 1794 1748 minarum,

107 1762 294 1827 spiritus
313 1763 423 1811 novi
444 1772 514 1809 est
534 1762 721 1827 spiritus
741 1762 909 1827 amoris
926 1798 938 1821 ‚
958 1778 1039 1809 seu
1057 1761 1318 1827 adoptionis
1340 1772 1387 1809 et
1407 1764 1575 1826 gratiae.
1592 1764 1664 1811 Ad
1679 1764 1797 1813 illud

106 1848 395 1886 accesserunt
428 1838 613 1886 Hebraei
636 1838 865 1904 corporeis
889 1838 1118 1901 vestigiis,
1141 1838 1201 1885 ad
1217 1839 1344 1885 istud
1365 1839 1613 1887 Christiani
1638 1858 1794 1890 acces—

104 1924 298 1972 serunt„
324 1925 371 1962 et
385 1914 609 1962 accedunt
629 1933 713 1980 pei
733 1914 904 1974 fidem
933 1931 1024 1980 qua
1041 1923 1264 1979 praeterea
1280 1915 1502 1963 anhelant
1515 1916 1574 1963 ad
1593 1918 1796 1982 patriam

108 1991 374 2051 coelestem,
397 1991 456 2038 ad
474 1992 757 2039 consortium
783 1990 1053 2055 angelorum
1090 1999 1137 2038 et
1168 1983 1416 2040 Ecclesiam
1446 1993 1796 2058 primitivorum

107 2067 481 2132 descriptorum
468 2086 517 2114 1n
545 2068 727 2116 coelis
717 2068 785 2130 ³)

174 2144 251 2192 84.
288 2144 359 2192 Ad
392 2146 459 2190 2¹¹³
480 2182 492 2205 ,
518 2147 643 2192 Dist.
683 2144 736 2191 Id
754 2153 850 2200 est,
883 2152 1164 2191 concurrunt
1182 2143 1339 2193 fideles
1369 2153 1422 2192 ut
1447 2145 1624 2211 lapides
1658 2147 1797 2211 spiri-

110 2219 254 2268 tuales
273 2222 331 2268 ad
355 2221 595 2287 spirituale
613 2220 857 2269 aedificium
871 2257 884 2279 ,
905 2238 986 2268 seu
1003 2238 1099 2266 non
1116 2221 1380 2282 materiale,
1406 2222 1488 2270 sed
1510 2223 1795 2288 metaphori-

167 2392 221 2444 (1)
244 2393 384 2434 Contra
399 2395 578 2444 Crescon.
593 2395 660 2434 lib.
678 2408 705 2434 n
724 2425 734 2444 ,
756 2409 838 2447 cap.
853 2407 920 2433 αι.

165 2458 219 2510 (2)
241 2457 319 2498 Cfr.
338 2462 377 2498 in
393 2462 464 2499 hoc
494 2463 747 2500 testimonium
769 2461 891 2499 Estius
909 2490 920 2508 ‚

990 2403 1050 2433 tui·
1062 2421 1076 2443 ‚
1091 2394 1282 2447 allegorice
1297 2402 1401 2433 vetus
1412 2402 1671 2434 testamentum
1685 2398 1796 2448 signi-

989 2460 1075 2499 ficat
1098 2463 1252 2513 ejusque
1277 2459 1401 2511 filios3
1427 2463 1476 2499 ita
1510 2475 1617 2499 mons
1650 2460 1741 2500 Sion
1760 2471 1796 2501 et

115 2524 184 2576 qui
212 2531 246 2561 et
269 2524 330 2563 hic
359 2524 543 2576 observat,
571 2527 769 2565 nonnullos
807 2528 922 2565 inter·

116 2590 250 2641 pretari
274 2597 435 2628 montem
449 2589 538 2629 Sion
555 2589 602 2630 de
614 2591 774 2630 Ecclesia
796 2593 922 2630 trium·

119 2654 256 2706 phante
275 2671 284 2705 ;
309 2657 453 2706 astipse
462 2663 605 2704 censet,
625 2656 760 2695 rectius
774 2657 821 2695 ab
836 2656 919 2695 aliis

118 2721 271 2773 intelligi
285 2721 332 2760 de
355 2720 517 2760 Ecclesia
536 2751 547 2769 ‚
563 2729 745 2774 quatenus
757 2721 918 2760 militan-

118 2792 193 2824 tem
228 2786 340 2826 simul
374 2795 409 2826 et
444 2787 732 2839 triumphantem
754 2800 922 2839 compre-

119 2849 263 2892 hendit.
290 2852 387 2891 Nam
417 2853 634 2892 militantem
675 2851 819 2891 excludi
844 2865 921 2892 non

120 2919 299 2967 permittit
320 2919 510 2958 antithesis
531 2920 625 2957 inter
660 2917 735 2956 duo
758 2916 921 2957 membra

121 2985 417 3034 comparationis.
432 2983 520 3024 Sina
534 3012 547 3035 ,
575 2991 616 3023 ut
636 2984 713 3036 ipse
729 2984 919 3036 prosequi-

189 3047 241 3094 T.
281 3048 398 3096 VIII.

989 2525 1245 2575 Hierusalem,
1267 2541 1380 2579 quam
1415 2528 1591 2565 continuo
1627 2528 1797 2566 nominat

989 2589 1183 2642 Apostolus
1198 2621 1209 2640 ,
1236 2593 1542 2644 significationem
1567 2592 1678 2630 habet
1709 2595 1796 2631 novi

988 2659 1193 2696 testamenti
1217 2665 1254 2697 et
1282 2656 1448 2697 filiorum
1471 2660 1550 2711 ejus
1565 2686 1577 2706 ,
1598 2666 1639 2696 ut
1665 2657 1796 2708 legitur

989 2720 1105 2762 Galat.
1134 2731 1188 2764 ἰν.
1214 2722 1339 2776 Hujus
1358 2731 1483 2763 autem
1505 2725 1713 2763 testamenti
1726 2723 1796 2761 filii

989 2788 1121 2840 partim
1145 2788 1309 2828 militant
1337 2790 1378 2827 in
1402 2790 1505 2829 terris
1525 2818 1537 2837 ,
1555 2790 1689 2841 partim
1711 2802 1796 2840 reg-

986 2860 1076 2891 nant
1097 2854 1137 2892 in
1154 2855 1267 2893 eoelis.
1292 2853 1397 2893 Hanc
1433 2854 1598 2894 eamdem
1618 2856 1796 2906 interpre-

987 2919 1163 2959 tationem
1187 2919 1289 2961 dedit
1308 2918 1502 2960 Cornelius
1532 2934 1554 2959 a
1578 2919 1728 2972 Lapide-

1574 3046 1605 3092 4
