2028 3354
237 187 330 236 480

733 204 891 234 TRAGT.
928 204 984 233 1313
1018 204 1138 236 LOCIS
1172 206 1475 241 THEOLOGIGIS.

299 319 412 366 704.
453 319 736 379 Argumenta
755 333 896 381 porro
912 351 925 377 7
949 316 1116 382 quibus
1141 318 1426 370 adversarius
1439 323 1565 371 nisus
1590 332 1661 372 est
1685 326 1928 377 ostendere

233 392 613 442 infallibilitatem
653 392 843 439 Concilii
885 393 1160 441 oecumenici
1195 396 1314 443 intra
1354 416 1495 446 meroe
1530 404 1773 463 opinionis
1813 403 1927 451 fines

235 470 461 518 contineri
485 471 610 517 inter
636 470 894 545 Catholicos
911 507 923 529 7
958 472 1076 518 meri
1108 481 1216 519 sunt
1240 474 1532 538 paralogismi
1567 487 1699 525 tanto
1736 478 1928 529 homine

229 546 434 610 indigni7
470 555 549 593 aut
586 547 804 593 nituntur
837 548 1108 595 auctoritate
1143 550 1558 614 Jansenianorum7
1585 572 1700 619 quos
1725 572 1751 601 a
1785 556 1951 604 socie-x

229 632 326 669 tate
353 632 511 669 nostra
547 623 833 688 repellimuS.
855 624 972 671 Sane
1006 624 1056 670 1ο
1075 625 1411 690 paralogismus
1424 638 1493 674 est
1511 664 1523 687 7
1548 645 1689 694 quem
1715 631 1764 677 in
1785 633 1927 697 priori
1952 628 1954 630 ’

229 699 429 746 sectione
452 700 734 746 excussimus
750 736 762 758 7
788 700 959 747 scilicet
977 717 1072 746 non
1101 718 1198 748 esse
1226 702 1314 748 nisi
1338 707 1628 766 opinionem,
1654 708 1780 771 quod
1804 708 1926 756 Con-

233 775 415 836 cilium,
447 775 705 823 coalescens
729 793 785 823 ex
808 794 927 822 rom.
947 777 1171 823 Pontifice
1199 787 1246 824 et
1269 779 1502 845 Episcopis
1520 817 1532 840 7
1565 783 1625 828 sit
1654 783 1896 831 infallibile
1912 822 1923 842 7

233 852 338 917 quia
371 870 496 899 mera
520 852 677 916 opinio
699 861 794 912 est,
822 852 948 916 quod
970 870 1085 899 rom.
1104 854 1319 901 Pontifex
1341 873 1551 904 seorsum
1574 868 1816 924 sumptus,
1846 871 1927 909 aut

231 944 439 975 seorsum
458 928 632 992 sumpti
648 928 861 991 Episcopi
882 928 975 973 sint
997 928 1275 976 infallibiles.
1291 931 1344 975 20
1360 933 1695 997 paralogismus
1719 945 1788 982 est
1801 973 1813 996 7
1830 955 1926 984 non

229 1020 366 1069 posse
397 1002 578 1050 ostendi
604 1001 989 1050 infallibilitatem
1019 1004 1160 1049 totius
1176 1040 1188 1062 7
1214 1006 1302 1051 nisi
1324 1009 1597 1057 ostendatur
1618 1011 1924 1060 infallibilitas

226 1079 493 1127 alterutrius
518 1079 678 1144 partis.
708 1079 760 1125 30
779 1078 1117 1142 Paralogismus
1132 1089 1200 1126 est
1220 1092 1568 1144 argumentum7
1588 1088 1715 1150 quod
1739 1087 1925 1136 deducit

227 1174 283 1204 ex
303 1156 534 1221 principio
559 1157 766 1203 Bossueti
790 1174 802 1202 :
831 1157 897 1203 Id
914 1163 1106 1202 tantum
1128 1159 1185 1202 in
1209 1156 1426 1203 Ecclesia
1454 1159 1730 1208 hahendam
1755 1174 1822 1210 est
1833 1182 1924 1227 pro

223 1236 538 1297 impossibili,
560 1250 652 1296 quo
672 1236 803 1296 facto
826 1234 1019 1280 nullum
1042 1243 1300 1296 superesset
1319 1238 1512 1282 veritati
1522 1241 1814 1299 praesidinm
1826 1258 1843 1294 ,·
1865 1259 1921 1289 ex

229 1327 322 1376 quo
343 1310 572 1375 principio
596 1311 694 1374 ipse
706 1310 968 1356 subsumit:
993 1310 1146 1375 atqui,
1167 1312 1204 1357 si
1230 1312 1446 1374 generale
1463 1314 1722 1362 Concilium
1749 1318 1921 1364 confir-

225 1396 407 1434 matum
430 1404 455 1433 a
476 1387 697 1433 Pontifice
720 1385 977 1433 obnoxium
996 1387 1115 1433 foret
1134 1388 1280 1434 errori
1294 1424 1306 1447 7
1329 1390 1580 1436 auctoritas
1602 1391 1810 1445 Ecclesia}
1830 1393 1920 1440 dis-

225 1480 372 1529 persae
394 1463 501 1510 satis
525 1471 644 1509 esset
665 1461 723 1509 ad
748 1462 992 1511 veritatem
1024 1464 1465 1526 communiendam;
1494 1483 1601 1529 ergo
1634 1467 1919 1532 impossibile

224 1557 322 1587 non
345 1548 433 1599 est7
457 1538 686 1601 ejusmodi
701 1538 956 1586 Concilium
967 1556 1122 1586 errare
1145 1557 1294 1604 posse.
1316 1541 1492 1588 Verum
1511 1543 1613 1606 quis
1634 1560 1730 1589 non
1745 1544 1915 1607 videat7

224 1617 544 1665 adversarium
579 1617 652 1663 hic
688 1615 816 1662 abuti
847 1617 1076 1682 principio
1111 1618 1345 1677 Bossueti7
1378 1619 1458 1683 qui
1482 1623 1615 1681 juxta
1652 1620 1918 1669 doctrinam

225 1692 497 1741 catholicam
510 1693 751 1758 supponit7
771 1710 868 1738 non
887 1710 1020 1758 posse
1031 1693 1289 1740 Concilium
1304 1695 1643 1743 oecumenicum
1658 1695 1918 1760 legitimum

223 1770 274 1816 in
301 1769 391 1817 fide
417 1786 570 1816 errare
588 1806 600 1829 7
631 1769 745 1834 quin
773 1770 990 1818 universa
1025 1779 1150 1817 erret
1181 1770 1375 1818 Ecclesia
1392 1808 1404 1831 7
1442 1788 1545 1837 quae
1579 1781 1765 1820 tenetur
1793 1772 1918 1820 edita

224 1945 353 1983 animi
379 1946 519 1984 vitium
549 1951 660 1996 atque
692 1952 863 1996 apertam
899 1958 1036 1997 γεραρ-

223 2013 402 2050 manliam
419 2010 621 2063 objiciunt.
635 2010 768 2062 Neque
790 2010 1035 2048 aninzadver·

222 2085 299 2116 iere
324 2076 478 2125 volunt,
510 2089 583 2113 eas,
597 2076 827 2123 sententias,
857 2088 952 2126 quas
976 2089 1035 2113 re-

1104 1945 1300 1984 Bossuetus
1324 1945 1470 1984 videtur
1490 1959 1682 1997 exposcere
1696 1960 1918 1987 consensum

1104 2010 1296 2058 Ecclesiae7
1321 2015 1364 2048 ut
1379 2010 1589 2049 Concilium
1615 2012 1825 2063 legitimum
1851 2011 1919 2051 ha-

1105 2076 1234 2115 beatur
1251 2106 1260 2123 7
1292 2091 1369 2114 non
1391 2077 1556 2129 loquitur
1567 2077 1613 2116 de
1635 2091 1833 2125 consensu,
1849 2080 1913 2130 qui

215 2149 435 2195 puqnantes
446 2148 589 2194 putant
603 2171 613 2188 ‚
642 2143 840 2179 communi
858 2141 1036 2179 omnibus

225 2208 397 2260 doqmate
427 2221 473 2245 ac
501 2208 659 2245 veritate
690 2207 781 2246 m'ti.
815 2208 896 2257 Qui
930 2209 1035 2245 enim,

223 2261 377 2326 Papam
397 2272 457 2311 vel
477 2272 597 2310 solam
616 2278 762 2324 patant
784 2285 861 2309 esse
883 2272 1032 2322 infalli-

223 2340 362 2382 bilem,
397 2345 536 2389 quanto
567 2337 691 2389 maqis
722 2351 810 2375 cum
836 2338 1034 2389 Synodum

223 2406 514 2443 consentientem
544 2403 705 2452 habeat‚·
735 2404 771 2440 si
797 2416 884 2441 vero
908 2400 1036 2454 Syno-

224 2472 338 2518 dum,
355 2478 495 2522 quanto
515 2472 640 2522 maqis
651 2469 864 2509 Ecclesiam
883 2500 893 2517 ,
919 2483 1035 2520 qaam

223 2538 310 2589 ipsa
345 2534 527 2587 Synodus
570 2538 844 2587 reproesentat?
886 2534 1036 2586 Aperta

224 2615 309 2654 erqo
322 2600 521 2639 calumnia
534 2602 587 2638 sit
599 2629 612 2649 >
633 2600 734 2651 quod
752 2613 821 2639 nos
845 2599 1036 2638 Catholici

224 2666 269 2705 de
302 2665 595 2717 insallz'bilitatz's
621 2666 784 2718 subjecto
815 2664 918 2702 nillil
943 2666 1037 2703 certi

224 2731 457 2779 habeamus„
490 2744 661 2783 cumpro
688 2731 903 2769 indubitato
931 2731 1038 2786 apud

223 2809 293 2835 nos
318 2794 515 2843 habeatur,
534 2802 568 2833 et
593 2794 810 2833 Ecclesiam
831 2802 865 2832 ec
894 2795 1036 2833 Conci-

225 2860 322 2900 lium
345 2873 430 2899 eam
454 2867 731 2914 repraesentans
755 2860 1037 2912 infallibilitate

224 2926 389 2978 qaudam
400 2954 413 2974 ‚
430 2928 493 2966 cit.
513 2912 714 2965 edststom.
731 2940 820 2974 xxv,
835 2940 915 2979 pag.
928 2925 1008 2976 455
1021 2956 1032 2975 ,

226 2999 263 3031 et
286 2991 373 3031 alibi
399 2993 549 3043 passim.
585 2988 692 3042 Quod
721 2993 753 3030 si
783 2991 845 3030 hic
877 2996 914 3031 et
945 2992 1033 3032 alibi

1103 2144 1216 2182 robur
1252 2145 1495 2182 intrinsecum
1536 2144 1649 2182 addat
1689 2144 1855 2182 Concilio
1895 2160 1915 2183 a

1103 2209 1281 2248 Pontifice
1304 2210 1541 2256 confirmato,
1558 2209 1620 2247 sed
1633 2208 1679 2247 de
1702 2223 1885 2248 consensu
1902 2238 1914 2256 ,

1102 2289 1177 2327 quo
1206 2277 1406 2313 extrinsece
1440 2281 1679 2326 cognoscatur
1715 2276 1769 2312 uti
1797 2275 1916 2326 legiti-

1102 2354 1206 2378 mum
1228 2339 1321 2378 illud
1347 2339 1580 2379 Concilium„
1597 2337 1654 2375 En
1679 2341 1814 2378 iterum
1837 2341 1916 2392 eju's

1101 2405 1212 2444 verba
1228 2434 1238 2451 7
1259 2418 1302 2443 ex
1320 2403 1530 2441 Corollaria
1548 2401 1809 2455 Dffensionis,
1828 2403 1849 2457 ξ
1865 2403 1913 2453 8,

1101 2470 1189 2509 edit.
1216 2471 1280 2508 cit.
1305 2483 1385 2521 pag.
1413 2469 1492 2520 375
1517 2482 1528 2509 ε
1550 2471 1706 2509 Certum
1731 2480 1785 2511 est
1809 2471 1917 2524 apud

1105 2535 1334 2583 Catlzolicos7
1353 2533 1530 2574 Concilio
1547 2538 1746 2588 generalia
1765 2537 1914 2590 infalli-

1102 2600 1199 2639 bilia
1235 2614 1341 2649 esse5
1372 2609 1412 2639 at
1445 2615 1534 2640 cam
1571 2602 1744 2641 dubitari
1761 2603 1910 2656 possit,

1106 2666 1374 2706 Conciliumne
1396 2667 1553 2719 aliquod
1570 2668 1744 2720 qenerale
1769 2669 1842 2711 eit,
1870 2667 1916 2705 iol

1103 2745 1150 2770 ea·
1195 2731 1384 2771 Ecclesioe
1426 2736 1671 2772 consensione
1708 2738 1912 2784 repetatur.

1103 2798 1208 2837 Idem
1247 2799 1356 2838 docet
1410 2799 1567 2839 Bouvier
1589 2828 1604 2849 ‚
1648 2812 1762 2851 quem
1804 2798 1913 2837 nobis

1101 2866 1235 2916 pariter
1256 2863 1410 2918 opponit
1429 2864 1600 2912 Palma,
1624 2863 1678 2906 .de
1722 2878 1797 2916 quo
1823 2876 1915 2902 mox

1101 2928 1242 2969 dicam.
