2028 3354
229 183 292 229 50

706 196 864 227 TRAGT.
903 196 960 224 DE
992 193 1112 226 LOCIS
1146 194 1451 226 THEOLOGICIS.

228 328 361 371 cum,
396 327 558 362 eonc.;
590 304 828 371 spirituale
860 323 940 355 seu
966 306 1220 366 invisibile,
1249 324 1355 373 neq.
1397 306 1631 356 Admonet
1666 307 1910 372 Apostolus

229 387 407 447 fideles,
427 384 551 451 quod
571 383 721 431 vocati
741 383 834 429 sint
847 382 907 429 ad
917 383 1234 430 omnimodam
1248 385 1559 443 sanctitatem,
1577 382 1638 430 ad
1655 385 1806 430 Deum
1825 383 1911 430 rite

226 463 471 510 colendum
497 468 546 507 et
567 458 858 506 laudandum
885 458 974 523 (1).

292 537 373 584 85.
412 535 483 583 Ad
507 535 573 582 3¹1²
589 570 602 595 ,
635 537 761 583 Dist.
783 536 996 597 Regnum
1017 533 1129 593 Dei,
1150 532 1199 579 id
1219 543 1288 581 est
1302 570 1316 594 ,
1335 536 1547 596 Messias,
1572 544 1652 583 aut
1672 535 1818 599 gratia
1835 572 1848 595 ,
1874 536 1912 582 si

224 613 375 677 placet
389 647 402 671 ,
429 629 556 659 conc.
569 627 585 666 ,·
607 610 805 658 Ecclesia
827 610 1040 657 nondum
1061 627 1086 655 a
1109 608 1291 656 Christo
1311 610 1503 659 fundata
1520 647 1533 671 ,
1557 630 1663 676 neq.
1694 612 1781 675 (2).

292 687 373 735 86.
413 687 485 751 Ad
513 687 609 746 4¹¹¹,
643 688 769 733 Dz’st.
809 687 863 732 In
887 702 1026 732 sensu
1061 684 1276 745 litterali,
1309 702 1410 749 neq.
1440 687 1491 732 in
1522 681 1660 734 sensu
1689 687 1881 751 mystico
1900 722 1912 745 ,

225 765 363 811 subd.
385 780 470 829 per
486 762 829 828 separationem
846 760 903 808 ab
926 760 1193 808 infidelibus
1211 796 1223 819 ,
1244 778 1373 809 eone.
1391 780 1406 815 ‚·
1427 779 1452 808 a
1475 759 1788 825 peccatoribus
1821 763 1916 809 sive

230 839 423 887 occultis
436 841 533 888 sive
550 838 837 897 manifestis
857 855 962 901 neq.
991 838 1091 895 Quo
1109 854 1250 883 sensu
1273 837 1487 902 exposuit
1506 838 1774 901 ApostoluS,
1795 840 1837 886 II
1858 837 1917 885 ad

226 916 334 963 Cor.
372 916 456 973 VI,
495 914 587 974 14,
622 913 863 961 scribens:
894 913 1053 961 Nolzte
1068 916 1250 976 juqum
1282 914 1452 959 ducere
1479 930 1592 960 cum
1621 915 1911 996 infidelibus.

231 991 347 1054 Quoe
374 994 505 1037 enim
519 991 841 1054 partzeipatio
852 1023 870 1046 ,
896 997 984 1036 etc.
1016 988 1104 1052 (3).

291 1067 372 1114 87.
413 1067 483 1114 Ad
504 1067 594 1127 5¹³¹,
615 1068 745 1113 Dzssst
760 1066 807 1112 Si
828 1064 994 1112 eadem
1006 1064 1184 1111 latione
1198 1100 1211 1123 ,
1230 1080 1320 1128 qua
1338 1063 1517 1112 habent
1533 1067 1683 1112 Deum
1703 1074 1885 1130 patrem
1902 1099 1915 1124 ,

225 1141 457 1190 haberent
487 1142 737 1189 Ecclesiam
764 1150 991 1200 matrem,
1027 1148 1074 1188 et
1104 1140 1334 1200 vicissim,
1365 1157 1494 1187 eone.
1511 1157 1528 1195 ;
1560 1141 1598 1186 si
1632 1140 1814 1188 diversa
1837 1157 1914 1187 ra—

225 1219 380 1280 tione,
409 1236 514 1282 neq.
549 1220 692 1265 Porro
722 1216 885 1264 fideles
908 1217 1049 1264 etiam
1073 1224 1334 1281 peccatores
1360 1225 1471 1264 sunt
1497 1216 1579 1264 filii
1603 1216 1811 1264 Ecclesiae
1831 1233 1916 1280 per

226 1293 370 1341 fidem
386 1330 399 1354 ,
428 1294 833 1359 participationem
860 1294 1265 1340 Sacramentorum
1285 1302 1332 1340 et
1349 1293 1682 1354 subjectionem
1701 1291 1917 1355 legitimis

227 1370 521 1435 pastoribus;
553 1379 664 1416 sunt
689 1378 848 1416 autem
869 1369 951 1415 filii
972 1369 1057 1416 Dei
1074 1386 1158 1434 per
1177 1370 1373 1432 gratiam
1392 1370 1759 1417 sanctificantem
1775 1404 1787 1427 ,
1814 1368 1922 1415 cha·

225 1446 414 1493 ritatem
448 1456 496 1493 et
524 1446 849 1493 imitationem.
883 1444 1168 1492 Schismatici
1185 1453 1233 1492 et
1256 1444 1460 1493 haeretici
1488 1446 1538 1492 in
1562 1461 1700 1491 sensu
1721 1445 1915 1491 Patrum

226 1538 315 1569 nec
343 1521 593 1569 Ecclesiam
616 1530 815 1568 matrem
843 1536 930 1567 nec
955 1523 1104 1567 Deum
1127 1528 1312 1584 patrem
1344 1520 1525 1568 habent
1545 1520 1633 1583 (4).

285 1728 335 1780 (1)
363 1729 515 1768 Cornel.
543 1743 563 1766 a
595 1726 734 1779 Lapide
766 1728 807 1763 in
833 1726 939 1763 hunc
967 1726 1035 1763 loc.

232 1795 298 1834 ubi
331 1808 410 1834 non
443 1794 564 1833 solum
602 1806 688 1832 eum
722 1791 830 1830 docte
860 1792 1035 1842 exponit,

231 1860 294 1899 sed
322 1860 497 1912 pessimas
529 1858 782 1896 haereticorum
814 1869 1040 1908 consequen-

232 1928 300 1963 tias
327 1925 452 1975 diluit.

284 1989 335 2041 (2)
366 1989 444 2030 Csr.
470 1988 706 2026 Maldonatus
727 2016 739 2034 ,
765 1989 830 2040 qui
853 1985 1038 2033 ostendit,

230 2055 293 2093 hic
332 2056 390 2107 agi
431 2054 477 2092 de
507 2053 635 2091 Messia
671 2054 825 2106 ejusque
859 2066 969 2103 regno
996 2051 1042 2089 ad

232 2127 395 2159 mentem
404 2119 683 2170 Pharisaeorum.
697 2116 776 2156 Cfr.
790 2118 902 2155 etiam
915 2116 1039 2168 Light-

232 2185 352 2223 footus
374 2214 385 2232 ‚
422 2182 540 2223 Horae
565 2182 752 2221 hebraicae
781 2183 826 2219 in
857 2179 1040 2233 Evanqe-

230 2251 327 2289 lium
342 2250 477 2297 Lucae,
503 2263 591 2302 opp.
606 2249 696 2288 edit.
712 2247 901 2301 Ultraject.
924 2246 1040 2301 1697,

231 2325 325 2355 tom.
350 2325 410 2356 111.

287 2381 337 2432 (3)
368 2382 416 2420 In
445 2388 546 2421 textu
569 2380 669 2419 Isaiae
692 2378 891 2418 litteraliter
913 2377 1043 2429 praedi-

230 2447 325 2484 citur
364 2447 500 2486 solutio
538 2446 757 2497 captivitatis
790 2442 1041 2496 babylonicas,

232 2510 450 2549 Judaeorum
463 2514 504 2549 in
528 2512 684 2564 patriam
705 2510 846 2548 reditus
864 2537 876 2555 ,
906 2521 949 2546 ac
972 2509 1043 2546 im-

232 2576 395 2614 munitas
427 2591 448 2614 a
471 2574 724 2615 vexationibus
760 2572 969 2612 infidelium
1003 2575 1044 2612 in

232 2649 332 2679 terra·
345 2641 594 2693 palaestinensi
613 2670 625 2688 ‚
652 2647 692 2679 ut
714 2647 814 2692 patet
834 2653 879 2677 ex
908 2640 1043 2678 oratio·

230 2706 289 2743 nis
302 2708 407 2745 serie.
435 2705 516 2745 Cfr.
534 2699 704 2744 Sanctius
716 2707 758 2744 in
776 2705 878 2742 hunc
890 2704 1015 2743 locum
1027 2732 1039 2753 ,

229 2771 298 2823 qui
313 2799 324 2819 ,
347 2772 519 2825 quamvis
535 2785 613 2810 non
638 2770 807 2810 excludat
822 2799 833 2819 ‚
860 2770 936 2808 imo
951 2783 1040 2822 sup-1·

227 2843 341 2889 ponat
362 2844 527 2876 nostram
551 2837 890 2888 interpretationem
907 2863 920 2883 ,
947 2848 1039 2874 con-

229 2900 371 2951 tendit,
412 2903 453 2941 in
481 2903 553 2942 hoe
576 2903 697 2955 capite
721 2900 939 2954 prophetam
969 2899 1039 2940 sub

228 2967 354 3020 typico
368 2966 599 3013 Hierusalem
623 2980 733 3007 sensu
751 2966 954 3018 significare
978 2965 1039 3004 fu-

1107 1733 1231 1763 turum
1265 1724 1435 1764 Ecclesiae
1475 1726 1708 1777 splendorem
1741 1739 1783 1764 ac
1803 1727 1918 1779 maje-

1106 1798 1233 1828 statem
1251 1790 1322 1841 3ad
1338 1790 1446 1829 verba
1458 1804 1580 1842 porro,
1600 1805 1681 1843 quae
1691 1788 1919 1844 objiciuntur

1107 1855 1154 1894 ab
1179 1855 1408 1903 adversariis,
1431 1869 1508 1894 ‘non
1521 1856 1682 1909 adjiciet
1696 1856 1820 1906 ultra,
1844 1865 1915 1895 etc.

1109 1919 1297 1972 duplicem
1333 1922 1396 1960 dat
1425 1924 1727 1973 responsionem,
1760 1936 1917 1974 quarum

1108 1987 1208 2037 prior
1227 1993 1281 2024 est
1297 1987 1343 2025 de
1364 1988 1599 2026 immunitate
1620 1987 1791 2026 Ecclesiae
1819 1988 1919 2026 ado-

1109 2052 1309 2090 minatione
1355 2054 1530 2103 principis
1575 2053 1734 2092 infidelis
1762 2068 1774 2103 3
1808 2054 1921 2091 altera

1109 2130 1190 2169 quae
1208 2119 1325 2167 magis
1350 2117 1443 2154 mihi
1462 2117 1623 2165 arridet,
1651 2126 1724 2163 est,
1746 2131 1825 2155 non
1843 2125 1920 2155 tam

1108 2181 1170 2219 hie
1193 2181 1367 2233 praedici,
1392 2182 1492 2234 quod
1513 2184 1634 2233 reipsa
1653 2182 1821 2240 futurum
1844 2184 1916 2230 sit,

1109 2260 1222 2299 quam
1245 2246 1345 2298 quod
1372 2260 1448 2285 esse
1463 2248 1503 2284 in
1520 2246 1683 2285 Ecclesia
1701 2276 1713 2294 ,
1736 2262 1756 2286 a
1773 2247 1918 2286 Christo

1110 2312 1306 2350 constituta
1320 2341 1331 2360 ‚
1358 2311 1492 2351 debeat
1507 2341 1518 2359 ,
1535 2320 1599 2350 aut
1621 2312 1721 2364 quod
1737 2341 1748 2359 ,
1777 2320 1818 2351 ut
1830 2312 1916 2361 fiat,
1940 2327 1942 2329 ·

1109 2378 1187 2428 ipsa
1221 2390 1345 2415 rerum
1388 2385 1519 2416 natura
1551 2377 1728 2429 postulat.
1766 2378 1832 2417 Ast
1862 2380 1918 2430 ip-

1112 2455 1195 2480 sum
1214 2441 1291 2481 adi.

1165 2505 1216 2557 (li)
1246 2505 1326 2546 Hoc
1356 2520 1479 2546 revera
1499 2521 1608 2545 sensu
1640 2506 1679 2546 S.
1713 2507 1917 2560 Cyprianus

1109 2573 1277 2610 omnium
1305 2574 1446 2624 primus
1483 2575 1633 2625 scripsit
1669 2576 1710 2612 in
1741 2572 1812 2610 lib.
1851 2571 1916 2610 De

1108 2638 1255 2675 unitate
1279 2636 1389 2677 Ecel.
1409 2651 1494 2691 pag.
1522 2637 1594 2692 195
1612 2668 1624 2687 ,
1657 2638 1748 2677 edit.
1789 2637 1914 2677 Maura

1106 2702 1263 2741 Habere
1270 2705 1362 2754 jam
1375 2717 1453 2742 non
1464 2709 1589 2757 potest
1600 2702 1730 2741 Deum
1743 2709 1910 2755 patrem,

1106 2770 1173 2819 qui
1207 2767 1421 2815 Ecclesiam
1466 2782 1544 2807 non
1576 2767 1687 2806 habet
1715 2775 1875 2807 matrem
1893 2782 1911 2818 ‚-

1105 2834 1208 2873 hunc
1258 2837 1359 2873 enim
1401 2833 1538 2873 librum
1582 2833 1697 2872 edidit
1738 2833 1911 2873 adversus

1107 2899 1356 2939 schismaticos
1371 2898 1594 2937 Novatianos
1604 2925 1618 2947 ‚
1634 2906 1675 2936 ut
1685 2899 1907 2946 ostenderet,

1107 2972 1208 3003 extra
1220 2962 1422 3003 Ecclesiam
1436 2963 1654 3003 catholicam
1678 2965 1820 3005 nullam
1833 2977 1909 3003 esse
