2028 3354
1748 167 1834 214 181

505 186 630 215 PART.
670 186 702 215 1.
737 186 834 215 cAl’.
876 186 945 214 111·
984 186 1038 213 DE
1074 185 1287 215 ECCLESIAE
1322 185 1466 214 NoTls.

213 300 324 347 287.
366 298 432 346 Ad
460 298 550 358 4¹¹¹,
580 299 698 362 Neq.
743 303 865 346 min.
896 300 1016 346 Nam
1047 297 1153 345 licet
1187 300 1384 347 Ecclesia
1420 315 1612 345 romana
1649 299 1698 344 in
1740 300 1836 346 sola

153 377 330 441 Europa
353 374 669 422 dominaretur
693 375 846 422 seculo
869 376 947 421 XV
964 411 975 433 a
1000 374 1172 439 ubique
1201 385 1361 422 tamen
1380 375 1589 438 gentium
1613 374 1729 421 filios
1750 376 1839 422 sibi

149 451 458 516 obsequentes
484 467 668 515 semper
691 450 854 497 habuit
881 459 927 497 et
954 450 1113 498 habet.
1144 452 1270 499 Inter
1299 452 1596 498 Nestorianos
1618 451 1668 497 in
1689 452 1832 498 Chal-

148 526 244 574 daea
261 563 272 585 7
299 528 423 574 inter
441 527 747 590 Eutychianos
768 544 848 574 seu
869 526 1215 590 Monophysitas
1235 528 1284 594 in
1305 529 1501 591 AEgypto
1522 536 1570 574 et
1594 528 1833 586 Armeni-213

146 601 316 666 ubique
341 602 464 647 inter
491 602 737 662 Islamitas,
775 603 825 648 in
860 601 1023 647 indicis
1045 601 1192 665 plagis
1210 638 1222 660 Ἰ
1260 611 1310 648 ut
1345 611 1522 649 taceam
1551 603 1610 649 de
1640 603 1738 650 aliis
1764 622 1837 652 re-

144 676 359 740 gionibus
378 677 738 725 occidentalibus
758 687 805 725 et
833 676 1274 740 septentrionalibus
1292 713 1304 732 ,
1335 677 1493 741 plures
1519 675 1684 742 quovis
1705 689 1834 727 tem—

142 770 254 817 pore
301 753 471 800 Christi
508 753 556 798 in
596 754 729 800 terris
773 751 944 797 Vicario
984 750 1189 798 obsecuti
1232 762 1343 799 sunt
1380 762 1428 799 et
1469 752 1793 818 obsequuntur
1825 795 1837 816 .,

142 828 447 893 eamdemque
477 845 581 875 cum
616 829 716 892 ipso
746 825 887 872 fidem
920 835 966 872 et
1000 829 1378 875 communionem
1415 829 1610 893 professi
1644 839 1755 876 sunt
1789 841 1837 879 et

141 906 437 969 profitentur.
463 905 652 950 Fatente
669 903 773 967 ipso
793 902 1022 949 Palmerio
1037 939 1048 960 .,
1073 921 1170 949 non
1197 914 1267 951 est
1291 906 1546 952 necessaria
1569 906 1628 952 ad
1652 907 1838 954 univer·

142 980 372 1028 salitatem
393 977 766 1026 constituendam
792 978 978 1025 diffusio
999 980 1204 1042 physica
1222 990 1269 1027 et
1287 983 1532 1036 absoluta,
1567 982 1648 1029 sed
1667 983 1836 1030 sufficit

140 1056 278 1121 plane
311 1056 509 1102 moralis
538 1053 608 1119 (l)
621 1089 637 1111 ,
671 1064 724 1101 ut
757 1053 929 1102 scilicet
960 1054 1132 1119 ubique
1162 1057 1301 1121 aliqui
1325 1059 1419 1103 sint
1440 1093 1452 1116 7
1477 1058 1556 1122 qui
1581 1058 1639 1104 ad
1675 1075 1836 1106 veram

141 1132 309 1178 Christi
333 1131 577 1177 Ecclesiam
597 1131 892 1196 pertineant3
920 1131 1062 1195 idque
1081 1133 1274 1193 merito,
1302 1133 1508 1198 alioquin
1533 1133 1682 1181 tribus
1705 1136 1833 1199 prio-

139 1208 264 1253 ribus
287 1206 448 1254 seculis
473 1206 668 1254 Ecclesia
692 1206 915 1254 catholica
945 1208 1142 1254 minime
1169 1210 1417 1256 extitisset.

199 1282 312 1329 288.
351 1284 444 1329 Nec
463 1282 626 1344 refert,
658 1283 784 1348 quod
800 1300 854 1330 eo
876 1283 1030 1330 seculo
1048 1283 1262 1332 nondum
1284 1286 1480 1334 Ecclesia
1506 1305 1697 1335 romana
1717 1290 1835 1337 fines

134 1375 238 1405 suos
268 1359 317 1404 in
350 1357 549 1405 alterum
574 1359 955 1424 hemisphaerium
996 1378 1076 1406 seu
1105 1362 1477 1410 continentalem
1515 1372 1690 1411 terram
1722 1383 1834 1430 pro-

134 1434 321 1493 tulerit.
353 1452 459 1481 cum
479 1435 578 1482 haec
597 1434 809 1482 nondum
833 1435 1013 1482 detecta
1033 1436 1223 1495 fuisset3
1255 1456 1366 1484 nam
1391 1439 1515 1486 idem
1541 1441 1833 1489 adversarius

134 1510 309 1573 pariter
324 1511 516 1568 fatetur,
533 1511 591 1558 ad
607 1512 836 1557 moralem
853 1511 1255 1561 universalitatem
1277 1515 1386 1561 satis
1404 1532 1523 1575 esse7
1541 1517 1660 1563 utin
1678 1520 1832 1565 omni-

133 1584 220 1631 bus
244 1585 410 1631 mundi
444 1590 623 1650 coyniti
650 1586 914 1650 regionibus
943 1587 1248 1636 inveniantur
1279 1591 1573 1638 adhaerentes
1592 1627 1610 1649 ,
1644 1603 1698 1639 ut
1731 1595 1832 1658 ipse

133 1660 365 1725 loquitur.
398 1678 520 1708 verae
538 1662 747 1709 Ecclesiae
765 1699 776 1715 ἢ
802 1671 848 1710 et
872 1662 968 1709 haec
995 1663 1112 1710 fines
1137 1680 1243 1711 suos
1266 1667 1518 1730 protendat
1542 1685 1649 1714 cum
1672 1668 1828 1717 debita

131 1737 430 1801 proportione
452 1737 501 1783 in
523 1736 623 1785 illas
652 1738 888 1801 regiones,
914 1754 1015 1803 quae
1043 1741 1294 1790 successive
1327 1741 1609 1807 deteguntur
1636 1744 1725 1808 (2).

130 1890 305 1942 adjiciens
316 1904 326 1928 ε
338 1890 545 1941 Ηοσρηιοιίὸ
551 1891 736 1942 facillime
749 1892 856 1931 illam
867 1899 940 1931 ter·

129 1955 276 1992 minari
286 1968 394 2007 posse
411 1957 674 2006 quaestionem,
692 1956 823 2010 Epist.
839 1971 938 2004 xuv,

128 2018 179 2057 ad
203 2018 459 2067 Ehemium,
482 2035 522 2058 n.
551 2020 592 2061 3.
610 2022 724 2060 Paulo
756 2031 841 2061 ante
865 2024 939 2061 duo

129 2085 198 2123 alia
234 2086 469 2124 exhibuimus
501 2085 669 2137 ejusdem
697 2087 736 2126 S.
770 2088 936 2126 Doctoris

131 2138 338 2189 testimonia
359 2181 370 2198 ‚
401 2151 560 2190 alterum
587 2168 629 2190 ex
663 2152 726 2190 lib.
762 2151 815 2191 De
848 2152 935 2190 ut'z'l.

129 2214 329 2262 credendi,
356 2230 438 2268 cap.
461 2230 481 2269 7
499 2246 510 2263 ‚
530 2217 685 2257 alterum
711 2231 794 2255 vero
816 2232 858 2256 ex
876 2218 941 2255 lib.

131 2278 192 2317 De
217 2293 305 2319 vera
321 2283 432 2332 reliq.
454 2297 533 2334 cap.
560 2297 598 2336 7.
617 2281 652 2320 S·
677 2282 833 2334 Cyrillus
855 2283 942 2322 Hie-

130 2346 302 2396 rosolym.
320 2347 471 2387 Caeech.
489 2363 576 2387 xviii
590 2380 600 2396 ‚
618 2351 822 2388 monetiter
835 2364 944 2402 agen-

134 2419 204 2449 tem
219 2424 229 2449 ε
242 2409 366 2461 Μηδὲ,
381 2418 448 2452 ποῦ’
462 2412 553 2453 ἐστὶν
567 2416 692 2457 oin-2035
709 2414 731 2459 η’
747 2414 940 2464 {nnana-loc,

131 2480 198 2515 ποῦ
235 2474 327 2516 ἐστὶν
367 2478 387 2521 n‘
423 2479 592 2524 καθολικῆ
619 2479 810 2524 ἐκκλησίαι·
841 2485 942 2520 ‘reik-o

128 2540 199 2594 ’γάρ
233 2540 345 2582 &buin
382 2542 490 2594 ἵνομοο
523 2545 699 2595 τυγχοὶνει
735 2553 797 2591 τῆς
830 2550 941 2595 αἰγίοις

129 2607 262 2653 ταᾶτής
278 2640 288 2658 ,
312 2607 373 2648 ‚cxl
397 2608 529 2663 μητρὲς
558 2613 651 2661 »ipah
667 2611 840 2652 oin-dnm·
863 2610 942 2657 ἥτις

130 2673 246 2724 νύμφη
276 2673 340 2725 μὲν
369 2677 444 2715 εὀ-τι
471 2681 533 2716 τοῦ
562 2677 683 2730 Κυριόυ
717 2681 810 2729 ἡμῶν
841 2676 945 2723 Inoo?

130 2745 303 2793 Χριστοῦ,
318 2746 382 2780 τοῦ·
397 2748 601 2791 μονογενοῦς
618 2746 690 2783 υἱοῦ
702 2749 764 2783 τοῦ
783 2749 886 2783 Θεοῦ.
902 2745 943 2783 ld

131 2812 185 2845 est
209 2821 218 2844 ε
243 2808 373 2859 Neque
391 2808 434 2848 id
451 2817 599 2848 tamum
623 2824 772 2862 quaeras
788 2810 940 2862 simpli-

131 2872 227 2911 citer
242 2901 253 2919 ,
274 2873 343 2911 ubi
367 2876 417 2912 eit
441 2874 597 2913 ecclesia
613 2905 624 2924 ‚
648 2876 712 2914 sed
733 2876 800 2913 ubi
814 2875 943 2914 catho-

131 2936 208 2974 lica
244 2936 431 2977 Ecclesia.
476 2938 561 2978 Hoc
604 2943 707 2979 enim
737 2943 943 2993 proprium

135 3014 272 3040 nomen
297 3010 350 3041 eat
364 3011 502 3043 sanctoe
524 3005 638 3058 hujus
667 3014 700 3045 ee
721 3008 857 3045 matris
867 3020 945 3044 om-

1012 1897 1124 1933 nium
1150 1903 1322 1935 nostrum
1339 1927 1350 1944 ‚
1371 1911 1456 1949 quw
1476 1906 1530 1936 est
1548 1912 1688 1950 sponsa
1709 1897 1760 1938 D.
1774 1899 1829 1939 N.

1010 1961 1052 1999 J.
1075 1960 1121 1999 C.
1155 1960 1361 2013 Um'qeniti
1389 1963 1496 2002 Filii
1520 1962 1608 2003 Dei.
1638 1965 1707 2004 Cui
1739 1980 1828 2004 cou-

1012 2039 1145 2064 sonans
1160 2025 1200 2072 S,
1216 2027 1411 2076 Pacianus,
1428 2028 1470 2065 E
1465 2030 1561 2081 pist.
1592 2044 1604 2067 1
1622 2061 1631 2078 ‚
1649 2030 1702 2068 ad
1717 2031 1831 2082 Sym-

1005 2093 1195 2143 prom‘an.
1219 2091 1302 2144 qu
1320 2093 1418 2145 forte
1429 2121 1442 2141 ,
1463 2094 1617 2142 scribit,
1632 2096 1831 2150 ‘inyressus

1005 2156 1233 2208 populosam
1258 2158 1387 2196 urbem
1407 2158 1519 2198 hodie
1535 2189 1545 2207 ‚
1565 2159 1830 2200 Mcmnarcio-

1014 2223 1131 2270 nitas,
1149 2235 1238 2261 cum
1251 2222 1291 2261 A
1289 2222 1569 2275 pollinariacos
1582 2256 1592 2271 ‚
1608 2224 1826 2279 Cataphry-
1891 2265 1897 2279 ,ἱ

1011 2299 1080 2337 qus
1100 2317 1111 2335 ‚
1136 2286 1376 2327 Novatianos
1403 2296 1439 2327 et
1464 2296 1615 2328 caeteros
1641 2292 1832 2342 ejusmodi

1013 2354 1297 2405 comperissem,
1318 2355 1441 2405 quise
1463 2355 1694 2395 christianos
1717 2366 1828 2396 voca-

1013 2426 1095 2456 rent
1110 2446 1122 2467 ‚
1149 2432 1222 2470 quo
1255 2421 1479 2471 coynomine
1500 2424 1828 2474 conyreqationem

1013 2498 1104 2523 meae
1114 2484 1242 2537 plebia
1254 2499 1495 2537 aquo-scerem
1511 2517 1521 2535 ‚
1539 2489 1623 2526 nisi
1643 2488 1829 2528 catholica

1013 2549 1228 2589 diceretur?
1250 2552 1341 2590 Haec
1365 2554 1598 2604 applicentur
1610 2554 1826 2606 Anglicanis

1015 2614 1136 2654 Russis
1151 2646 1161 2664 ,
1195 2617 1327 2656 Graecis
1376 2619 1617 2658 schismaticis
1637 2649 1648 2668 ,
1685 2629 1826 2672 protes-

1017 2680 1177 2720 tantibus
1196 2713 1206 2731 ‚
1225 2691 1262 2722 et
1284 2697 1454 2722 normam
1471 2693 1587 2723 tutam
1602 2685 1825 2727 habebimus

1013 2746 1058 2784 ad
1090 2761 1190 2788 veros
1214 2749 1411 2789 catholicos
1436 2765 1456 2789 a
1485 2751 1624 2790 fictitiis
1658 2753 1823 2792 interno-

1013 2812 1161 2852 candos.

1070 2877 1120 2929 (1)
1150 2878 1224 2932 Op.
1240 2883 1301 2921 cit.
1318 2890 1410 2933 part.
1423 2894 1474 2921 vn
1491 2913 1500 2932 ‚
1516 2897 1596 2936 cap.
1613 2898 1633 2936 7
1649 2911 1661 2933 ,
1676 2898 1713 2935 p.
1735 2880 1822 2932 148.

1069 2944 1123 2999 (2)
1153 2944 1248 2985 Ibid.
1740 2947 1742 2949 V
