2028 3354
177 157 268 204 184

643 172 795 203 TRAC'r.
838 173 892 201 DE
925 173 1045 204 LOCIS
1079 174 1381 205 THEOLOGICIS.

240 286 352 335 293.
389 288 525 348 Resp.
557 283 626 329 Ad
658 284 719 330 1¹1¹
734 319 746 342 ,
772 284 895 331 Dist.
927 285 982 331 In
1004 286 1242 334 nonnullis
1267 286 1390 334 illius
1412 284 1708 333 successionis
1730 283 1865 340 indi-1

174 363 328 412 viduis
351 370 397 408 et
424 358 651 419 adjunctis
670 394 683 418 ,
714 375 875 413 conc.,·
908 360 1129 407 successio
1156 361 1279 424 ipsa,
1312 380 1417 426 neq.
1443 362 1672 408 Successio
1694 359 1855 406 certis-

176 440 292 487 sima
320 446 413 496 est,
436 434 649 481 omnium
669 434 1059 482 documentorum
1077 436 1350 484 testimoniis
1381 439 1650 485 confirmata
1667 472 1680 494 ,
1716 452 1856 501 quam

175 513 363 562 nonnisi
391 511 617 575 scepticus
638 511 685 557 in
711 510 902 557 dubium
925 527 1142 560 revocare
1171 520 1326 574 queat.
1348 514 1396 560 Si
1417 530 1506 577 qua
1526 521 1681 560 autem
1698 512 1749 557 in
1771 510 1858 557 hac

174 589 454 637 Pontificum
480 587 750 633 continuata
778 587 895 634 serie
916 585 1223 649 discrepantia
1244 594 1315 633 est
1331 622 1344 645 ,
1375 587 1470 634 haec
1489 605 1586 634 non
1605 587 1745 634 afficit
1768 586 1859 632 nisi

181 655 442 731 primorum
475 663 598 710 Petri
621 679 935 709 successorum
957 660 1211 709 mediatam
1235 671 1316 709 aut
1338 662 1655 710 immediatam
1678 671 1783 727 post
1801 661 1860 707 il-

175 743 264 789 lius
284 740 466 788 obitum
484 739 824 786 successionem
842 737 915 800 (1)
930 772 943 796 ,
960 746 1100 801 atque
1118 737 1237 784 Cleti
1262 745 1310 785 et
1330 737 1554 793 Anacleti,
1575 738 1634 784 ob
1657 737 1860 785 nominis

177 815 562 874 similitudinem,
593 813 891 861 identitatem
926 822 1007 859 aut
1045 811 1409 859 distinctionem.
1461 815 1742 875 Argumenta
1776 829 1861 877 pro

174 903 372 958 utraque
403 890 635 938 sententia
664 898 877 954 pugnant
899 889 988 951 (2).
1020 889 1112 935 Nos
1145 889 1311 935 criticis
1339 888 1567 950 ejusmodi
1594 896 1863 936 controver-

175 970 290 1017 siam
308 968 598 1014 dImittentes
616 1001 628 1023 ,
656 965 707 1011 in
728 981 1021 1029 quacumque
1039 963 1234 1011 demum
1251 963 1499 1028 hypothesi
1516 964 1711 1011 dicimus
1725 999 1738 1023 ,
1763 980 1866 1010 eam

176 1045 350 1092 nullius
379 1043 518 1106 frugis
542 1059 640 1089 esse
670 1039 729 1087 ad
748 1040 1081 1088 infirmandam
1099 1038 1429 1088 certitudinem
1454 1041 1750 1088 successionis
1768 1075 1782 1099 ,
1808 1039 1867 1087 de

175 1139 265 1186 qua
296 1120 489 1183 agimus.
1346 1120 1348 1122 ’

186 1292 380 1334 1833-38.
409 1294 582 1345 Idipsum
601 1292 719 1344 Pusey
746 1306 789 1331 ac
809 1291 988 1330 Newman
1056 1294 1139 1343 ejus
1174 1292 1421 1344 epistolarum
1451 1299 1617 1344 tempore
1652 1292 1868 1337 divinatio,

177 1365 218 1398 in
251 1359 456 1399 Ecclesiam
492 1372 687 1397 romanam
725 1359 989 1397 vehementiori
1056 1358 1153 1407 apud
1167 1355 1581 1409 Cotelerium,Scripta
1598 1357 1869 1406 Patrumapo-

178 1426 262 1464 stilo
284 1428 415 1464 iterare
440 1425 540 1462 haud
557 1424 745 1462 desinunt.

234 1491 283 1540 (l)
297 1490 445 1528 Etenim
457 1489 498 1528 S.
514 1490 687 1536 irenaeus,
701 1488 837 1535 lib.111‚
854 1501 937 1540 cap.
952 1487 993 1535 3,

178 1570 218 1593 n.
243 1554 267 1593 3
293 1585 304 1604 ‚
336 1554 470 1600 refert,
509 1554 644 1591 Linum
671 1560 927 1591 consecratum
956 1553 995 1589 in

179 1621 402 1672 Episcopum
434 1620 547 1657 fuisse
574 1617 620 1656 ab
655 1617 828 1669 Apostolo
855 1618 960 1656 Petro
983 1647 993 1662 ‚

182 1688 243 1724 cui
271 1695 393 1738 postea
417 1686 603 1724 successit.
630 1684 743 1721 Linus
770 1691 892 1721 autem
914 1696 997 1721 suc-

180 1766 358 1791 cessorem
386 1751 521 1790 habuit
537 1751 775 1795 Anacletum‚
801 1763 912 1800 quem
938 1763 999 1786 ex-

181 1820 277 1869 cepit
302 1818 489 1856 Clemens.
520 1816 637 1854 Juxta
660 1814 931 1852 Tertullianum
955 1813 998 1851 Β.

184 1882 288 1920 Petro
313 1882 486 1919 successit
517 1878 689 1918 Clemens
718 1879 764 1916 ab
782 1892 824 1917 eo
850 1878 999 1915 ordina-

182 1956 258 1985 tus.
284 1946 332 1983 Hi
362 1958 467 1997 porro
490 1944 595 1982 facile
624 1946 720 1981 inter
735 1956 773 1981 se
794 1942 997 1980 concilian-

184 2021 245 2050 tur
260 2041 270 2061 ,
299 2013 328 2049 si
354 2011 519 2049 dicamus
533 2040 542 2057 ‚
557 2006 598 2047 S.
616 2009 804 2046 Irenaeum
832 2006 1000 2045 locutum

187 2092 263 2116 esse
283 2078 328 2115 de
350 2076 443 2114 Lino
464 2081 499 2114 et
523 2073 703 2114 Anacleto
726 2071 838 2112 veluti
862 2073 908 2110 de
931 2073 1002 2109 im-

185 2144 354 2182 mediatis
388 2142 484 2181 Petri
531 2138 796 2178 successoribus
815 2166 824 2184 ‚
858 2137 1003 2175 Tertul-

185 2211 328 2248 lianum
354 2221 438 2246 vero
467 2207 512 2245 de
533 2206 721 2244 Clemente
747 2207 930 2254 tanquam
956 2202 1002 2240 de

191 2288 398 2313 successore
429 2272 525 2311 Petri
554 2271 734 2309 mediato.
763 2269 844 2306 Imo
882 2267 1002 2305 Goda-

189 2340 304 2377 t'ridus
316 2336 543 2377 Vendelinus
556 2344 703 2382 censet,
718 2334 855 2372 Linum
867 2333 1002 2371 rexisse

190 2405 395 2444 Ecclesiam
418 2416 608 2442 romanam
624 2402 748 2440 adhuc
770 2401 914 2439 vivente
932 2398 1001 2436 Pe·

191 2479 248 2508 tro
271 2483 334 2521 per
356 2468 500 2521 aliquot
529 2480 646 2507 annos
671 2464 771 2504 velut
807 2466 885 2517 ejus
909 2464 1004 2501 vica-

195 2539 317 2584 rium,
344 2550 429 2574 cum
456 2538 533 2586 ipse
556 2533 684 2572 Petrus
716 2531 816 2570 Urbe
846 2530 1000 2570 abesset.

197 2603 303 2642 Certe
314 2600 407 2639 nihil
419 2601 601 2653 prohibet,
614 2599 815 2651 quominus
830 2597 1009 2645 dicamus,

195 2671 317 2722 plures
351 2681 417 2718 per
448 2666 486 2703 id
522 2666 724 2715 temporis,
763 2664 903 2713 vigente
927 2676 1004 2714 per-

195 2736 380 2774 secutione
399 2739 436 2771 et
459 2729 730 2782 postulantibus
746 2728 917 2766 Ecclesiae
939 2729 1005 2767 ad-

193 2800 332 2853 junctis
343 2826 355 2845 ,
370 2804 595 2836 consecratos
613 2796 652 2833 in
665 2793 860 2845 Episcopos
877 2794 1004 2842 fuisse,

197 2867 263 2919 qui
287 2862 421 2904 deinde
442 2861 513 2899 sibi
549 2863 710 2899 invicem
738 2868 1005 2898 successerunt.

197 2930 274 2971 Cfr.
303 2942 429 2982 opusc.
463 2928 629 2978 inscript.
659 2924 723 2965 De
750 2922 955 2964 Clementis
972 2931 1008 2963 et

1059 1422 1180 1460 stolio.
1195 1423 1267 1461 vol.
1280 1436 1309 1469 1,
1325 1436 1409 1473 pag.
1435 1420 1508 1460 138
1526 1430 1561 1460 et
1582 1435 1682 1473 seqq.
1703 1421 1747 1459 In
1761 1422 1873 1472 hujus

1061 1489 1284 1526 sententiam
1306 1488 1477 1525 convenit
1494 1488 1602 1525 etiam
1620 1486 1765 1524 Isaacus
1781 1485 1873 1523 Vos-

1063 1554 1137 1590 sius
1165 1554 1204 1589 in
1233 1554 1339 1604 epist.
1364 1554 1417 1599 11,
1454 1566 1516 1590 seu
1550 1551 1807 1603 Responsione
1825 1551 1875 1589 ad

1064 1617 1304 1657 Blondellum
1319 1647 1332 1668 ‚
1358 1619 1449 1657 ibid.
1474 1619 1550 1657 vol.
1575 1631 1627 1667 11,
1661 1632 1696 1670 p.
1722 1616 1818 1669 443.

1119 1684 1171 1734 (2)
1192 1683 1263 1735 Qui
1275 1685 1430 1723 alterum
1442 1684 1487 1722 ab
1500 1685 1613 1724 altero
1626 1685 1872 1735 distinguunt,

1064 1751 1274 1787 innituntur
1295 1750 1447 1788 diversis
1470 1752 1665 1803 utriusque
1689 1749 1875 1788 Pontificis

1065 1814 1280 1852 nominibus
1296 1842 1308 1863 ,
1343 1816 1458 1865 patria
1484 1845 1495 1863 ‚
1535 1815 1594 1853 die
1629 1816 1723 1853 festo
1739 1845 1749 1862 ‚
1795 1816 1876 1852 vitae

1065 1880 1199 1929 gestis,
1232 1879 1430 1929 catalogis,
1458 1879 1657 1927 iconibus,
1693 1887 1763 1918 etc.
1803 1877 1875 1930 Qui

1066 1956 1150 1982 vero
1165 1957 1285 1981 unum
1301 1957 1376 1982 esse
1396 1944 1626 1983 contendunt
1645 1953 1789 1996 urgent,
1805 1958 1876 1983 no·

1068 2010 1178 2046 minis
1202 2007 1488 2046 similitudinem
1504 2039 1515 2057 ,
1535 2012 1706 2062 antiquos
1731 2010 1877 2060 scripto-

1068 2088 1123 2112 res
1138 2104 1148 2122 ,
1177 2074 1263 2125 qui,
1288 2074 1317 2109 si
1341 2081 1547 2113 memorant
1570 2074 1715 2112 Cletum
1731 2102 1744 2121 ‚
1768 2073 1876 2112 silent

1069 2139 1113 2177 de
1133 2139 1321 2184 Anacleto‚
1346 2146 1379 2176 et
1391 2139 1567 2176 vicissim.
1587 2137 1877 2177 Schelestratein

1068 2219 1130 2256 op.
1161 2203 1389 2255 Antiquitas
1419 2202 1607 2242 Ecclesiae
1641 2203 1876 2242 dissertatio-

1067 2270 1182 2307 m'hus
1197 2298 1208 2316 ‚
1222 2271 1474 2307 monumentis
1490 2283 1536 2308 ao
1547 2271 1650 2307 notis
1663 2269 1854 2308 illustrata
1866 2299 1878 2318 ‚

1067 2335 1193 2374 Romae
1218 2334 1335 2388 1693,
1353 2342 1447 2373 tom.
1469 2348 1507 2383 1,
1532 2334 1622 2373 diss.
1651 2347 1680 2372 11
1695 2364 1706 2382 ‚
1730 2349 1814 2387 cap.
1833 2348 1873 2381 2,

1069 2402 1234 2453 expensis
1257 2402 1445 2453 utriusque
1457 2403 1644 2439 sententiae
1664 2404 1875 2448 momentis,

1069 2465 1271 2515 concludit,
1297 2481 1341 2505 n.
1368 2463 1415 2517 14
1442 2480 1453 2504 :
1483 2466 1540 2504 In
1571 2473 1679 2505 tanta
1703 2464 1880 2517 antiquo'-

1071 2547 1155 2571 rum
1169 2531 1426 2583 discrepantia
1438 2532 1630 2570 credimus
1646 2563 1656 2581 ,
1671 2531 1792 2570 locum
1809 2530 1878 2567 lm-

1077 2597 1395 2649 berepraeclaram
1405 2596 1574 2637 Baronii
1582 2597 1766 2650 ramolam,
1780 2595 1880 2646 quod

1072 2658 1123 2701 in
1147 2663 1233 2711 his,
1259 2676 1341 2714 quoe
1365 2670 1455 2701 sunt
1472 2675 1641 2701 romanae
1664 2659 1851 2698 Ecclesioe
1868 2690 1878 2705 ,

1069 2730 1193 2780 major
1204 2727 1421 2766 adhibenda
1441 2729 1491 2765 sit
1501 2726 1596 2778 fides
1616 2728 1697 2778 ejus
1710 2725 1881 2763 alumnis

1069 2806 1184 2843 quam
1210 2794 1355 2831 ceteris.
1374 2792 1532 2839 Vossius,
1558 2789 1630 2828 loc.
1656 2791 1722 2828 cit.
1743 2790 1881 2841 pariter

1071 2858 1261 2909 distinguit
1279 2846 1424 2895 Cletum
1448 2855 1495 2893 ab
1522 2853 1713 2893 Anacleto.
