2028 3354
1346 164 1361 179 0

205 203 235 249 4
589 195 591 197 ’
623 212 877 247 TRACTATUS
913 212 967 240 nn
1001 211 1123 241 roms
1159 209 1464 241 rnssozocicis.

921 304 1161 392 PARsl·

740 494 1038 542 SECTIO
1105 494 1360 540 PRIOR.

802 635 859 667 DE
884 633 1090 666 ECCLESIA
1113 632 1299 666 CHRISTI.

275 804 322 851 8.
364 800 535 849 Christi
547 788 752 847 Ecclesiae
765 797 955 844 nomine
969 795 1276 858 significamus
1297 794 1565 841 societatem
1579 793 1729 851 illam,
1750 810 1891 858 quam

212 880 420 928 Christus
438 880 570 925 Jesus
585 913 598 935 .‚
626 878 755 938 cujus
782 874 991 922 divinam
1025 872 1293 918 missionem
1326 870 1661 918 vindicavimus
1682 871 1732 916 in
1753 878 1888 917 tract.

211 956 282 1003 De
320 971 429 1001 vera
456 954 701 1014 Reliyione
713 985 730 1008 ,
767 949 1000 1006 instituit,
1034 957 1087 994 ut
1123 947 1386 1011 depositum
1414 955 1669 993 asservaret
1698 945 1892 992 coelestis

212 1029 431 1077 doctrinae
461 1028 511 1073 in
537 1036 682 1073 terras
702 1025 760 1072 ab
784 1042 831 1071 se
856 1024 1046 1082 delatae,
1078 1032 1216 1087 atque
1246 1038 1471 1083 organum
1499 1038 1579 1067 seu
1608 1020 1814 1067 medium
1838 1020 1893 1066 si-

214 1105 314 1152 mul
338 1112 459 1152 esset
481 1139 493 1162 ,
532 1119 622 1167 quo
641 1096 749 1149 vhaec
784 1100 882 1165 ipsa
904 1098 1119 1159 doctrina
1161 1105 1514 1144 conservaretur
1541 1097 1719 1159 integra
1754 1105 1892 1160 atque

214 1187 560 1245 propagaretur.

280 1257 326 1303 9.
365 1257 431 1302 De
462 1253 547 1299 hac
581 1253 793 1299 societate
822 1250 955 1297 nobis
986 1248 1321 1315 inquirendum
1346 1257 1416 1296 est
1434 1284 1446 1307 ,
1477 1265 1691 1313 quaenam
1713 1247 1772 1292 sit
1798 1250 1893 1307 ejus

215 1332 341 1394 origo
363 1347 443 1377 seu
464 1329 724 1386 instituti03
754 1326 986 1392 quomodo
1022 1326 1082 1372 sit
1111 1326 1392 1383 constituta3
1427 1342 1646 1388 quaenam
1675 1324 1770 1371 sint
1798 1327 1894 1383 ejus

215 1415 361 1465 notae3
381 1420 481 1470 quae
501 1408 596 1466 ejus
618 1402 747 1450 dotes
766 1412 813 1449 et
828 1403 1003 1449 munia.
1024 1400 1235 1448 Totidem
1255 1401 1352 1449 haec
1369 1401 1517 1464 capita
1536 1408 1696 1459 erunt,
1720 1399 1768 1445 in
1793 1414 1894 1462 quae

219 1483 422 1547 priorem
440 1480 560 1527 hanc
581 1480 831 1526 sectionem
854 1476 1200 1524 distribuemuS.

921 1628 1112 1674 CAPUT
1146 1630 1182 1673 Ι.

475 1769 528 1799 DE
562 1766 735 1797 CHRISTI
768 1765 983 1795 ECCLESIAE
1018 1762 1326 1793 INSTITUTIONE
1358 1763 1410 1790 ET
1445 1761 1643 1791 omGlNE.

287 1903 364 1949 10.
401 1902 464 1948 Ut
478 1917 534 1947 ex
548 1900 645 1964 ipsa
662 1898 784 1945 tituli
801 1896 1099 1961 inscriptione
1120 1904 1266 1960 patet,
1287 1895 1597 1943 controversia
1615 1893 1689 1941 hic
1708 1895 1900 1944 minime

213 1978 420 2043 'agitatur
447 1975 505 2022 de
534 1973 729 2021 Ecclesia
757 1972 1009 2019 universim
1037 1979 1221 2035 sumpta
1240 2006 1252 2029 .‚
1287 1986 1478 2034 quaeque
1515 1969 1573 2016 ab
1606 1970 1705 2034 ipso
1734 1970 1900 2018 mundi

223 2052 412 2101 exordio
428 2068 533 2098 cum
557 2047 960 2114 protoparentibus
986 2047 1150 2112 coepit,
1174 2046 1310 2108 longo
1329 2045 1602 2093 saeculorum
1625 2055 1776 2093 tractu
1798 2063 1901 2111 per-

223 2127 402 2176 crebuit
419 2163 432 2186 ,
464 2143 514 2172 ac
539 2141 709 2173 novam
729 2123 1098 2189 peculiaremque
1125 2121 1210 2168 sub
1235 2123 1387 2185 Moyse
1416 2121 1582 2182 adepta
1615 2122 1813 2168 formam
1846 2122 1895 2168 in

223 2203 369 2251 electo
389 2201 474 2248 Dei
500 2197 672 2265 populo
696 2216 840 2262 usque
869 2197 928 2244 ad
955 2197 1191 2244 Christum
1218 2198 1545 2261 perseveravit.
1577 2199 1643 2243 De
1664 2197 1749 2243 hac
1771 2196 1896 2244 enim

222 2277 419 2326 Ecclesia
436 2311 449 2336 ,
477 2293 555 2323 seu
575 2275 725 2339 potius
748 2273 804 2320 de
828 2272 951 2319 hisce
974 2272 1167 2321 diversis
1199 2272 1405 2333 ejusdem
1434 2272 1642 2319 Ecclesiae
1665 2271 1861 2318 statibus
1882 2309 1894 2332 7

224 2353 353 2400 nulla
384 2350 644 2399 intenditur
679 2348 811 2399 nobis
835 2348 919 2406 lis3
950 2348 1208 2411 praesertim
1242 2364 1348 2411 cum
1385 2347 1432 2393 hi
1467 2356 1613 2394 status
1644 2347 1892 2408 desierint,

225 2437 278 2474 ut
301 2427 452 2474 locum
480 2426 695 2473 cederent
717 2425 853 2471 tertio
870 2459 882 2482 7
905 2423 955 2469 in
984 2441 1074 2487 quo
1099 2422 1300 2470 Ecclesiae
1328 2440 1412 2488 per
1435 2424 1667 2471 Christum
1689 2424 1738 2470 in
1763 2424 1895 2471 terris

226 2503 368 2549 totius
394 2517 518 2547 nunc
537 2499 827 2565 perfectionis
847 2497 1057 2544 cumulus
1080 2499 1288 2545 accessit.

293 2578 369 2624 11.
406 2576 689 2623 Disserentes
719 2574 856 2637 igitur
878 2572 935 2620 de
965 2582 1197 2637 postremo
1216 2573 1302 2620 hoc
1334 2574 1541 2623 Ecclesiae
1569 2584 1717 2635 statu,
1752 2591 1892 2638 quem

227 2670 252 2699 a
282 2669 363 2698 suo
397 2651 660 2697 institutore
696 2665 748 2695 ac
782 2647 1024 2695 fundatore
1063 2649 1254 2714 posthac
1296 2649 1558 2699 vocabimus
1594 2650 1761 2698 Christi
1809 2651 1893 2697 Ec-

228 2727 414 2775 clesiam
457 2733 537 2771 aut
568 2724 773 2771 absolute
804 2722 1077 2784 Ecclesiam,
1106 2725 1482 2788 investigabimus
1516 2730 1611 2787 ejus
1639 2725 1890 2787 originem,

226 2811 280 2849 ut
307 2818 410 2849 eam
444 2799 704 2862 colligamus
733 2798 1042 2862 antiquiorem
1069 2816 1166 2847 esse
1203 2801 1364 2865 quavis
1403 2802 1665 2865 Scripturas
1701 2818 1803 2865 quae
1833 2800 1893 2850 de

226 2876 323 2941 ipsa
363 2875 592 2939 loquitur,
622 2883 668 2921 et
703 2873 852 2921 eidem
900 2874 1211 2938 praescribere.
1255 2877 1401 2937 Hujus
1444 2875 1633 2940 quidem
1683 2877 1892 2924 veritatis

225 2950 400 2998 semina
419 2966 470 2997 ac
488 2948 615 2998 velut
634 2948 987 3009 fundamentum
1010 2948 1201 3010 jecimus
1221 2950 1270 2996 in
1297 2949 1490 3012 allegato
1521 2959 1655 2999 tract.
1687 2952 1759 2999 De
1782 2968 1892 2999 vera
