2028 3354
222 153 312 202 130

691 165 849 195 TRAC'r.
888 166 942 194 DE
977 166 1092 195 LOCIS
1127 165 1428 195 THEOLOGICIS.

285 286 396 332 225.
438 283 506 331 Ad
531 282 622 339 4¹¹¹,
650 281 774 326 Dist.
796 279 1043 345 Expresse,
1072 287 1249 337 tram-‚-
1270 277 1600 343 aequivalenter
1618 313 1629 335 ,
1668 295 1766 341 neq.
1805 279 1901 324 Huc

221 363 396 429 pariter
422 357 579 421 aptari
596 362 751 420 potest
775 353 1038 418 responsio,
1068 370 1208 417 quam
1240 354 1377 402 simili
1407 352 1664 401 difficultati
1695 354 1902 418 superius

221 437 431 487 dedimus
449 469 461 492 ,
486 449 593 479 cum
616 430 913 492 objiceretur,
927 429 1143 493 nuspiam
1163 429 1398 477 Christum
1415 430 1678 496 promisisse
1698 466 1711 490 ,
1725 429 1904 476 nullam

220 528 428 576 unquam
463 509 560 556 fore
593 508 641 554 in
670 505 867 553 Ecclesia
905 523 985 552 sua
1015 503 1293 552 divisionem
1324 516 1405 554 aut
1432 507 1829 571 interruptionem
1857 507 1906 553 in

218 588 415 635 unitate.
438 587 557 633 Nam
574 583 662 630 hoc
686 583 788 647 ipso
808 618 819 640 ,
845 580 972 646 quod
990 579 1198 627 Christus
1227 579 1457 645 pollicitus
1496 582 1633 629 fuerit
1660 582 1904 630 Ecclesiam

220 682 351 712 suam
380 664 475 710 fore
494 668 770 726 perpetuam
787 694 798 716 ,
824 656 1054 722 pollicitus
1076 665 1146 703 est
1170 655 1315 703 talem
1346 656 1552 704 futuram
1575 675 1680 705 cum
1703 659 1908 723 proprie-

220 739 394 788 tatibus
427 739 519 784 suis
548 733 764 783 omnibus
791 732 1112 781 essentialibus
1131 767 1144 792 ,
1173 732 1364 781 unitatis
1394 750 1592 797 nempe,
1623 734 1905 791 sanctitatis,

221 814 545 865 catholicitatis
592 821 639 859 et
670 810 1060 876 >apostolicitatis,
1106 826 1158 856 ac
1193 818 1440 874 propterea
1478 825 1582 854 cum
1621 811 1771 870 notis,
1810 826 1909 876 quae

222 893 392 943 exinde
424 889 668 957 profluunt
701 896 747 934 et
781 886 1088 934 efflorescunt.
1122 885 1241 931 Sane
1272 884 1330 932 de
1358 887 1459 947 ejus
1485 902 1654 948 regno,
1689 885 1813 950 quod
1842 894 1912 933 est

224 970 452 1028 Ecclesia
482 967 706 1032 scriptum
737 971 843 1010 est:
871 963 1096 1026 Reynum
1127 964 1229 1024 ejus
1259 977 1462 1024 reynum
1492 962 1713 1007 omnium
1737 963 1914 1008 seculo*

221 1064 339 1094 rum
359 1046 457 1108 (l),
483 1053 529 1091 et
558 1044 720 1105 Requi
747 1056 849 1102 epus
876 1056 971 1086 non
994 1042 1087 1084 erit
1100 1037 1218 1098 finis
1242 1037 1330 1100 (2).

287 1123 406 1169 226.
448 1120 518 1168 Ad
548 1119 644 1177 5¹1¹,
677 1116 796 1180 Ney.
829 1115 1045 1162 Etenim
1028 1130 1127 1177 Jam
1157 1130 1183 1158 a
1209 1121 1420 1176 tempore
1449 1100 1778 1175 Apostolorum
1803 1110 1922 1160 veri-

226 1202 360 1248 ficata
388 1198 574 1255 fuerat,
603 1200 811 1241 testante
844 1190 1015 1250 Paulo,
1048 1198 1095 1237 et
1123 1188 1276 1235 adhuc
1306 1188 1602 1245 verificatur,
1633 1196 1680 1234 et
1716 1188 1923 1235 verifica-

223 1277 351 1325 bitur
371 1290 516 1338 usque
544 1271 602 1318 ad
625 1267 1071 1317 consummationem
1086 1264 1229 1313 seculi.
1245 1300 1257 1323 ,
1273 1267 1407 1327 juxta
1428 1262 1601 1310 Christi
1614 1263 1887 1311 vaticinium
1909 1280 1919 1308 z

228 1350 683 1415 &praedicabitur
709 1346 792 1391 hoc
820 1344 1141 1407 Evanyelium
1173 1344 1314 1405 reym’
1348 1343 1404 1386 in
1440 1342 1657 1386 universo
1696 1341 1833 1397 orbe,
1870 1342 1926 1385 in

227 1518 335 1566 ligata
374 1512 555 1563 tempori,
591 1521 725 1559 nempe
753 1520 869 1558 usque
900 1506 946 1543 ad
977 1505 1041 1544 ad-

230 1589 382 1619 ventum
407 1577 570 1623 Christi,
595 1576 683 1613 item
718 1573 783 1610 uui
805 1572 886 1609 loco
919 1579 954 1609 et
977 1572 1043 1608 uni

233 1646 408 1692 familiae,
432 1656 495 1681 seu
518 1641 604 1679 filiis
629 1637 775 1687 Jacob,
809 1642 850 1674 2⁰
887 1650 963 1674 uon
988 1649 1046 1673 re-

229 1713 351 1766 quiri,
389 1718 429 1747 ut
463 1709 570 1746 sitin
595 1704 770 1744 omuibus
809 1702 898 1739 locis
937 1702 1045 1758 totius

230 1776 362 1817 mundi
380 1805 390 1822 ,
417 1774 480 1813 sed
514 1780 639 1810 tamen
666 1776 710 1807 ut
740 1768 947 1806 innotescat
970 1779 1047 1803 om-

229 1842 344 1882 nibus
367 1837 584 1892 provinciis
619 1842 654 1874 et
677 1835 722 1871 in
760 1831 939 1870 omnibus
961 1831 1047 1882 fru-

230 1910 369 1960 ctificet
387 1937 398 1955 ,
429 1908 479 1945 ita
502 1911 544 1944 ut
576 1906 616 1942 in
649 1900 826 1941 omnibus
847 1899 1046 1951 provinciis

231 1976 346 2028 aliqui
359 1976 432 2013 sint
447 1973 492 2011 de
513 1970 673 2009 Ecclesia
691 1980 702 2015 ;
730 1967 771 2005 3⁰
786 1980 863 2004 non
888 1966 1048 2017 requiri,

234 2052 276 2083 ut
297 2043 369 2081 hoc
395 2041 458 2079 fiat
487 2038 620 2083 simul,
653 2038 703 2074 ita
723 2042 764 2073 ut
790 2047 865 2072 uno
885 2040 1049 2084 tempore

233 2113 273 2149 in
298 2107 472 2147 omuibus
504 2102 702 2156 provinciis
738 2100 939 2138 necessario
974 2110 1050 2136 esse

235 2179 398 2227 oporteat
421 2172 565 2223 aliquos
585 2167 726 2206 fideles.
751 2164 847 2203 Satis
862 2166 961 2203 enim
982 2171 1048 2210 est,

236 2245 265 2281 si
291 2242 357 2280 fiat
375 2237 598 2278 successive.
625 2234 676 2272 Ex
699 2245 773 2285 quo
796 2231 834 2268 id
857 2232 1047 2282 sequitur,

237 2308 361 2359 inquit
374 2335 383 2352 ,
412 2303 513 2357 quod
530 2304 559 2340 si
580 2300 656 2339 sola
671 2312 745 2337 una
760 2297 946 2349 provincia
965 2297 1051 2333 reti-

238 2379 341 2410 neret
368 2382 491 2408 veram
506 2366 619 2405 fidem
632 2394 643 2413 ,
664 2363 785 2402 adhuc
804 2372 890 2400 vere
917 2368 951 2397 et
971 2373 1054 2410 pro-

239 2438 317 2488 prie
338 2435 519 2473 diceretur
534 2430 696 2470 Ecclesia
718 2426 895 2465 catholica
911 2454 922 2470 ,
942 2424 1055 2462 dum-

241 2499 351 2540 modo
364 2499 458 2537 clare
470 2496 723 2536 ostenderetur
739 2521 748 2538 ,
762 2506 842 2530 eam
856 2504 930 2529 esse
943 2504 1055 2528 unam

242 2573 277 2607 et
301 2563 469 2604 eamdem
496 2575 584 2601 cum
609 2558 671 2597 illa
684 2584 697 2606 ‚
735 2569 818 2609 quae
843 2556 911 2593 fuit
932 2555 1055 2608 aliquo

246 2642 411 2683 tempore
443 2628 502 2667 vel
539 2624 692 2665 diversis
716 2624 755 2660 in
787 2629 862 2659 toto
885 2621 1054 2668 mundo,

243 2693 562 2751 quemadmodum
587 2702 690 2728 nunc
719 2686 891 2741 quaelibet
924 2687 1057 2725 dioece-

243 2765 291 2802 sis
326 2761 458 2800 dicitur
487 2756 666 2796 catholica
682 2782 696 2803 ,
736 2765 820 2806 quae
859 2760 914 2790 est
942 2754 1059 2791 couti-

246 2836 357 2869 nuata
391 2840 479 2865 cum
506 2823 589 2863 aliie
606 2852 616 2871 ,
649 2834 728 2874 quae
754 2819 897 2857 faciunt
928 2817 1055 2857 Eccle-

244 2896 336 2934 siam
362 2890 604 2946 catholicam3
640 2887 799 2938 denique
833 2884 932 2937 quod
950 2911 962 2933 ,
991 2885 1056 2923 etsi

244 2958 402 2999 Ecclesia
436 2970 510 2995 non
544 2953 746 2993 necessario
772 2949 901 2989 debuit
942 2950 1052 2988 simul

1111 1516 1187 1543 esse
1211 1505 1250 1541 in
1278 1502 1452 1541 omnihus
1472 1502 1561 1539 locis
1582 1531 1591 1549 ,
1610 1510 1737 1540 tamen
1757 1502 1829 1540 hoc
1840 1509 1932 1540 tem-

1111 1583 1199 1621 pore
1216 1568 1326 1607 debet
1337 1569 1541 1607 necessario
1557 1568 1614 1606 vel
1624 1582 1702 1606 esse
1716 1597 1727 1615 ,
1748 1567 1806 1606 vel
1817 1567 1929 1606 fuisse

1112 1637 1151 1673 in
1167 1633 1301 1687 majori
1313 1643 1416 1686 parte
1430 1633 1529 1672 orbis
1543 1641 1664 1672 terrae.
1690 1633 1769 1672 Hac
1787 1634 1929 1671 ratione

1113 1703 1277 1752 exposita
1313 1713 1417 1737 mens
1445 1698 1659 1736 Bellarmini
1676 1698 1770 1736 nihil
1787 1697 1898 1736 habet
1913 1723 1926 1744 ‚

1114 1765 1213 1818 quod
1223 1779 1258 1803 re
1263 1763 1499 1816 pugnet.Atta
1506 1777 1589 1801 men
1600 1763 1745 1801 Palmer
1756 1764 1929 1813 perstrin-

1113 1832 1165 1882 git
1199 1832 1342 1868 tertiam
1372 1829 1665 1867 observationem
1695 1826 1906 1866 Bellarmini
1921 1857 1931 1875 ,

1115 1898 1218 1949 quasi
1233 1909 1316 1934 vero
1328 1909 1371 1933 ex
1383 1908 1425 1934 ea
1435 1902 1663 1946 sequeretur,
1678 1885 1938 1932 universalita-

1117 1970 1190 2000 tem
1199 1961 1332 2015 debere
1344 1974 1419 1999 esse
1427 1961 1679 2004 successivam,
1693 1961 1743 1997 ita
1758 1967 1799 1997 ut
1809 1972 1851 1997 ex
1862 1970 1938 1996 una

1117 2029 1157 2065 iu
1171 2027 1318 2066 alteram
1344 2027 1572 2077 provinciam
1595 2026 1753 2076 migrare
1782 2023 1939 2062 deberet

1117 2092 1280 2131 Ecclesia
1300 2106 1445 2143 semper
1465 2098 1645 2129 coarctata
1662 2090 1706 2128 ad
1725 2102 1839 2126 unam
1853 2100 1939 2139 pro-

1119 2159 1278 2197 vinciam
1293 2158 1341 2196 ad
1363 2154 1678 2207 instarjudaismi.
1701 2153 1808 2191 Hanc
1824 2164 1935 2205 porro

1119 2236 1194 2261 non
1210 2237 1287 2261 esse
1308 2222 1520 2261 Bellarmini
1537 2218 1702 2257 mente'm
1723 2233 1764 2256 ex
1778 2220 1837 2265 iis,
1856 2229 1939 2271 quae

1119 2286 1343 2327 adduximus
1351 2286 1587 2325 manifestum
1598 2283 1746 2323 est.Nec
1755 2283 1825 2322 alia
1836 2295 1939 2321 mens

1121 2352 1299 2391 Driedoni
1338 2353 1409 2390 fuit
1424 2381 1436 2399 ,
1467 2352 1573 2403 cujus
1602 2351 1821 2388 sententiam
1853 2347 1937 2386 Bel-

1124 2420 1306 2461 larminus
1319 2431 1423 2456 suam
1442 2417 1549 2460 fecit,
1567 2424 1629 2454 aut
1651 2414 1769 2463 Cano,
1787 2423 1828 2453 ut
1840 2420 1938 2466 patet

1124 2497 1167 2524 ex
1187 2486 1253 2533 iis,
1275 2497 1354 2536 quae
1367 2483 1551 2535 eleganter
1569 2481 1745 2534 disputat,
1770 2480 1838 2518 lib.
1861 2487 1897 2516 iv
1921 2506 1932 2522 ‚

1122 2564 1207 2602 cap.
1231 2548 1258 2588 6
1272 2579 1281 2596 ,
1306 2551 1345 2587 iu
1362 2549 1545 2587 solutione
1565 2547 1698 2586 decimi
1712 2545 1807 2584 tertii
1820 2556 1924 2594 argu-

1125 2617 1250 2655 menti.
1285 2614 1453 2667 Quorum
1481 2614 1651 2651 omnium
1671 2611 1761 2649 ratio
1793 2609 1928 2659 petitur

1125 2697 1167 2722 ex
1193 2680 1385 2720 identitate
1414 2679 1580 2719 Ecclesiae
1610 2676 1736 2729 quovis
1765 2681 1928 2724 tempore

1125 2756 1159 2787 et
1190 2748 1323 2801 quovis
1345 2747 1443 2784 loco

1179 2814 1233 2864 (l)
1262 2811 1323 2851 Ps
1347 2824 1479 2856 cxuv,
1517 2807 1592 2855 13,·
1620 2805 1718 2844 Dan.
1749 2817 1830 2853 vu,
1865 2800 1928 2843 18.

1179 2878 1236 2929 (2)
1263 2879 1340 2917 Luc
1364 2890 1410 2925 1,
1435 2873 1501 2913 33.
