2028 3354
173 195 232 242 12
636 223 793 257 ‘mmm
830 224 883 253 m:
915 225 1036 257 LOCIS
1070 226 1375 261 THEOLOGICIS.

172 345 284 384 ones
322 335 484 402 quovis
513 337 688 394 seculo,
729 338 823 384 imo
846 338 1001 403 plures
1029 342 1153 390 intra
1171 343 1378 405 ejusdem
1400 346 1539 393 seculi
1564 348 1765 412 spatium
1785 350 1844 397 ad

173 429 258 458 nos
303 430 446 478 usque
489 412 794 475 contigerint,
825 425 934 462 sunt
964 416 1160 464 totidem
1184 419 1487 476 documenta,
1530 440 1634 487 quae
1671 424 1844 473 invicte

172 504 425 552 perennem
447 486 699 534 ostendunt
720 490 1015 537 existentiam
1036 490 1159 538 illius
1184 495 1330 542 unicae
1357 497 1564 544 Ecclesiae
1580 536 1593 560 7
1623 498 1848 547 adversus>

171 580 312 627 quam
327 562 416 608 illae
435 579 597 610 omnes
609 572 877 626 protestatae
892 575 1023 629 sunt3
1042 566 1170 631 quod
1185 568 1317 615 nobis
1331 571 1379 616 in
1398 574 1643 636 praesentia
1662 574 1843 622 sufficit'.

234 637 314 683 24.
353 636 424 684 Ad
459 637 524 684 3¹¹¹
542 675 554 698 7
587 639 859 704 Respondeo
876 677 888 699 7
920 650 1063 688 sectas
1086 643 1206 708 ipsas
1236 643 1455 693 idoneum
1482 648 1569 695 hoc
1590 649 1700 697 dare
1717 650 1845 711 judi-

170 715 307 760 cium.
339 714 456 760 Nam
479 730 584 761 cum
612 732 769 762 earum
792 733 1078 782 unaquaeque
1108 720 1307 783 propriae
1338 720 1602 770 defectionis
1628 724 1686 771 ab
1712 726 1845 772 unica

168 788 246 834 illa
269 788 461 836 Ecclesia
483 788 753 839 dominante
768 828 780 851 7
799 809 969 858 nempe
993 792 1215 841 catholica
1232 789 1353 853 7*lioc
1373 797 1446 844 vel
1469 797 1547 844 illo
1567 800 1716 847 seculo
1737 801 1848 865 figat-

169 864 420 929 epocham,
462 865 750 931 fateaturque
788 884 890 914 eam
919 872 1017 930 jam
1048 870 1282 929 extitisse,
1327 888 1432 919 cum
1457 873 1756 921 ascendamus
1787 875 1845 922 de

168 949 289 987 secta
317 940 368 987 in
387 950 559 988 sectam
586 959 733 1007 usque
761 942 821 989 ad
843 943 1081 1007 Apostolos
1104 954 1148 992 et
1168 944 1431 1007 Christum,
1464 957 1592 1012 patet
1610 950 1844 1013 prosecto7

168 1026 311 1065 sectas
350 1019 473 1083 ipsas
510 1019 718 1067 solemne
764 1021 885 1068 ferre
914 1020 1141 1083 judicium
1164 1058 1176 1082 7
1216 1023 1362 1070 solam
1400 1024 1721 1073 dominantem
1760 1029 1844 1074 Ec-

170 1092 354 1140 clesiam
372 1111 396 1141 a
408 1094 589 1142 Christo
605 1105 651 1142 et
672 1097 702 1143 Α
709 1096 900 1161 postolis
920 1099 1205 1161 provenisse7
1227 1115 1421 1163 eamque
1436 1109 1682 1165 propterea
1700 1101 1846 1148 solam

167 1169 422 1233 legitimam
445 1170 682 1218 haeredem
705 1189 801 1219 esse
822 1174 1179 1237 promissionum
1194 1210 1207 1235 7
1233 1192 1345 1239 quas
1364 1176 1572 1222 *societati
1598 1193 1623 1222 a
1638 1193 1685 1223 se
1710 1177 1847 1223 insti-

167 1254 280 1294 tutae
291 1246 499 1294 Christus
514 1247 636 1296 fecit.
654 1248 787 1307 Quod
798 1266 909 1296 vero
928 1249 1094 1296 attinet
1107 1250 1165 1296 ad
1186 1249 1360 1306 titulos,
1377 1250 1542 1316 quibus
1559 1268 1849 1317 unaquaeque

167 1331 289 1370 secta
313 1323 614 1372 cohonestare
638 1325 921 1373 extrinsecus
942 1325 1040 1372 nisa
1064 1335 1133 1373 est
1151 1326 1388 1391 propriam
1408 1325 1741 1388 defectionem7
1767 1345 1843 1375 eos

166 1399 305 1464 paulo
334 1408 439 1464 post
468 1401 771 1447 excutiemus.

231 1475 310 1521 25.
353 1475 421 1522 Ad
458 1475 556 1536 4¹¹17
590 1477 713 1523 Dist.
747 1476 799 1523 Id
834 1486 929 1536 est7
954 1477 1139 1524 nonnisi
1167 1478 1386 1542 temporis
1416 1478 1548 1542 lapsu
1571 1487 1718 1526 totam
1754 1480 1845 1529 vim

168 1567 328 1611 suam,
362 1560 583 1598 naturam
625 1569 676 1599 ac
708 1553 1015 1616 proprietates
1044 1553 1244 1614 evolvit,
1277 1563 1418 1619 prout
1442 1554 1656 1616 adjuncta
1686 1571 1848 1619 posce-

165 1627 282 1674 bant
300 1664 312 1686 7
341 1645 467 1674 conc.
489 1645 505 1682 ,·
533 1637 681 1675 totam
725 1628 1005 1694 plenamque
1033 1630 1333 1693 intrinsecam
1371 1629 1701 1693 perfectionem
1736 1647 1848 1677 con-

170 1712 326 1751 secuta
345 1721 441 1750 non
464 1712 534 1752 est
552 1722 578 1751 a
601 1703 760 1752 divino
781 1723 862 1751 suo
885 1704 1121 1752 conditore
1140 1742 1152 1764 7
1173 1723 1275 1769 noy.
1301 1706 1506 1752 Perfecta
1525 1723 1634 1752 sane
1653 1705 1847 1753 Ecclesia

167 1780 374 1845 prodivit
391 1818 405 1836 ,
421 1797 526 1827 cum
551 1798 577 1827 a
598 1780 784 1827 Christo
809 1781 1019 1828 instituta
1038 1789 1133 1839 est3
1157 1783 1363 1844 germina
1388 1781 1540 1827 omnia
1555 1798 1604 1827 ac
1618 1780 1848 1828 elementa

168 1856 335 1903 futurae
359 1855 481 1903 illius
504 1856 754 1918 maJ'estatis
781 1865 828 1903 et
851 1856 1036 1920 fulgoris
1051 1892 1065 1917 7
1091 1857 1151 1903 acl
1169 1873 1311 1921 quam
1332 1865 1514 1918 matura
1535 1857 1750 1920 pervenit
1767 1893 1778 1915 7
1800 1857 1849 1902 in

167 1933 332 1979 intima
367 1949 448 1979 sua
476 1942 642 1979 natura
678 1931 969 1992 asservabat,
1005 1932 1091 1979 etsi
1122 1949 1175 1979 ea
1211 1923 1333 1979 illico
1369 1948 1466 1978 non
1506 1931 1777 1997 explicuerit
1805 1940 1852 1979 et

169 2008 491 2057 maturaverit.
525 2008 596 2056 Ad
617 2008 704 2055 hoc
735 2009 861 2056 enim
899 2016 1109 2074 tempore
1142 2017 1188 2055 et
1230 2008 1504 2074 opportunis
1534 2025 1692 2055 rerum
1715 2007 1853 2055 vicis-
1885 2013 1888 2016 ’

170 2084 449 2131 situdinibus
469 2101 583 2150 opus
611 2093 708 2142 est3
739 2083 966 2149 siquidem
985 2084 1174 2131 societas
1204 2101 1284 2131 seu
1312 2101 1476 2150 corpus
1507 2083 1680 2130 morale
1700 2082 1852 2131 evolvi

171 2160 311 2208 debet
334 2161 480 2208 instar
522 2160 725 2225 corporis
760 2159 949 2225 physici.
987 2161 1277 2225 Quapropter
1311 2158 1505 2225 perinde
1530 2175 1580 2205 ac
1616 2158 1768 2205 infans
1798 2157 1851 2203 iis

173 2359 413 2413 Quicumque
436 2357 515 2397 vult
527 2359 672 2396 intrare
696 2357 747 2395 ad
766 2355 885 2405 ovile,
902 2369 973 2407 per
1039 2357 1124 2395 dere
1137 2369 1154 2405 ,·
1189 2357 1259 2407 qui
1295 2363 1423 2394 autem
1446 2368 1517 2407 per
1539 2356 1746 2392 maceriam
1780 2353 1856 2392 ad-

168 2425 306 2464 ostium
331 2426 470 2472 intret,
498 2423 695 2462 Christum
719 2436 849 2461 verum
866 2435 972 2474 proe-
1040 2420 1189 2459 scandit
1204 2450 1215 2469 7
1253 2419 1338 2458 ideo
1371 2420 1563 2458 emaltatur
1593 2427 1635 2458 ut
1659 2419 1785 2458 cadat.
1810 2419 1857 2457 Et

168 2489 316 2529 dicet...
344 2489 410 2526 sed
435 2490 581 2528 Christi
605 2487 765 2539 qloriam
794 2493 937 2538 quaerat
958 2516 969 2533 7
1039 2487 1171 2526 clarius
1195 2486 1315 2525 adhuc
1340 2485 1465 2524 Serm.
1496 2498 1577 2524 ηπ
1596 2514 1607 2532 ,
1629 2485 1673 2522 de
1689 2484 1856 2538 pastori-

168 2567 246 2593 που
273 2567 383 2592 suam
399 2569 413 2591 .·
427 2566 519 2592 ‘nam
542 2552 657 2592 multi
673 2551 872 2603 quoerendo
889 2550 970 2603 qlo—
1040 2552 1110 2590 bus
1126 2581 1137 2599 7
1160 2565 1268 2590 num.
1295 2549 1341 2590 18
1359 2564 1369 2589 :
1389 2550 1567 2589 Diversis
1581 2550 1673 2589 locis
1690 2580 1701 2598 7
1719 2550 1853 2601 inquit,

167 2622 269 2658 riam
296 2632 404 2658 suam
420 2648 430 2666 7
460 2632 543 2657 oves
574 2618 722 2657 Christi
753 2625 975 2670 sparserunt
1041 2623 1131 2655 sunt
1154 2616 1313 2654 diversa»
1332 2617 1481 2667 (sectae)
1507 2631 1518 2655 :
1544 2615 1610 2654 sed
1635 2628 1713 2653 una
1736 2620 1857 2651 mater

160 2687 293 2740 potius
313 2698 427 2736 quam
463 2690 796 2737 conyreqaverunt.
825 2683 974 2722 Humi-
1041 2682 1218 2734 superbia
1239 2695 1364 2720 omnes
1375 2683 1534 2733 qenuit7-
1556 2682 1655 2719 sicut
1666 2691 1748 2717 una
1770 2690 1854 2715 ma-

171 2751 218 2789 lia
229 2752 395 2789 estenim
396 2751 531 2803 janua
559 2749 734 2788 Christus
749 2749 944 2788 Dominus
960 2765 971 2786 :
1041 2755 1099 2786 ter
1118 2754 1247 2786 mostra
1268 2746 1454 2785 catholica
1476 2758 1603 2785 omnes
1626 2742 1854 2781 christianos

170 2817 240 2868 qui
268 2817 391 2854 intrat
405 2814 593 2868 perhanc
609 2817 807 2868 januam,
834 2820 976 2866 oportet
1040 2812 1168 2865 fideles
1206 2819 1277 2851 toto
1309 2812 1396 2852 orbe
1431 2811 1606 2864 diffusos.
1647 2807 1738 2846 Non
1770 2820 1856 2858 erqo

168 2881 342 2920 humiliet
365 2895 426 2926 se,
449 2888 492 2919 ut
514 2894 609 2919 sano
634 2881 757 2934 capite
772 2880 897 2932 possit
915 2880 976 2918 in·
1045 2879 1188 2916 mirum
1205 2908 1216 2927 7
1240 2878 1276 2915 si
1295 2876 1474 2930 superbia
1509 2875 1615 2927 par-it
1651 2872 1856 2910 discussio-

171 2954 284 2986 trare.
331 2947 415 3001 Qui
438 2953 563 2985 autem
598 2959 637 2984 se
665 2959 745 2984 non
776 2944 978 2994 humiliat,
1046 2956 1134 2981 nem
1153 2974 1163 2991 7
1187 2944 1329 2982 caritas
1353 2942 1553 2979 unitatem.
1587 2938 1684 2990 Opp.
1705 2946 1796 2977 tom.
1817 2951 1855 2984 v,

181 3011 245 3050 sed
265 3012 420 3061 extollit,
434 3026 507 3065 por
527 3013 733 3051 maceriam
751 3009 829 3050 vult
850 3023 976 3049 ascen·
1043 3008 1116 3048 col.
1141 3007 1236 3059 234.
