2028 3354
147 159 240 207 538

144 292 386 325 succurrant...
411 293 523 331 Quum
546 288 696 323 ecclesiae
718 292 755 323 et
765 291 922 333 pastores
944 291 981 325 in
1004 291 1153 327 solidum
1169 301 1371 332 concurrant
1394 299 1438 333 ad
1461 302 1670 336 sententiam
1692 301 1836 345 dogma-

142 346 250 381 ticam
261 345 456 385 ferendam,
482 346 517 378 et
537 354 656 379 omnes
676 343 795 379 fideles
817 345 853 379 in
876 355 916 380 ea
929 350 1027 381 s'uam
1051 348 1226 392 propriam
1241 348 1342 386 fidem
1357 358 1565 397 agnoscant,
1591 356 1743 400 porrecto
1758 366 1837 391 cum

143 400 268 434 intima
291 399 515 443 persuasione
538 399 605 443 ipsi
630 399 827 443 adhaerent,
861 411 901 436 ac
923 412 1000 436 cum
1024 403 1146 446 maJori
1170 403 1341 439 desiderio
1363 406 1565 444 defendendi
1590 413 1724 454 partem
1747 410 1837 445 hanc

143 456 334 491 communis
361 454 590 497 patrimonii,
618 455 712 500 quod
729 457 886 491 Ecclesiae
903 459 986 491 Jesu
1009 458 1139 492 Christi
1151 460 1371 495 commissum
1395 466 1459 497 est.
1483 467 1527 498 Et
1550 467 1632 509 quia
1657 475 1836 507 assensus,

143 520 246 554 quem
270 509 465 543 definitioni
478 513 663 553 praestant,
690 510 991 556 disquisitionem,
1014 514 1243 557 cognitionem
1270 526 1378 552 causae
1402 521 1437 552 et
1448 518 1608 555 doctrinae
1620 520 1842 565 dijudicatio-

143 573 221 597 nem
249 564 414 607 supponit
434 591 443 606 ,
477 564 554 598 ideo
574 565 609 598 in
635 565 719 609 ipsis
747 566 906 610 producit
929 577 996 602 non
1019 578 1145 603 coecam
1169 571 1357 614 quamdam
1394 572 1621 609 obedientiam
1636 601 1647 617 ,
1674 576 1735 609 sed
1758 576 1844 609 illu-

144 619 312 653 minatam
347 620 606 661 persuasionem
622 645 631 662 ,
666 624 702 654 et
725 622 969 657 rationabilem
993 634 1174 658 assensum
1197 626 1302 660 verbo
1325 626 1440 661 Dei....
1464 630 1508 660 Et
1532 628 1563 672 g.
1586 631 1612 663 L
1636 641 1645 663 :
1669 630 1841 670 Quoniam

140 675 242 708 Jesus
272 673 432 707 Christus
455 674 677 719 privilegium
699 675 895 711 inerrantiae
917 703 927 720 ,
960 688 1027 713 non
1052 678 1192 714 definito
1220 681 1357 715 cuidam
1379 692 1524 716 numero
1551 692 1692 726 eorum,
1725 686 1786 729 qui
1809 686 1845 718 in

141 729 297 763 Ecclesia
330 732 413 763 sunt
428 755 438 772 ‚
469 730 621 775 legavit,
644 732 703 766 sed
731 733 794 766 toti
829 734 963 778 corpori
989 737 1167 778 Ecclesiae,
1192 736 1269 772 ideo
1295 748 1364 772 non
1387 739 1549 782 promisit
1569 739 1643 774 fore
1665 742 1707 774 ut
1727 741 1763 774 in
1784 741 1849 775 do-

142 785 264 819 ctrinis
277 810 286 827 ,
312 785 354 820 (le
378 786 506 830 quibus
527 787 668 830 litigant
683 787 895 830 Christiani,
926 790 1055 825 veritas
1070 801 1175 833 penes
1187 792 1353 839 majorem
1372 795 1427 829 vel
1440 795 1608 829 minorem
1632 794 1847 840 litigantium

143 849 328 874 numerum
353 845 456 876 esset.
736 842 738 844 ’

701 1248 989 1296 soffonias
1007 1236 1297 1298 LECTORI.

209 1515 366 1577 Quum
412 1513 569 1561 doctos
606 1513 776 1561 harum
805 1515 1051 1579 regionum
1094 1516 1218 1564 viros
1258 1533 1447 1582 prorsus
1484 1517 1687 1566 laterent
1714 1519 1851 1567 Notae

144 1594 200 1638 in
217 1592 607 1639 Constitutionem
629 1591 877 1639 Aucronnnr
892 1593 1033 1648 Finm,
1046 1609 1160 1658 quas
1172 1591 1230 1640 cl.
1244 1593 1362 1643 Xav.
1380 1595 1447 1641 De
1464 1593 1611 1642 Feller
1620 1594 1853 1659 scripsisse

145 1667 292 1714 fertur
320 1685 345 1713 a
376 1666 501 1714 doct.
528 1666 776 1715 Cardinale
803 1666 1009 1715 Gerdilio
1030 1706 1044 1725 ,
1071 1685 1155 1716 nec
1180 1669 1278 1716 ullo
1300 1680 1610 1717 monumento
1637 1670 1851 1735 publico,

145 1742 239 1791 imo
261 1760 347 1791 nec
369 1753 557 1809 patrum
582 1744 807 1792 memoria
826 1753 1059 1793 constaret
1076 1744 1397 1794 doctissimum
1418 1747 1573 1796 virum
1595 1747 1853 1814 quidquam

143 1821 415 1883 hujusmodi
456 1820 659 1868 edidisse
693 1858 706 1881 ⁷
762 1822 823 1869 ad.
861 1821 1036 1869 calcem
1076 1821 1328 1870 voluminis
1370 1824 1429 1870 IV
1473 1823 1613 1886 hujus
1652 1824 1804 1887 operis
1838 1859 1852 1882 ‚

145 1896 313 1944 harum
345 1905 566 1944 notarum
599 1897 894 1944 authentiam
922 1898 973 1944 in
995 1897 1198 1946 dubium
1227 1899 1577 1960 revocavimus3
1608 1907 1680 1960 et,
1704 1897 1854 1945 allatis

145 1972 378 2039 opinionis
422 1981 595 2020 nostrae
640 1973 892 2020 momentis
920 2009 933 2033 ,
985 1975 1215 2037 negativis
1251 1975 1445 2039 quidem
1475 2009 1489 2033 ,
1535 1974 1617 2022 sed
1660 1975 1855 2023 minime

145 2049 422 2114 spernendis
438 2088 448 2106 ‚
477 2049 800 2097 demonstrare
825 2050 980 2096 conati
1007 2065 1168 2095 sumus
1184 2084 1197 2107 a
1231 2050 1388 2097 Notas
1412 2067 1543 2114 quas.
1567 2050 1704 2099 Card.
1738 2053 1857 2098 Ger—

147 2125 281 2174 dilius
319 2125 509 2186 refellit,
535 2127 731 2177 Xaverio
758 2127 826 2173 De
861 2124 1013 2173 Feller
1031 2142 1128 2172 non
1149 2142 1247 2173 esse
1277 2125 1567 2173 tribuendas.

209 2203 269 2252 At
287 2205 341 2251 R.
357 2206 405 2250 P.
421 2204 626 2251 Perrone
644 2239 657 2262 ,
684 2204 757 2250 cui
775 2219 848 2250 res
865 2202 1043 2267 optime
1059 2210 1160 2250 erat
1183 2211 1444 2268 perspecta,
1460 2211 1655 2250 testatus
1673 2210 1743 2248 est
1761 2237 1773 2261 ,
1807 2219 1855 2250 se

146 2296 243 2345 prae
265 2279 487 2328 manibus
509 2278 682 2328 habere
704 2278 920 2346 epistolas
933 2278 1242 2345 autographas
1257 2313 1271 2340 ‚
1299 2278 1466 2344 quibus
1478 2280 1594 2327 Xav.
1618 2279 1686 2325 De
1705 2277 1857 2326 Feller

147 2372 195 2402 se
215 2356 461 2407 Natarum
484 2365 721 2404 auctorem
742 2373 862 2418 esse,
894 2356 1008 2421 quin
1031 2356 1126 2403 imo
1145 2365 1192 2403 et
1208 2354 1344 2402 Card.
1370 2354 1572 2403 Gerdilio
1590 2370 1638 2401 se
1666 2371 1857 2418 respon-

147 2447 309 2478 surum
338 2433 498 2480 asserit
522 2453 534 2492 ς
572 2432 744 2481 harum
765 2432 1068 2498 epistolarum
1090 2430 1328 2497 exemplar
1355 2430 1415 2477 ad
1437 2448 1520 2478 nos
1539 2431 1726 2478 mittere
1752 2430 1856 2494 di„-

147 2517 283 2556 natus
309 2518 377 2558 est
399 2508 456 2557 cl.
480 2519 662 2569 auctor3
684 2519 970 2575 quapropter
992 2510 1215 2557 lectorem
1238 2507 1530 2556 monendum
1556 2507 1821 2557 censuimus
1842 2544 1856 2569 a

149 2583 314 2647 dubia‚
341 2585 510 2652 quaein
527 2586 765 2636 volumine
788 2588 846 2635 IV
862 2585 1167 2638 movebamus
1184 2621 1197 2646 ‚
1223 2602 1413 2652 prorsus
1435 2585 1698 2636 evanuisse.
