2028 3354
1691 211 1788 258 481

294 224 419 257 PART.
456 227 489 255 1.
529 225 646 256 SEGT.
683 225 732 255 Π.
775 227 871 257 GAP.
909 226 977 257 111.
1019 228 1071 257 DE
1111 227 1215 257 NAT.
1255 228 1306 257 ΕΤ
1342 228 1441 259 JUR.
1478 227 1599 258 PRlM.

102 334 210 383 fidei
230 335 413 385 decreta
437 337 668 401 suscipere
687 355 739 385 ac
763 341 976 386 venerari
1011 341 1076 387 uti
1107 338 1366 386 infallibilia
1407 357 1486 388 seu
1524 341 1789 388 irretracta-

100 410 247 459 bilia?
273 413 380 460 Haec
408 413 563 471 enim,
593 414 663 460 uti
684 414 975 462 ostendimus
993 451 1005 474 ,
1040 416 1137 462 vim
1171 414 1350 463 habent
1380 433 1439 463 ex
1473 433 1522 463 se
1556 415 1792 481 obligandi

103 506 290 536 omnem
322 488 591 548 Ecclesiam‚
618 490 679 536 ita
714 499 766 537 ut
782 490 913 538 nullo
948 491 1088 538 modo
1121 492 1268 555 possit
1300 493 1524 557 suspendi
1553 508 1790 552 assensus,

102 564 249 613 donec
270 564 454 612 accedat
486 567 738 631 acceptatio
771 568 911 614 totius
946 566 1171 614 Ecclesiae.
1198 566 1332 614 Addo
1348 603 1360 625 ,
1399 568 1498 615 fieri
1520 585 1616 614 non
1632 584 1765 632 posse
1782 605 1795 629 ,

101 649 159 688 ut
181 639 375 687 Ecclesia
394 640 664 689 adversetur
682 642 885 689 Concilio
908 641 1113 706 legitimo
1135 643 1424 689 oecumenico
1439 679 1451 702 .,
1478 642 1606 707 quod
1625 661 1799 709 reprae-

102 725 256 764 sentat
267 716 515 764 Ecclesiam
538 718 709 781 ipsam3
738 717 942 782 alioquin
971 717 1057 763 sibi
1084 717 1173 781 ipsi
1190 716 1544 777 adversaretur,
1569 719 1695 783 quod
1727 728 1797 767 est

101 791 355 839 absurdum
394 801 441 840 et
469 801 628 840 contra
663 792 1018 858 pollicitationes
1055 791 1245 838 Christi.
1280 791 1416 849 Quod
1444 791 1637 840 demum
1673 812 1800 859 spec-

100 876 170 915 tat
199 868 258 914 ad
281 867 384 915 illos
411 868 648 932 theologos
673 882 924 923 romanos,
963 884 1079 932 quos
1110 865 1402 914 adversarius
1433 884 1491 913 ex
1522 870 1799 918 auctoritate

100 945 332 992 Bouvierii
353 951 685 992 commemorat
701 978 713 1001 ‚
737 959 824 989 nec
850 943 950 989 sine
978 942 1130 1008 aliqua
1153 941 1429 990 infidelitate
1454 942 1545 1006 (1),
1571 944 1676 992 illos
1698 963 1798 993 non

100 1038 366 1080 moramur3
400 1038 506 1068 cum
531 1018 673 1065 iidem
692 1035 789 1064 non
821 1019 916 1064 sint
930 1021 1152 1078 romam·7
1177 1017 1259 1065 sed
1294 1018 1369 1066 vel
1394 1020 1662 1080 janseniani
1680 1057 1692 1081 a
1726 1022 1803 1070 vel

102 1096 162 1144 de
177 1095 539 1159 jansenianismo
570 1094 771 1158 suspecti
789 1129 802 1152 .‚
833 1110 948 1158 quos
967 1111 1119 1159 nuper
1148 1093 1509 1141 confutavimus.
1553 1095 1661 1144 [deo
1683 1099 1804 1145 Jan-

102 1173 279 1220 seniani
300 1171 386 1217 hoc
404 1170 624 1234 effugium
648 1169 994 1233 excogitarunt,
1019 1178 1072 1216 ut
1087 1205 1100 1228 a
1122 1171 1159 1216 si
1177 1169 1462 1230 Concilium,
1490 1170 1551 1218 ad
1574 1173 1701 1237 quod
1726 1191 1805 1240 ap-

98 1248 354 1314 pellarunt,
370 1245 682 1293 celebraretur
695 1281 708 1304 ‚
727 1254 921 1310 possent
938 1249 1036 1307 ejus
1056 1244 1243 1292 eludere
1262 1245 1590 1295 auctoritatem
1609 1284 1622 1307 7
1642 1251 1802 1314 prouti

100 1322 285 1372 eludere
321 1322 472 1369 adnisi
508 1330 619 1368 sunt
653 1322 1008 1369 constitutiones
1046 1321 1338 1387 pontificia5.,
1382 1339 1407 1368 a
1448 1322 1617 1387 quibus
1664 1326 1799 1374 toties

100 1399 308 1448 damnati
335 1406 447 1446 sunt
477 1406 615 1464 atque
644 1397 831 1463 protriti
856 1398 944 1463 (2).

158 1576 210 1629 (1)
239 1575 325 1615 Dixi
343 1604 353 1623 ,
368 1589 443 1614 non
462 1577 541 1614 sine
554 1574 680 1627 aliqua
694 1574 914 1613 infidelitate

103 1644 356 1681 auctoritatem
367 1640 416 1680 cl.
430 1640 765 1689 Bouvieriiafferri,
787 1639 833 1679 ab
850 1641 916 1679 ad-

104 1709 288 1757 versari03
322 1721 409 1744 nam
441 1708 518 1759 ipse
548 1707 600 1745 sic
630 1706 739 1744 refert
763 1707 915 1758 perinde

104 1786 147 1811 ac
164 1773 195 1810 si
205 1772 269 1811 ille
280 1773 424 1810 dixisset
440 1801 451 1818 ‚
475 1772 618 1824 aliquos
634 1772 824 1825 theologos
839 1775 917 1823 opi-

104 1839 197 1885 nari,
210 1836 385 1875 Ecclesiae
409 1837 712 1889 approbationem
727 1842 841 1875 totam
854 1852 916 1876 au·

107 1904 312 1941 ctoritatem
337 1900 505 1941 Concilio
529 1904 688 1953 generali
726 1902 914 1950 tribuere3

106 1974 162 2005 ast
185 1964 281 2004 illud
301 1973 414 2005 totam
441 1967 486 2006 de
509 1980 574 2005 suo
600 1968 734 2020 adjecit
754 1967 914 2006 Palmer.

106 2030 185 2070 cfr.
206 2031 417 2070 edit.Paris.
437 2030 556 2082 1834,
575 2042 709 2081 tom.1‚
726 2048 806 2086 pag.
819 2032 911 2073 353.

107 2095 277 2135 Ceterum
298 2096 457 2135 Bouvier
479 2111 555 2136 non
589 2101 661 2149 agit
686 2101 758 2137 nisi
788 2100 834 2137 de
852 2113 917 2137 au-

107 2164 275 2201 ctoritate
304 2163 508 2201 extrinseca
532 2192 542 2210 ,
571 2170 612 2201 ut
634 2170 733 2215 patet
761 2172 841 2201 tum
873 2176 915 2202 ex

111 2227 294 2267 solutione
314 2230 429 2267 tertiae
454 2228 671 2281 objectionis
687 2259 697 2277 ‚
711 2229 777 2268 ubi
798 2231 887 2269 dicit
906 2243 917 2268 :

110 2292 142 2331 I
136 2294 242 2344 yitur
247 2293 289 2332 E
290 2293 399 2333 cclesi
400 2308 433 2333 ω
443 2297 649 2348 acceptatio
660 2297 919 2334 auctoritatem

112 2356 281 2399 Concilio
301 2373 377 2398 non
396 2361 534 2401 tribuit
544 2376 561 2411 ,-
585 2370 667 2400 tum
691 2364 732 2400 in
754 2363 825 2401 loc.
850 2361 917 2400 cit.

111 2424 159 2463 ab
184 2425 415 2474 adversario,
436 2427 503 2466 uhi
528 2435 610 2480 post
637 2430 786 2467 recitata
812 2428 919 2466 verba

110 2492 322 2531 immediate
347 2493 472 2531 subdit
488 2506 500 2533 ι
515 2493 569 2532 At
586 2508 701 2546 yrave
715 2496 922 2533 incommo-

109 2557 203 2595 dum
220 2558 312 2594 inde
332 2570 410 2595 ‘non
426 2560 600 2609 sequitur
609 2573 624 2606 ,·
635 2571 729 2596 nam
748 2559 816 2597 nbi
830 2573 920 2597 con-

109 2622 250 2672 stabit,
271 2622 492 2661 Concilium
511 2623 668 2674 aliquod
686 2632 729 2661 ut
748 2623 923 2675 qenerale

110 2688 160 2727 ab
183 2677 359 2727 Ecclesia
381 2688 504 2740 fuisse
535 2696 723 2741 receptum
744 2720 755 2738 ‚
779 2697 923 2728 cereum

112 2755 210 2803 erit,
235 2756 361 2807 ipsius
393 2754 543 2793 decreta
564 2768 641 2793 esse
667 2754 712 2793 de
735 2755 825 2807 fide.
856 2755 924 2794 His

111 2826 238 2858 tamen
250 2819 425 2872 theologis
439 2834 505 2858 nos
518 2812 921 2860 minime'assentimur.

175 2885 228 2936 (2)
258 2887 377 2939 Atque
420 2886 499 2924 haec
542 2887 718 2925 hactenus
756 2886 925 2925 adversus

114 2950 283 2999 Palma,
299 2951 433 2991 frustra
446 2952 707 2991 catholicorum
720 2951 924 2991 doctrinam

114 3024 322 3069 pervertere
372 3026 565 3057 conantem
589 3050 599 3068 ‚
643 3026 685 3057 ut
728 3018 926 3072 desperatae

248 3083 301 3129 T.
341 3083 459 3131 VIII.

980 1587 1098 1613 causae
1110 1587 1184 1613 suae
1197 1575 1461 1628 undecumque
1471 1577 1684 1628 praesidium
1701 1592 1801 1632 quae-

982 1649 1050 1679 rat.
1066 1641 1161 1679 Cum
1178 1654 1264 1678 vero
1279 1640 1325 1679 de
1339 1644 1532 1680 recentiori
1550 1643 1678 1683 schola
1694 1644 1804 1683 theo-

984 1706 1103 1759 logica
1144 1705 1345 1744 oxoniensi
1387 1706 1592 1746 identidem
1634 1709 1746 1747 fuerit
1785 1726 1805 1750 a

983 1771 1091 1810 nobis
1115 1779 1237 1810 actum
1254 1800 1265 1820 ,
1294 1772 1470 1824 quaeilli,
1495 1772 1585 1811 dum
1613 1774 1691 1812 haec
1718 1774 1805 1813 vul-

983 1851 1135 1889 gamus,
1172 1838 1286 1875 tristia
1323 1850 1411 1875 sane
1442 1838 1517 1875 fata
1548 1840 1802 1891 impendant,

980 1905 1115 1956 juverit
1124 1903 1375 1941 referre.lnter
1391 1905 1522 1954 scripta
1537 1903 1601 1942 illa
1617 1917 1698 1957 quae
1711 1904 1802 1945 inde

981 1968 1204 2021 jampridem
1234 1968 1435 2020 prodeunt,
1458 1967 1527 2007 sub
1549 1970 1656 2008 titulo
1674 1968 1808 2010 Tracta

978 2033 1044 2084 for
1067 2033 1127 2072 the
1158 2032 1292 2072 Times
1310 2062 1321 2081 ‚
1351 2033 1500 2072 extabat
1520 2034 1590 2072 suh
1615 2049 1724 2074 num.
1747 2049 1801 2089 90

984 2105 1160 2137 tractatus
1175 2099 1327 2152 quidam
1341 2101 1534 2138 continens
1551 2098 1803 2139 Observa-ada

984 2178 1100 2216 super
1125 2179 1232 2203 xxxix
1256 2166 1421 2203 articulis
1437 2195 1448 2212 ,
1473 2165 1538 2203 ubi
1558 2167 1703 2204 articuli
1718 2169 1803 2215 isti,

986 2231 1182 2281 anglicanae
1198 2231 1283 2268 fidei
1298 2230 1645 2282 propugnaculum,
1666 2234 1715 2269 ita
1735 2246 1801 2270 ex-

986 2297 1232 2347 planabuntur
1255 2304 1296 2334 ut
1323 2297 1368 2334 ad
1396 2296 1587 2335 meliorem
1603 2298 1803 2349 quemdam

987 2375 1134 2400 sensum
1148 2392 1158 2410 ‚
1179 2364 1370 2414 magisque
1385 2376 1405 2400 a
1421 2365 1707 2413 protestantismi
1725 2364 1805 2415 pla-

987 2430 1066 2467 citis
1099 2428 1358 2468 abhorrentem
1387 2429 1712 2479 pertraherentur,
1751 2439 1805 2469 at-

989 2508 1060 2545 que
1087 2495 1158 2533 hoc
1188 2503 1332 2532 tantum
1371 2495 1481 2532 modo
1509 2494 1581 2532 illis
1615 2495 1803 2534 subscribi

988 2572 1090 2609 posse
1113 2559 1420 2598 contendebatur.
1444 2559 1490 2597 At
1515 2562 1617 2598 enim
1644 2564 1798 2599 univer-

990 2625 1104 2662 sitatis
1137 2624 1355 2663 Oxoniensis
1398 2632 1555 2663 rectores
1570 2655 1581 2672 ‚
1619 2633 1802 2677 quotquot

989 2697 1096 2737 sunt,
1113 2690 1270 2730 solemni
1287 2690 1410 2728 habita
1423 2693 1702 2739 convocatione,
1724 2693 1803 2730 edi-

990 2761 1103 2807 toque
1116 2756 1163 2794 ab
1182 2758 1259 2809 ejus
1275 2754 1612 2794 Vice·Cancellario
1632 2757 1777 2795 decreto
1789 2787 1801 2805 ‚

990 2821 1165 2872 scriptum
1194 2821 1266 2858 hoc
1301 2822 1512 2872 nuperrime
1547 2821 1799 2870 damnarunt,

992 2895 1117 2938 utpote
1150 2889 1250 2940 quod
1283 2886 1351 2939 (ut
1380 2890 1485 2926 aiunt
1510 2888 1700 2938 expresse)
1728 2902 1804 2926 non

992 2953 1215 3004 explanatio,
1245 2953 1307 2991 sed
1321 2954 1440 2991 erasio
1452 2952 1601 2991 illorum
1622 2954 1801 2990 articulo-

991 3031 1075 3059 rum
1110 3028 1227 3068 esset,
1262 3018 1447 3059 erroribus
1472 3026 1648 3066 scateret,
1678 3025 1714 3057 et
1736 3031 1804 3058 an-

1541 3081 1598 3127 31
