2028 3354
312 212 441 241 PART.
483 213 514 241 1.
556 210 673 241 SECT.
709 210 759 239 11.
796 209 891 240 GAP.
927 208 990 240 111.
1029 211 1082 238 ΒΕ

1709 194 1802 241 495

1118 211 1224 239 ΝΑΤ.
1261 211 1314 239 ΕΤ
1350 211 1450 241 JUR.
1491 210 1613 241 PRIM.

121 335 287 373 rentur
320 325 602 384 Ordinariis,
638 333 684 371 et
714 324 958 390 Episcopos
986 323 1108 371 ultro
1147 324 1285 371 fassos
1321 324 1489 385 fuisse,
1523 344 1572 374 se
1603 327 1805 392 impares

123 403 320 449 omnino
340 418 436 449 esse
458 400 517 448 ad
543 417 618 447 eos
648 399 881 448 tollendos
900 438 911 460 ‚
932 409 1010 447 aut
1039 400 1097 447 ad
1118 400 1412 465 disciplinam
1447 402 1495 448 in
1534 420 1615 450 suo
1651 404 1806 468 vigore

119 478 459 526 restituendam
485 477 574 540 (1).
598 476 732 535 Quod
754 493 861 525 vero
881 476 939 523 ad
958 477 1229 523 clericorum
1246 477 1415 524 attinet
1434 478 1771 544 appellationes
1792 516 1805 541 ‚

117 571 222 601 cum
263 558 397 616 juxta
445 553 773 601 Tridentinum
809 553 1054 602 sententiae
1088 553 1410 601 executionem
1443 553 1535 602 illae
1578 573 1673 604 non
1702 573 1822 605 sus-·

113 630 354 695 pendant,
378 630 558 696 quoties
577 630 636 677 de
659 628 864 677 moribus
902 629 1052 692 agitur
1079 628 1178 693 (2),
1220 638 1375 691 patet,
1420 648 1476 677 ex
1516 631 1580 678 eis
1622 633 1808 682 nullum

114 706 396 756 facinoribus
416 706 594 753 aditum
615 706 798 771 aperiri.
834 705 1016 753 Accedit
1034 713 1255 768 praeterea
1270 739 1282 763 e
1308 706 1557 771 Episcopos
1578 709 1626 755 in
1657 710 1808 774 pluri—

118 782 205 829 bus
234 782 439 843 casibus,
461 793 686 848 tanquam
722 782 952 845 delegatos
977 780 1251 845 apostolicos
1278 783 1644 832 extraordinaria
1679 797 1809 850 pote-

113 868 232 906 state
256 859 473 924 praeditos
490 877 606 917 esse,
625 876 681 905 ex
703 856 907 927 ejusdem
922 856 1112 904 Concilii
1127 857 1384 904 Tridentini
1398 858 1701 924 dispositione
1718 864 1807 928 (3);

111 935 227 982 item
254 934 572 998 metropolitas
600 935 651 980 in
676 950 781 980 suos
816 933 1127 996 suffraganeos
1149 970 1160 992 a
1191 952 1377 981 necnon
1406 937 1696 1001 patriarchas
1727 957 1810 987 seu

111 1011 335 1075 primates
369 1012 419 1057 in
454 1009 771 1074 metropolitas
795 1018 843 1055 et
870 1009 1117 1074 Episcopos
1140 1014 1245 1072 jura
1270 1028 1350 1057 sua
1373 1028 1605 1062 exercere.
1629 1016 1809 1063 Partim

112 1087 251 1149 igitur
283 1086 417 1144 falsa,
450 1085 622 1148 partim
648 1093 916 1148 exaggerata
936 1094 1046 1132 sunt
1064 1122 1075 1144 a
1103 1102 1205 1151 quae
1232 1086 1291 1134 ad
1323 1087 1553 1136 invidiam
1591 1091 1806 1140 conflan-

113 1162 222 1209 dam
256 1163 305 1208 in
335 1161 503 1208 Sedem
536 1159 835 1226 apostolicam
857 1161 1107 1209 adversarii
1131 1164 1578 1226 comminiscuntur⁷
1612 1168 1809 1233 perinde

112 1255 164 1285 ac
201 1239 237 1284 si
263 1236 436 1284 subditi
471 1253 633 1285 omnes
666 1235 725 1284 ab
754 1237 1023 1286 immediata
1064 1240 1357 1305 superiorum
1391 1258 1583 1290 suorum
1608 1244 1805 1306 jurisdi-

108 1315 261 1362 ctione
283 1322 565 1361 arcerentur.

172 1390 286 1436 722.
328 1389 398 1436 Ad
429 1389 517 1449 5¹1¹7
557 1391 690 1455 Resp.
725 1391 896 1438 iterum
922 1390 1103 1439 nullam
1137 1391 1276 1439 aliam
1311 1393 1531 1457 regulam*
1555 1398 1805 1462 pontificiae

105 1466 372 1512 auctoritati
408 1466 580 1530 praefigi
615 1483 745 1531 posse
775 1476 946 1532 praeter
976 1485 1111 1527 eam,
1136 1486 1278 1534 quam
1305 1472 1347 1517 ei
1374 1473 1575 1535 praefixit
1596 1474 1806 1522 Christus

166 1626 217 1677 (l)
247 1626 325 1666 Cfr.
351 1630 447 1667 inter
465 1638 617 1677 caetera,
650 1642 733 1682 quae
768 1630 814 1669 de
847 1644 925 1669 mo-

117 1692 245 1731 nachis
264 1706 340 1731 non
360 1696 538 1746 exemptis
553 1696 609 1733 sui
624 1697 797 1747 temporis
811 1698 923 1748 scrip·

115 1759 162 1795 sit
185 1756 404 1807 Ratherius,
426 1763 467 1798 in
485 1774 547 1799 sex
570 1760 672 1799 libris
690 1761 926 1814 Praeloquio-

114 1837 228 1873 rum,
256 1826 295 1862 in
324 1827 389 1863 cit.
415 1827 507 1865 edit.
540 1827 612 1865 col.
642 1841 669 1880 9
697 1837 732 1866 et
761 1843 864 1883 seqq.
891 1839 926 1868 ct

114 1892 155 1928 in
189 1889 431 1942 Confessione
463 1906 529 1930 seu
554 1892 746 1946 Emer-pto
773 1908 820 1933 ex
840 1895 926 1933 dia-

113 1954 194 2006 loqo
224 1956 493 2006 confessionali
507 1986 519 2005 ‚
555 1958 649 1997 ibid.
684 1960 755 1998 col.
783 1960 863 2014 249
891 1970 925 2000 et

113 2032 225 2072 seqq.
243 2028 285 2057 ut
295 2021 440 2060 silentio
453 2031 677 2074 praeteream,
698 2039 779 2078 quae
796 2039 843 2064 ex
854 2027 924 2065 his-

115 2086 203 2123 toria
218 2086 463 2125 ecclesiastica
482 2101 534 2135 lv,
550 2103 572 2126 v
588 2119 599 2137 ,
623 2098 691 2128 etc.
714 2092 922 2131 seculorum

122 2152 203 2189 erui
215 2159 378 2202 possent.

171 2215 230 2264 (2)
257 2214 349 2257 Sess.
375 2232 467 2266 xm,
498 2232 580 2272 cap.
610 2234 624 2258 1
646 2246 658 2266 ‚
685 2218 744 2259 De
768 2223 923 2273 refhrm.

115 2288 195 2318 tum
209 2294 297 2320 sess.
325 2297 403 2322 xxu
418 2314 428 2331 ‚
451 2298 532 2337 cap.
565 2297 579 2323 1
600 2316 610 2331 ‚
639 2284 696 2324 De
714 2285 871 2338 reform.

173 2344 227 2396 (3)
258 2345 332 2387 Vel
355 2351 432 2401 ipse
458 2350 678 2399 Bossuetus‚
702 2354 741 2391 in
756 2367 925 2394 sermone

115 2410 242 2449 habito
266 2413 313 2451 ad
333 2417 479 2454 comitia
514 2407 600 2455 cleri
634 2417 814 2458 Gallicani
856 2420 924 2459 Pa-

114 2477 208 2514 risiis
237 2473 360 2526 1681,
394 2478 623 2533 distinguens
658 2492 875 2535 potestatem
904 2502 924 2525 a

114 2540 263 2580 Christo
287 2542 391 2582 Petro
410 2546 583 2585 collatam
605 2547 651 2585 ab
684 2547 748 2587 illa
765 2578 777 2599 ,
811 2565 924 2603 quam

113 2608 273 2646 contulit
308 2609 488 2661 Apostolis
509 2639 521 2658 ‚
553 2621 673 2664 aperte
703 2615 921 2665 profitetur,

112 2681 329 2723 potestatem
352 2674 457 2715 Petro
493 2675 666 2716 traditam
703 2680 815 2718 fuisse
856 2694 922 2719 su-

107 2749 180 2788 per
196 2751 326 2777 omnes
349 2741 432 2778 sine
446 2743 697 2790 restrictione,
729 2758 800 2783 nee
825 2745 922 2785 alios

113 2805 293 2843 terminos
312 2804 462 2854 habere,
490 2809 571 2846 nisi
589 2822 680 2860 quos
695 2811 921 2862 praescribit

114 2879 265 2908 saecu.
281 2869 368 2911 Ello
393 2870 462 2911 n'a
489 2873 533 2911 de
562 2873 697 2912 bernes
719 2889 792 2927 que
811 2876 921 2916 celles

114 2945 185 2983 que
198 2933 323 2975 donne
338 2936 376 2975 la
390 2945 514 2979 nitens.
532 2938 623 2978 Haec
633 2949 756 2980 autem
777 2942 916 2996 regula,

114 3001 173 3038 cui
206 3000 354 3042 suberat
384 3004 483 3044 idem
520 3006 673 3055 Petrus,
708 3010 775 3060 qui
806 3021 922 3062 super

991 1645 1120 1670 omnes
1141 1634 1224 1671 sine
1246 1636 1491 1674 restrictione
1511 1638 1707 1689 praefectus
1722 1641 1805 1680 fue-

992 1706 1074 1746 rat,
1106 1698 1208 1738 nulla
1235 1699 1293 1738 lex
1326 1701 1490 1740 humana
1521 1715 1599 1742 esse
1635 1713 1804 1756 poterat,

992 1765 1056 1802 sed
1071 1764 1252 1803 naturalis
1270 1779 1312 1804 ac
1333 1767 1458 1806 divina
1472 1797 1482 1816 ,
1511 1783 1646 1820 nempe
1662 1771 1805 1810 honum

993 1830 1174 1869 Ecclesiae.
1195 1831 1292 1871 Hinc
1322 1832 1487 1872 Gelasins
1503 1866 1512 1882 ,
1540 1835 1672 1888 Epist.
1710 1852 1801 1889 xm,

991 1896 1045 1933 ad
1068 1895 1280 1937 Dardanioe
1311 1898 1549 1952 Episcopo-s,
1581 1903 1670 1942 edit.
1703 1904 1804 1945 Ven.

992 1961 1132 2010 Coleti‚
1160 1964 1231 2002 col.
1259 1963 1363 2011 326,
1392 1966 1575 2006 scribebat
1607 1982 1618 2006 :
1653 1968 1804 2009 Unius-

991 2030 1174 2081 enjusque
1205 2027 1359 2080 Synodi
1389 2033 1636 2072 constitutum
1655 2065 1665 2083 ‚
1704 2037 1806 2087 quod

992 2093 1220 2132 universalis
1247 2095 1435 2136 Ecclesiae
1464 2098 1646 2150 probavit
1675 2114 1804 2140 assen-

992 2171 1077 2207 sus,
1097 2172 1176 2197 non
1187 2159 1359 2212 aliquam
1375 2165 1501 2215 maqis
1518 2170 1656 2217 exequi
1669 2165 1806 2206 Sedem

987 2237 1071 2276 proe
1098 2228 1232 2264 ceteris
1259 2236 1427 2280 oportere
1461 2243 1577 2281 quam
1603 2233 1806 2284 primam,

990 2304 1074 2342 quae
1103 2299 1139 2329 et
1161 2306 1468 2346 unamquamque
1501 2294 1705 2348 Synodwm
1733 2312 1806 2339 sua

990 2359 1214 2396 auctoritate
1246 2360 1474 2410 confirmat,
1509 2370 1545 2400 et
1575 2365 1805 2404 continuata

991 2424 1248 2463 moderatione
1266 2427 1432 2465 custodit
1445 2457 1455 2471 ,
1472 2441 1546 2480 pro
1568 2443 1637 2468 suo
1659 2431 1806 2471 scilicet

985 2489 1237 2541 principatu,
1254 2504 1364 2542 quem
1378 2491 1511 2531 beatus
1527 2494 1670 2533 Petrus
1694 2496 1804 2550 Apo-

990 2553 1107 2592 stolus
1129 2554 1295 2594 Domini
1307 2570 1394 2595 voce
1411 2566 1647 2611 perceptum,
1663 2560 1801 2601 Eccle-

990 2619 1050 2657 sia
1064 2620 1320 2660 nihilominus
1340 2623 1604 2676 subsequente,
1623 2634 1659 2664 et
1680 2629 1804 2666 tenuit

990 2696 1136 2737 semper
1154 2693 1189 2724 et
1212 2689 1360 2727 retinet.
1382 2689 1436 2728 Ex
1456 2691 1592 2743 quibus
1608 2696 1802 2744 postremis

990 2751 1111 2789 verbis
1143 2766 1270 2792 sensus
1295 2764 1444 2806 apparet
1479 2759 1644 2808 priorum
1673 2760 1805 2799 verbo-

986 2829 1068 2854 rum
1086 2829 1098 2854 :
1119 2819 1220 2869 quod
1238 2820 1474 2859 universalis
1500 2820 1683 2863 Ecclesioe
1709 2838 1803 2877 pro-

986 2880 1092 2920 bavit
1116 2895 1317 2933 assensus,
1342 2886 1479 2939 quibus
1508 2891 1683 2929 nonnulli
1709 2891 1803 2930 male

987 2946 1211 2988 abutuntur.
