2028 3354
234 206 330 254 464

704 225 860 255 TRACT.
899 225 953 253 DE
989 223 1106 255 LOCIS
1141 227 1437 262 THEOLOGICIS.

230 338 406 386 tionem
454 336 641 384 Concilii
686 337 1187 403 Constantinopolitani
1226 341 1243 386 I
1280 360 1305 389 a
1342 347 1538 392 Damaso
1576 348 1771 407 factam3
1809 364 1915 396 cum

229 422 399 479 praeter
410 412 653 477 epistolam
668 413 841 477 Synodi
862 451 873 474 ,
895 432 1034 479 quam
1055 415 1196 463 refert
1208 416 1518 468 Theodoretus
1532 431 1579 469 et
1597 439 1696 486 quae
1728 424 1777 470 in
1802 425 1914 471 actis

229 487 538 535 Conciliorum
556 488 723 552 legitur
759 490 856 554 (l),
887 490 1020 553 hujus
1040 493 1401 540 confirmationis
1426 498 1553 544 testis
1574 499 1633 545 sit
1663 499 1760 563 ipse
1783 499 1915 547 Pho-

225 563 315 609 tius
332 599 345 622 ,
366 564 445 629 qui
476 574 634 630 aperte
670 565 829 612 scribit
855 584 866 612 :
898 569 1172 614 Damasum
1192 572 1465 632 pontificem
1491 579 1649 637 reipsa
1667 579 1916 639 professio-

225 656 334 686 nem
367 641 483 703 fidei
505 643 701 688 illorum
725 644 974 708 (patrum)
1000 646 1300 706 confirmasse
1321 647 1410 709 (2).

288 716 400 764 677.
427 717 493 763 Ad
514 718 596 776 6¹¹¹,
619 718 735 781 Ney.
762 719 995 765 Pontificia
1016 721 1143 767 enirn
1162 721 1476 768 Conciliorum
1498 724 1795 775 Confirmatio
1817 745 1909 775 ne—

224 810 314 859 que
339 793 474 840 noxia
495 810 647 858 neque
685 811 1026 859 supervacanea
1043 805 1128 842 est.
1151 797 1257 843 Non
1285 798 1473 862 quidem
1513 804 1659 846 nomia
1681 811 1777 862 est
1807 820 1912 850 cum

221 868 350 916 nulla
372 870 548 916 ratione
573 868 760 933 deloget
792 870 938 917 valori
961 870 1241 918 definitionis
1268 874 1634 938 Episcoporum‚
1658 877 1739 924 sed
1764 880 1804 925 ei
1826 896 1911 943 po—

220 945 311 992 tius
355 945 536 1007 adjiciat
571 946 842 992 firmitatem
876 955 921 992 et
955 947 1129 1005 robur,
1180 948 1306 1011 quod
1359 960 1494 998 antea
1538 971 1634 1000 non
1670 954 1911 1015 habehat

222 1020 358 1087 quale
383 1037 553 1086 nempe
577 1021 759 1084 exurgit
788 1038 844 1067 ex
870 1022 1050 1068 unitate
1073 1022 1273 1085 suffragii
1297 1027 1459 1089 capitis
1482 1037 1527 1074 et
1558 1030 1878 1078 membrorum
1898 1068 1910 1089 .,

219 1107 272 1144 ut
297 1097 507 1145 definitio
535 1096 623 1143 dici
654 1097 798 1161 possit
822 1097 1046 1145 Ecclesiae.
1079 1097 1378 1162 Quapropter
1414 1118 1511 1149 non
1529 1103 1701 1151 ludunt
1721 1107 1910 1172 quidem

218 1174 458 1238 Episcopi
488 1175 526 1219 si
550 1189 655 1218 cum
679 1191 795 1219 rom.
849 1174 1069 1220 Pontifice
1109 1171 1440 1239 plonuncient.
1474 1180 1531 1224 At
1561 1179 1775 1228 luderent
1801 1201 1911 1247 pro-

218 1251 337 1298 fecto
357 1286 369 1310 ,
401 1251 439 1296 si
469 1249 820 1297 dissentientem
851 1249 1081 1298 haberent
1099 1252 1398 1311 Pontificem
1424 1263 1563 1317 prout
1585 1255 1771 1304 lusere
1758 1276 1808 1304 1n
1828 1277 1910 1322 sy-

217 1327 352 1375 nodis
385 1327 666 1373 Ariminensi
702 1337 750 1374 et
782 1326 1011 1390 Ephesina
1056 1327 1346 1393 praedatoria.
1379 1329 1469 1376 Sed
1502 1348 1657 1396 neque
1680 1350 1908 1397 superva-

214 1420 365 1451 canea
378 1404 668 1450 confirmatio
691 1404 925 1451 pontificis
953 1413 1047 1464 est.
1081 1406 1294 1470 quamvis
1323 1409 1418 1468 ejus
1444 1407 1583 1471 legati
1610 1410 1906 1459 interfuerint

218 1479 442 1539 Concilio,
458 1488 619 1545 utpote
643 1482 915 1539 necessaria.
931 1490 1032 1527 tum
1053 1490 1104 1527 ut
1123 1481 1341 1529 omnibus
1360 1485 1551 1531 omnino
1564 1495 1740 1534 constet
1752 1491 1905 1536 omnia

214 1556 303 1603 rite
326 1565 450 1620 gesta
473 1573 572 1603 esse
589 1593 601 1613 7
638 1573 724 1603 nec
744 1555 914 1619 legatos
930 1593 942 1616 .,
974 1574 1080 1621 quae
1099 1559 1150 1604 in
1172 1558 1404 1606 mandatis
1428 1571 1705 1626 acceperunt
1721 1599 1733 1622 7
1769 1564 1906 1612 fuisse

214 1640 521 1695 transgressos
546 1652 558 1683 2
591 1640 691 1677 tuin
715 1633 855 1679 etiam
871 1669 884 1691 .,
912 1634 1018 1698 quia
1038 1634 1209 1680 summi
1237 1636 1468 1683 pontificis
1496 1647 1566 1684 est
1588 1675 1601 1696 ,
1627 1639 1786 1686 scribit
1823 1642 1907 1688 Na-

214 1708 317 1756 talis
346 1708 490 1766 Alex.‚
519 1707 770 1767 declarare,
804 1725 904 1773 quae
930 1708 1122 1756 concilia
1148 1726 1255 1759 vere
1279 1713 1565 1760 oecumenica
1593 1715 1717 1769 sint;
1749 1716 1808 1762 ad
1829 1716 1905 1780 ip·
1958 1713 1966 1720 ’

212 1802 316 1831 sum
354 1793 532 1848 spectat
551 1785 786 1845 judicare,
816 1802 875 1831 an
914 1786 966 1832 iis
1006 1786 1102 1832 sint
1130 1787 1355 1833 instructa
1396 1788 1735 1837 conditionibus
1759 1828 1770 1848 ,
1800 1807 1900 1855 quae

213 1859 406 1907 Concilii
425 1861 700 1907 oecumenici
731 1860 959 1907 rationem
983 1863 1289 1909 constituunt,
1324 1864 1445 1910 Sane
1468 1864 1749 1928 superfluam
1779 1870 1901 1927 ejus-

212 1935 338 1983 modi
360 1935 763 1982 confirmationem
789 1936 960 1999 Synodi
985 1938 1092 2001 ipsae
1111 1938 1349 2001 generales
1365 1956 1461 1985 non
1473 1941 1769 2001 judicarunt,
1792 1958 1897 1988 cum

211 2028 373 2058 omnes
394 2021 661 2058 constanter
682 2011 810 2058 illam
833 2012 1113 2078 expetierint
1135 2050 1147 2072 .,
1169 2016 1381 2078 quamvis
1404 2016 1709 2079 praesentibus
1735 2017 1894 2081 legatis

211 2088 384 2135 fuerint
403 2086 657 2135 celebratae.

264 2240 317 2291 (1)
348 2240 570 2279 Theodoret.
602 2239 711 2279 Hist.
740 2240 829 2279 eccl.
857 2241 928 2281 lib.
970 2257 1019 2291 v,

209 2320 292 2358 cap.
317 2319 367 2358 93
398 2307 466 2344 cfr.
489 2308 592 2345 Acta
613 2305 731 2346 Cone.
750 2306 866 2345 Hard.
881 2316 971 2346 tom.
986 2321 1017 2353 1,

207 2373 278 2411 col.
303 2370 397 2411 822.

262 2437 314 2488 (2)
346 2437 389 2474 In
423 2451 484 2488 op.
517 2435 575 2476 De
611 2446 746 2490 septem
780 2438 934 2488 synodis
968 2439 1018 2476 ad

206 2501 629 2554 Michael.1mper.‚ac
663 2504 758 2554 apud
789 2502 1016 2541 Gulielmum

207 2567 420 2613 Voffllium,
443 2566 691 2607 Bibliothecae
708 2569 820 2621 juris
836 2570 1017 2606 canonici

206 2633 363 2681 veteris,
391 2631 510 2671 Lutet.
540 2631 654 2671 Paris.
694 2631 822 2678 1661,
848 2642 938 2671 tom.
958 2647 1012 2681 ιι,

206 2712 289 2749 pag.
330 2695 445 2747 1143.
481 2696 600 2734 Photii
629 2699 738 2736 verba
776 2698 857 2735 haeo
895 2707 1012 2737 sunt:

205 2759 269 2804 Οἷς
292 2762 327 2800 ου’
350 2759 461 2804 mark
481 2759 600 2815 χρδνος
627 2762 688 2801 καὶ
715 2759 890 2813 Λάμια-ος
911 2765 928 2802 ὅ
947 2768 1013 2808 ‘tiss

205 2824 330 2877 Paipnc
355 2824 408 2865 τοὶ
440 2824 536 2866 αὐτοὶ
568 2824 737 2879 upon-timu
782 2828 1010 2881 ἐγνωρίζετο,

205 2892 388 2944 σῦμφωνος
400 2893 474 2935 τοῖς
487 2899 705 2946 προλαβοῦσι
726 2893 1010 2945 maffia-volumen

204 2974 267 2998 seu
292 2973 303 2997 :
332 2958 483 3010 Quibus
502 2959 607 2996 haud
630 2959 746 2998 vteulto
762 2966 900 3011 postet
926 2961 1013 2998 Da-

204 3038 332 3064 masus
351 3024 479 3063 Romoe
508 3028 518 3075 (
537 3024 761 3078 Episcopus)
785 3038 897 3064 nnn
923 3039 1009 3065 cou-

1087 2257 1235 2283 mmnus
1258 2250 1369 2297 atque
1406 2246 1507 2285 idem
1534 2236 1699 2284 sentiens
1721 2249 1893 2285 accessit.

1087 2309 1165 2349 Cfr.
1191 2312 1299 2348 etiam
1328 2311 1372 2349 de
1399 2311 1470 2349 hoc
1500 2319 1719 2365 argumento
1746 2312 1895 2350 Muzza-

1085 2375 1163 2412 relli
1181 2403 1191 2419 ‚
1214 2389 1276 2426 op.
1300 2378 1362 2413 cit.
1391 2375 1455 2413 De
1476 2378 1656 2415 auctorit.
1675 2390 1769 2415 rom.
1792 2378 1896 2415 Pon-

1083 2440 1218 2489 tificis,
1252 2448 1340 2477 tom.
1378 2452 1430 2488 11,
1464 2454 1547 2493 cap.
1580 2440 1630 2489 6,
1666 2440 1686 2494 ἓ
1719 2442 1757 2481 3.
1796 2442 1894 2480 Hinc
1940 2494 1943 2499 Δ

1082 2508 1210 2543 merito
1233 2503 1400 2544 Gelasius
1426 2508 1672 2547 concludebat
1696 2522 1706 2546 :
1734 2508 1890 2546 Totum-

1081 2583 1152 2621 que
1177 2570 1245 2620 (ut
1270 2570 1414 2609 dictum
1438 2572 1516 2623 est)
1539 2575 1584 2611 in
1608 2571 1721 2613 Sedis
1744 2579 1889 2626 aposto-

1081 2636 1167 2675 licoe
1193 2639 1362 2687 positum
1395 2646 1448 2675 est
1472 2646 1666 2691 potestate.
1695 2639 1759 2677 Ita
1791 2636 1890 2689 quod

1076 2703 1251 2753 firmavit
1271 2704 1316 2740 in
1339 2704 1492 2757 Synodo
1519 2704 1632 2744 Sedes
1659 2703 1878 2757 apostolica,

1079 2768 1148 2806 hoc
1175 2769 1290 2807 robur
1323 2770 1488 2808 obtinuit
1496 2786 1512 2819 ;
1556 2770 1655 2822 quod
1678 2768 1881 2819 refutavit,

1078 2832 1214 2871 habere
1233 2847 1308 2872 nou
1319 2840 1444 2887 potest
1458 2836 1677 2886 firmitatem
1689 2863 1700 2881 ‚
1725 2836 1762 2872 in
1782 2842 1883 2873 tomo

1079 2897 1143 2936 De
1164 2899 1417 2939 anathematis
1447 2899 1597 2938 vinculo
1616 2929 1626 2946 ,
1660 2901 1699 2937 in
1730 2899 1882 2940 Collect.

1079 2959 1200 3001 Cone.
1232 2965 1321 3004 edit.
1357 2965 1495 3004 Veneta
1528 2964 1669 3011 coleti,
1707 2973 1798 3004 tom.
1833 2980 1881 3014 v,

1076 3027 1146 3066 eol.
1170 3026 1263 3068 356.
