2028 3354
227 210 289 256 54
698 224 854 255 mmor.
894 224 948 253 mi
982 224 1100 255 mols
1134 225 1434 256 ruuotocicls.

227 340 371 389 clesiae
401 355 491 386 suae
518 354 597 383 seu
619 334 888 384 hierarchiae
908 344 1188 401 potestatem
1197 338 1566 400 jurisdictionis
1595 336 1791 384 minime
1815 337 1902 383 tri-

225 417 378 463 buisse
393 451 406 473 7
432 412 512 461 sed
525 411 669 458 solam
687 420 965 476 potestatem
980 448 991 470 .,
1013 429 1093 459 seu
1114 412 1268 477 potius
1284 412 1594 460 ministerium
1613 412 1900 460 directionis.

227 493 348 538 Hinc
372 489 623 553 Episcopos
653 496 823 535 vocant
844 487 1020 552 primos
1045 487 1167 534 inter
1195 505 1356 552 pares,
1386 505 1438 536 ac
1458 487 1584 535 idem
1612 488 1822 535 sentiunt
1846 486 1906 535 de

228 569 359 613 Rom.
384 564 605 611 Pontifice
628 572 840 628 respectu
860 564 1210 628 Episcoporum.
1239 564 1419 610 Vocant
1439 563 1634 629 proinde
1659 563 1906 610 Ecclesiam

223 643 494 705 colle-(sium,
525 656 621 686 non
651 648 809 686 autem
841 648 1044 694 statum,
1073 656 1301 703 requam,
1328 642 1683 695 monarchiam,
1714 656 1902 702 eorpus.

289 717 367 763 96.
404 715 486 762 His
525 731 663 779 porro
707 714 924 761 omnibus
950 714 1178 761 haereticis
1215 714 1510 778 erroneisque
1547 716 1789 763 sententiis
1822 731 1910 779 op·-

214 788 445 858 ‘ponimus
470 789 731 838 doctrinam
752 789 1025 837 catholicam
1044 825 1056 848 .‚
1084 807 1187 854 quae
1219 806 1403 854 semper
1423 791 1575 837 tenuit
1597 807 1648 838 ac
1680 799 1836 850 tenet,
1860 791 1909 836 in

223 868 420 917 Ecclesia
457 884 555 914 esse
592 865 901 914 hierarchiam
940 865 1099 913 divina
1141 865 1432 913 ordinatione
1471 865 1758 928 institutam,
1808 882 1909 932 quae

223 953 406 992 constat
433 961 491 991 ex
514 943 749 1008 Episcopis
765 979 777 1002 .,
807 941 1091 1006 presbyteris
1119 950 1165 990 et
1196 941 1420 988 ministris
1440 940 1510 1004 (1)
1526 978 1538 1002 .‚
1565 958 1757 1007 quaeque
1775 960 1802 989 a
1830 959 1910 1007 po·

222 1021 335 1085 pulo
367 1020 526 1069 divino
548 1021 653 1082 jure
679 1019 894 1066 distincta
922 1018 1013 1066 sits
1032 1019 1136 1065 Non
1168 1016 1524 1082 complectimur
1545 1017 1617 1064 his
1651 1016 1831 1076 verbiS‚
1860 1025 1912 1063 ut

222 1106 353 1162 patet
370 1133 383 1156 ‚
406 1098 541 1143 Rom.
563 1096 833 1143 Pontificem
851 1131 863 1154 .,
883 1094 942 1141 de
962 1111 1055 1158 quo
1066 1112 1150 1141 suo
1172 1093 1274 1141 loco
1294 1091 1429 1139 nobis
1446 1092 1658 1157 apposite
1679 1092 1911 1155 agendum

223 1174 340 1232 erit3
370 1189 522 1237 neque
540 1171 889 1237 complectimus
902 1169 1206 1231 patriarchas,
1231 1169 1477 1228 PrimateS‚
1507 1167 1913 1233 Archiepiscopos,

228 1248 664 1313 Archipresbyteros
685 1285 698 1307 ,
730 1257 819 1295 etc.
851 1255 1014 1312 utpote
1036 1246 1373 1295 subdivisiones
1395 1243 1453 1291 ab
1477 1244 1671 1291 Ecclesia
1695 1260 1914 1308 processu

223 1326 447 1391 temporis
480 1323 710 1371 inductas.
739 1325 912 1370 Verum
942 1339 1017 1369 eos
1049 1331 1236 1369 tantum
1267 1320 1434 1384 gradus
1459 1320 1798 1382 significamus,
1833 1318 1913 1383 qui

223 1418 317 1447 una
352 1418 458 1447 curn
496 1407 724 1465 potestate
753 1398 943 1446 Ordinis
969 1396 1376 1463 comprehendunt
1414 1404 1697 1460 potestatem
1722 1393 1915 1457 jurisdi-

224 1477 387 1524 ctionis
403 1513 416 1536 7
446 1493 502 1523 ex
529 1475 696 1540 quibus
719 1484 944 1539 tanquam
965 1491 991 1520 a
1013 1491 1095 1520 sua
1120 1474 1273 1520 radice
1297 1472 1444 1537 surgit
1467 1469 1813 1535 quodammodo
1835 1487 1914 1516 au-

222 1553 408 1600 ctoritas
428 1552 528 1616 ipsa
552 1552 647 1614 (2);
680 1567 853 1615 nempe
877 1550 1171 1612 designamus
1195 1558 1370 1596 coetum
1398 1546 1756 1594 ecclesiasticum
1775 1544 1914 1593 simul

223 1637 484 1693 spectatum
500 1663 512 1686 7
539 1637 768 1691 quatenus
796 1626 957 1674 divino
981 1627 1085 1687 jure
1110 1624 1412 1687 distinguitur
1438 1640 1463 1669 a
1492 1622 1684 1688 populor.

290 1704 368 1750 97.
406 1705 567 1766 Itaque
589 1701 678 1748 hoc
698 1719 836 1748 sensu
855 1701 1028 1747 directe
1053 1700 1336 1747 adstruimus
1358 1698 1666 1745 hierarchiam
1691 1696 1911 1744 adversus

229 1780 572 1834 Protestantes,
598 1776 825 1823 indirecte
847 1784 1007 1822 autem
1029 1775 1249 1822 adversus
1263 1773 1559 1821 Richerianos
1576 1809 1588 1833 ,
1602 1772 1906 1819 Pistorienses

226 1872 277 1902 ac
295 1854 495 1918 reliquos
518 1862 764 1899 novatores
785 1888 797 1911 a
825 1850 951 1917 quod
971 1850 1144 1898 scilicet
1169 1850 1377 1897 Christus
1407 1849 1632 1895 Dominus
1659 1847 1915 1894 instituerit

225 1929 506 1995 peculiarem
524 1936 697 1975 coetum
713 1964 726 1987 ‚
749 1929 821 1974 cui
843 1927 928 1974 soli
948 1928 1178 1974 commisit
1199 1927 1406 1989 regimen
1425 1924 1631 1973 Ecclesiae
1661 1941 1755 1971 suae
1776 1923 1915 1971 inde-

227 2004 493 2071 pendenter
515 2021 541 2053 a
571 2003 785 2050 fidelibus
807 2003 1177 2068 quibuscumque
1194 2038 1206 2061 ,
1241 2002 1321 2066 qui
1343 2001 1502 2066 potius
1526 2001 1586 2048 ab
1613 1999 1694 2047 illo
1722 1994 1916 2063 regendi

228 2091 339 2128 sunt
362 2089 501 2144 atque
517 2078 801 2125 informandi
823 2081 874 2125 in
894 2079 966 2137 iis7
986 2094 1087 2142 quae
1105 2077 1164 2125 ad
1183 2077 1380 2124 salutem
1399 2086 1623 2124 aeternam
1647 2076 1908 2123 conferunt.

292 2158 371 2205 98.
408 2157 479 2203 Sic
499 2173 607 2203 vero
625 2156 886 2220 expositam
904 2154 1164 2202 doctrinam
1190 2153 1465 2202 evincimus.
1489 2154 1595 2199 Non
1616 2152 1752 2199 aliter
1777 2168 1914 2216 pror-

228 2252 304 2281 sus
330 2233 389 2280 de
418 2231 624 2279 Ecclesiae
652 2231 874 2295 regimine
902 2234 1089 2295 ejusque
1123 2231 1271 2277 forma
1302 2238 1350 2277 et
1375 2228 1549 2291 origine
1580 2227 1878 2275 sentiendum
1898 2262 1911 2285 ,

229 2328 280 2357 ac
289 2308 518 2373 judicium
535 2306 782 2355 ferendum
801 2314 872 2353 est
891 2323 1032 2370 quam
1052 2324 1109 2353 ex
1128 2305 1370 2355 voluntate
1389 2303 1598 2366 ejusdem
1615 2302 1911 2361 Fundatoris‚

231 2402 331 2450 quae
358 2386 648 2432 innotescere
671 2381 808 2430 nobis
838 2380 979 2428 debet
1002 2389 1103 2428 tum
1127 2398 1183 2428 ex
1206 2381 1452 2445 Scripturis
1472 2388 1575 2426 tum
1593 2397 1649 2427 ex
1670 2378 1791 2425 facto
1813 2378 1913 2441 ipso

229 2460 287 2507 ad
306 2478 392 2507 nos
413 2477 561 2525 usque
573 2467 826 2523 protracto.
851 2458 879 2504 J
884 2474 961 2503 am
981 2474 1093 2504 vero
1106 2474 1161 2504 ex
1179 2465 1376 2520 utroque
1396 2455 1745 2514 fonteeonstat,
1761 2454 1912 2502 Chris-

228 2546 331 2583 tum
367 2535 649 2582 commisisse
681 2532 890 2579 fidelium
908 2549 1098 2579 suorum
1116 2532 1323 2595 regimen
1346 2549 1440 2578 una
1466 2549 1575 2578 cum
1604 2531 1875 2578 auctoritate
1892 2564 1906 2589 ,

232 2629 373 2677 quam
389 2610 504 2657 illud
520 2618 683 2675 suapte
702 2616 868 2655 natura
897 2609 1107 2673 exposcit
1121 2644 1133 2668 ,
1156 2625 1252 2654 non
1269 2607 1486 2654 omnibus
1506 2605 1908 2655 indiscriminatim

229 2705 328 2734 non
346 2685 664 2744 multitudini,
696 2694 776 2731 aut
802 2683 940 2731 seculi
966 2682 1278 2749 principibus,
1309 2683 1393 2731 sed
1416 2683 1637 2749 peculiari
1657 2680 1797 2729 coetui
1819 2679 1907 2727 ho-

231 2764 412 2811 minum
429 2798 442 2822 ,
462 2777 603 2826 quem
626 2759 889 2808 Sacerdotio
911 2769 1103 2807 externo
1119 2795 1131 2819 ‚
1151 2760 1337 2825 proprie
1350 2759 1498 2818 dicto,
1526 2775 1577 2806 ac
1595 2765 1720 2805 certo
1743 2756 1837 2803 ritu
1856 2756 1907 2802 in

278 2949 334 2998 (1)
363 2947 476 2985 Cone.
501 2946 604 2984 Trid.
626 2961 715 2985 sess.
742 2957 834 2984 xxm
848 2974 858 2993 ‚
876 2958 961 2984 can.
978 2959 1030 2985 Vl.
1099 2945 1254 2984 rarchia
1277 2942 1550 2992 ecclesiastica,
1577 2942 1646 2981 lib.
1673 2955 1684 2980 ι
1703 2972 1714 2991 ,
1730 2956 1810 2996 cap.
1829 2940 1903 2993 57,

284 3013 333 3062 (⁹2)
363 3011 439 3051 Csr.
462 3011 594 3050 Franc.
625 3011 818 3051 Hallierius
835 3041 844 3059 ‚
871 3009 934 3049 De
956 3009 1032 3048 hie·
1101 3009 1222 3049 Lutet.
1241 3009 1356 3049 Paris.
1384 3005 1500 3058 1646.
