2028 3354
1706 202 1797 250 361

376 222 504 252 PART.
541 223 574 250 1.
614 220 735 251 SEG'I'.
771 221 822 251 11.
861 221 963 250 CAP.
999 222 1032 251 1.
1071 221 1125 249 DE
1160 220 1287 250 PETRI
1318 220 1537 252 PMMATU.

119 352 174 382 ex
208 334 364 384 verbis
394 336 482 382 illis
505 353 515 382 :
543 335 645 382 Aut
668 344 760 382 non
790 342 903 382 sunt
928 338 1030 382 ἐπα]
1049 337 1105 380 in
1131 334 1346 381 Ecclesia
1375 336 1545 389 claves,
1582 334 1671 381 uhi
1691 350 1801 396 pec-

118 421 226 458 cata
258 414 465 475 quotidie
495 413 833 466 dimittuntur,
863 428 1054 474 scopum
1079 428 1238 460 revera
1260 412 1400 476 ipsius
1424 429 1520 459 esse
1543 411 1661 458 tneri
1688 411 1803 458 exis-

118 489 315 534 tentiam
342 488 541 535 clavium
576 486 792 534 adversus
827 488 1132 544 Novatianos3
1164 504 1219 533 ex
1240 487 1336 533 aliis
1354 498 1509 535 autem
1534 506 1544 534 :
1575 488 1713 549 Quod
1727 488 1803 533 illu

120 569 214 610 um*
237 566 419 611 dictum
457 573 544 619 est,
580 580 872 627 propugnare
900 564 944 609 S.
975 565 1218 608 Ductorem
1237 599 1248 620 a
1279 564 1358 609 uni
1383 565 1531 628 reipsa
1554 566 1688 610 Petro
1722 580 1802 609 seu

118 640 242 686 Petri
276 639 518 687 individuo
556 639 688 686 datas
720 639 869 685 claves
910 638 1071 694 fuisse3
1108 637 1384 702 alioquinin
1415 656 1550 685 sensu
1576 640 1801 687 adversa—

116 715 291 762 riorum
313 715 462 762 dicere
482 715 741 762 debuisset:
770 715 908 776 Quod
921 714 1143 761 Ecclesz’oe
1162 715 1331 760 datum
1345 724 1424 769 est,
1437 716 1515 760 illa·
1534 716 1698 761 datum
1715 724 1800 762 est.

181 791 295 838 530.
334 791 402 838 Ad
426 793 522 851 2¹¹3
559 793 681 838 Dz'st.
719 791 771 836 In
810 789 973 836 ordine
1008 790 1280 836 intentionis
1315 799 1362 836 et
1395 791 1528 849 finis,
1569 808 1723 846 conc.;
1753 792 1803 837 in

117 866 279 913 ordine
305 866 364 914 ad
392 869 570 926 media,
596 883 692 928 ⁹209·
716 867 831 911 Cum
856 867 977 912 Deus
993 902 1005 924 7
1031 882 1081 911 ac
1099 865 1295 930 proinde
1316 865 1525 912 Christus
1550 866 1723 931 aliquid
1743 867 1804 915 ad

115 944 292 991 bonurn
334 962 385 992 ac
430 945 798 992 emolumentum
833 942 1024 1005 alicujus
1064 943 1218 1006 dirigit
1257 953 1302 990 et
1341 944 1554 1004 ordinat,
1596 945 1802 1008 profecto

116 1022 347 1068 rationem
379 1022 506 1085 prius
530 1018 672 1065 habet
699 1024 842 1066 totius
870 1037 1009 1083 quam
1030 1020 1174 1084 partis
1205 1023 1530 1085 cujuscumque
1557 1022 1644 1068 etsi
1673 1020 1805 1068 nobi·

116 1097 313 1143 lissimae.
356 1098 471 1142 Cum
509 1113 620 1144 vero
658 1095 716 1142 de
747 1095 969 1143 electione
1001 1096 1149 1158 agitur
1171 1096 1462 1157 mediorum,
1497 1113 1598 1162 quae
1625 1097 1802 1162 aptiora

116 1188 167 1218 ac
189 1172 332 1235 magis
363 1171 531 1218 idonea
571 1171 631 1218 ad
666 1172 980 1236 praestitutum
1008 1172 1150 1218 finem
1177 1171 1485 1223 obtinendum
1520 1182 1658 1232 sunt,
1690 1182 1804 1221 tunc

114 1248 241 1313 prius
270 1249 500 1295 rationem
537 1247 678 1295 habet
699 1248 842 1313 partis
866 1265 1006 1313 quam
1038 1248 1204 1308 totius,
1244 1265 1348 1296 cum
1373 1257 1420 1296 et
1443 1266 1549 1314 pars
1578 1249 1804 1313 dirigatur

116 1461 203 1485 cum
230 1456 357 1499 agatur
377 1448 422 1486 de
446 1462 483 1486 re
505 1448 628 1499 magni
649 1450 854 1494 momenti,
884 1447 931 1486 ob

118 1513 273 1551 abusum
297 1529 407 1565 quem
432 1523 511 1565 post
537 1513 740 1552 Lutherum
760 1543 770 1561 ‚
796 1516 834 1551 in
862 1514 929 1553 lib.

118 1577 182 1616 De
205 1586 387 1631 potestate
414 1593 556 1631 papae5
597 1580 795 1617 Calvinum
819 1609 829 1624 ,
857 1579 933 1617 In-

117 1644 240 1682 stitut.
267 1644 336 1682 lib.
375 1648 412 1683 iv
429 1675 438 1690 ‚
459 1658 541 1696 cap.
563 1643 611 1694 65
637 1645 931 1697 Magdeburgen-

118 1723 200 1756 ses,
238 1709 424 1748 Centurio
455 1724 486 1758 1,
520 1711 584 1749 lib.
606 1724 618 1747 1
653 1718 688 1749 et
713 1724 764 1759 11,
795 1711 930 1749 librum

117 1773 460 1822 Smalehaldicum‚
499 1774 559 1813 De
583 1776 761 1827 primata
786 1789 929 1828 papae,

116 1839 171 1878 M.
201 1839 290 1888 Ant,
314 1843 360 1879 de
381 1840 549 1879 Dominis
568 1871 577 1888 ‚
598 1840 807 1893 Launojum
829 1872 839 1888 ‚
867 1841 934 1879 Ri-

115 1905 298 1953 aberium,
321 1915 388 1944 etc.
411 1906 675 1958 Quesnelliani,
699 1907 931 1946 pistorienses

118 1984 161 2009 ac
191 1971 343 2010 demum
376 1971 520 2010 Palmer
545 1973 686 2010 faciunt
710 1974 931 2011 auctoritatis

114 2035 158 2075 S.
184 2035 409 2088 Augustini,
438 2046 480 2075 ut
510 2039 670 2076 inferant
692 2038 787 2076 nihil
818 2052 930 2091 pecu-

115 2100 206 2141 liare
240 2103 346 2142 Petro
382 2103 568 2142 Christum
599 2105 809 2142 contulisse.
842 2104 928 2143 Prae-

119 2167 215 2205 clare
239 2169 285 2207 ad
308 2183 385 2207 rem
403 2178 565 2208 nostram
592 2172 738 2222 scripsit
763 2169 802 2208 S.
818 2171 933 2208 Fran-

116 2233 232 2270 ciscus
258 2233 438 2284 salesius,
465 2238 502 2274 in
533 2250 702 2275 sermone
731 2250 844 2275 xxxin
869 2237 933 2275 De

115 2296 317 2348 Ecclesia,
356 2303 420 2353 qui
460 2302 621 2340 ineditus
651 2311 862 2341 asservatur
892 2305 932 2342 in

114 2361 341 2403 bibliotheca
382 2366 594 2419 Chigiana‚
631 2372 738 2420 eujus
780 2382 932 2420 apogra-

115 2426 231 2477 phum
258 2428 475 2470 Schelstrate
509 2435 548 2470 in
588 2432 803 2485 Antiqua,
840 2433 930 2473 eccl.

114 2500 206 2532 tom.
229 2506 280 2541 ιι,
308 2495 395 2533 diss.
419 2509 455 2543 2,
483 2511 564 2549 cap.
593 2496 644 2545 6,
674 2507 743 2536 art.
775 2512 797 2536 2
816 2528 827 2548 ,
861 2508 933 2538 tes-

114 2565 207 2596 tatur
250 2561 289 2597 in
322 2561 493 2599 manibus
531 2563 726 2610 habuisse,
765 2565 933 2615 praeclare

112 2626 265 2676 inquam
292 2626 369 2664 haec
388 2626 499 2665 habet
515 2627 687 2667 adversus
704 2630 785 2669 illos
809 2631 932 2669 Nova-

112 2695 234 2740 tores,
259 2706 338 2743 quoe
358 2694 488 2743 pariter
518 2694 690 2733 omnibus
722 2698 935 2735 recentiori-

112 2754 182 2793 bus
214 2770 341 2794 eorum
377 2758 566 2810 discipulis
606 2762 721 2811 aptari
755 2761 889 2800 debent
920 2775 934 2800 ε

114 2817 188 2857 Les
211 2823 405 2860 ministres
434 2823 584 2861 tachent
607 2832 690 2863 tant
705 2825 816 2877 qu'ils
834 2840 932 2879 peu·

112 2891 201 2922 vent
225 2886 270 2924 de
293 2888 458 2927 troubler
483 2891 520 2928 si
545 2890 727 2939 finement
750 2890 787 2928 la
811 2891 926 2931 claire

107 2948 284 3000 fontaine
293 2952 338 2991 de
351 2953 570 3007 l'Evanqile
590 2987 598 3003 ,
623 2969 695 3007 que
715 2955 760 2995 S.
786 2957 926 2996 Pierre

114 3013 179 3065 n'y
198 3017 332 3068 puisse
355 3018 448 3071 plus
479 3026 629 3059 trouver
664 3034 722 3060 ses
751 3021 840 3074 elesii
855 3054 866 3072 ‚
891 3031 927 3062 et

992 1448 1078 1500 sont
1093 1447 1175 1485 leur
1195 1447 1362 1500 possible
1376 1463 1480 1500 pour
1510 1463 1608 1488 nous
1631 1450 1813 1503 deqodter

998 1513 1060 1564 d'y
1083 1513 1184 1551 boire
1210 1514 1306 1552 I'eau
1321 1514 1365 1552 de
1385 1514 1422 1552 la
1448 1517 1572 1553 sainte
1589 1516 1807 1556 obeissance

997 1579 1111 1631 qu’on
1136 1578 1216 1616 doit
1246 1593 1298 1617 au
1328 1578 1369 1615 V
1370 1581 1488 1618 icaz're
1515 1579 1560 1618 de
1584 1580 1817 1621 Nom-Sei-

999 1658 1141 1697 gneum·
1156 1647 1255 1682 mais
1274 1645 1474 1697 qu’ont-ils
1486 1646 1594 1697 fait?
1609 1647 1713 1685 Ilsse
1724 1656 1813 1688 soni

999 1711 1122 1749 avises
1146 1710 1191 1748 de
1213 1711 1319 1757 dire,
1359 1725 1431 1761 que
1457 1709 1504 1751 S.
1534 1712 1671 1750 Pierre
1702 1714 1810 1752 avait

999 1789 1088 1826 recu
1107 1783 1197 1813 cette
1215 1788 1403 1827 promesse
1413 1776 1461 1813 de
1482 1776 1812 1829 Notre-Seiqneur

998 1855 1050 1879 aa
1078 1855 1166 1878 nom
1196 1841 1240 1879 de
1259 1848 1359 1881 toute
1378 1841 1535 1893 I’quise
1556 1872 1566 1890 ‚
1598 1857 1690 1881 sans
1713 1843 1809 1896 qa'il

998 1908 1060 1946 ez‘Zt
1068 1921 1155 1956 recu
1163 1922 1266 1960 pour
1285 1908 1363 1947 cela
1374 1922 1504 1947 aucun
1516 1909 1811 1963 privileqepar-

997 1973 1151 2012 ticulier
1181 1988 1228 2011 en
1257 1988 1299 2011 sa
1322 1989 1527 2027 personne.
1559 1975 1642 2024 Or,
1667 1977 1704 2014 si
1734 1977 1813 2014 ceci

1001 2040 1093 2078 n’est
1120 2053 1195 2092 pas
1236 2039 1353 2079 violer
1389 2040 1601 2079 l'Ecriture
1620 2071 1630 2088 ‚
1658 2043 1813 2093 J‘amais

999 2105 1145 2142 homme
1169 2118 1217 2143 ne
1240 2105 1279 2142 la
1299 2105 1469 2155 violera5
1492 2120 1560 2144 car
1571 2105 1726 2144 n’est-ce
1737 2120 1813 2158 pas

1000 2171 1023 2209 ὰ
1043 2168 1088 2209 S.
1111 2171 1264 2218 Pierre,
1285 2172 1308 2208 ὰ
1326 2173 1396 2223 qui
1414 2171 1623 2224 ilparlaitf’
1644 2171 1701 2210 Et
1712 2185 1813 2211 com-

1000 2243 1105 2273 ment
1126 2237 1345 2288 pouvait-il
1367 2239 1499 2276 mieua:
1525 2239 1717 2290 exprimer-
1745 2251 1813 2276 son

1000 2303 1214 2347 intention,
1247 2303 1358 2354 qu'en
1384 2303 1514 2342 disant
1538 2317 1548 2342 ε
1574 2303 1629 2342 Et
1650 2318 1714 2355 eqo
1729 2304 1814 2344 dico

1000 2367 1121 2407 tibi...
1137 2368 1233 2406 dabo
1250 2368 1345 2418 tihi3
1367 2382 1448 2417 car,
1462 2369 1814 2421 puisqu’immedia·

1001 2439 1137 2470 tement
1151 2432 1183 2470 il
1206 2435 1334 2472 venuit
1348 2433 1393 2472 de
1413 2435 1547 2487 parler
1566 2436 1610 2474 de
1636 2434 1812 2487 I'quise,

1000 2505 1116 2549 ayant
1140 2499 1198 2537 dit
1227 2515 1241 2538 .·
1267 2497 1393 2538 Portae
1417 2501 1539 2552 inseri
1569 2515 1645 2539 non
1661 2515 1815 2555 proeva-

1000 2560 1125 2602 lebant
1143 2564 1325 2603 adversus
1353 2580 1436 2604 eam
1452 2597 1461 2613 ,
1487 2567 1556 2618 qui
1578 2565 1669 2606 l'evtt
1694 2569 1816 2620 empe-

999 2627 1067 2666 che
1115 2629 1302 2682 d'ajouter
1338 2647 1352 2670 .·
1392 2631 1445 2671 Et
1477 2633 1572 2671 dabo
1607 2633 1668 2671 illi
1696 2633 1816 2671 claves

1000 2696 1123 2744 regini,
1136 2695 1201 2733 s‘il
1211 2699 1273 2734 eat
1294 2697 1409 2735 voulu
1428 2698 1604 2737 donner&
1619 2705 1716 2737 toute
1732 2697 1816 2736 [Ἐ-

998 2757 1091 2810 qlise
1101 2761 1441 2801 immediatement?
1455 2766 1478 2802 I
1481 2763 1495 2800 l
1505 2778 1552 2802 ne
1562 2763 1697 2816 ditpas
1712 2779 1726 2802 :
1738 2763 1814 2811 illi,

1002 2827 1101 2863 necis
1123 2841 1137 2864 .·
1161 2828 1257 2866 dabo
1284 2829 1370 2868 tibi.
1401 2829 1487 2881 Quo
1512 2829 1574 2868 s’il
1599 2836 1651 2867 est
1669 2830 1816 2882 permis

993 2890 1123 2929 d’aller
1137 2896 1253 2932 'ainsi
1279 2894 1463 2934 devinam
1484 2908 1553 2933 sur
1576 2895 1640 2933 des
1669 2893 1817 2947 paroles

991 2955 1125 2997 claires
1141 2989 1151 3007 ‚
1167 2959 1201 2998 il
1212 2961 1276 3011 n’y
1297 2960 1495 3012 auraplus
1505 2962 1591 2999 rien
1609 2973 1656 2998 en
1673 2958 1817 2997 l’Ecri-

991 3030 1074 3061 ture
1091 3026 1162 3075 qui
1179 3038 1226 3062 ne
1240 3038 1281 3063 se
1296 3024 1428 3077 puisse
1441 3024 1546 3078 plier
1568 3025 1593 3063 ὰ
1619 3030 1697 3063 tout
1718 3034 1818 3063 sem.
