2028 3354
198 155 292 204 328
695 172 853 202 rimor.
890 172 944 200 nn
979 172 1097 202 Locls
1132 172 1431 204 munctoelcis.

197 289 331 336 litem
351 287 534 350 Jamdiu
563 301 661 331 esse
699 285 985 349 diremptam
1024 301 1083 332 ex
1112 287 1416 349 promissione
1445 288 1731 352 principatus
1754 289 1887 335 Petro

197 366 343 422 facta3
369 371 530 410 contra
550 377 659 408 vero
677 360 888 407 Christus
917 359 1161 424 respondit
1183 381 1195 409 :
1221 363 1517 427 Quicumque
1541 365 1745 410 voluerit
1764 367 1893 410 inter

198 458 273 489 vos
300 442 457 500 major
470 437 583 498 fieri
594 471 610 493 ,
629 440 692 483 sit
713 445 860 483 vester
879 439 1103 483 minister
1127 437 1216 499 (l)
1249 438 1303 483 2⁰
1332 438 1480 487 Probe
1505 439 1633 487 enim
1656 448 1891 487 noverunt

197 513 402 580 Apostoli
427 550 440 573 7
471 512 597 578 quod
622 512 833 560 Christus
850 549 862 570 7
897 529 1002 559 cum
1032 529 1194 560 omnes
1218 512 1545 579 interrogasset
1569 533 1579 561 :
1624 516 1710 563 Vos
1731 523 1892 561 autem

196 608 337 655 quem
368 608 441 637 me
459 607 551 637 esse
577 590 741 636 dicitis
759 589 781 634 Ρ
816 588 1201 654 repondissetque
1225 590 1388 636 Petrus
1411 592 1621 638 omnium
1652 592 1843 638 nomine
1873 609 1884 637 ε

204 668 279 716 Tu
296 685 341 714 es
362 666 580 714 Christus
591 667 755 713 Filius
768 666 861 712 Dei
872 668 986 726 vivi,
999 665 1048 711 in
1068 681 1269 730 persona
1283 665 1409 713 Petri
1426 667 1715 715 constituerit
1728 682 1891 714 omnes

194 742 360 791 eadem
386 743 566 790 ratione
595 741 958 790 fundamentum
995 741 1202 789 Ecclesiae
1225 778 1237 801 7
1281 743 1637 808 promiseritque
1671 743 1891 791 omnibus

195 820 347 868 claves
359 820 490 882 regni
514 818 755 867 coelorum.
770 818 888 867 301d
908 819 1061 866 adhue
1074 820 1276 883 apertius
1302 818 1448 884 liquet
1466 836 1523 867 ex
1543 820 1889 880 Matth.XVllI7

195 896 278 943 ubi
305 895 522 943 omnibus
554 912 610 942 ex
635 912 770 959 aequo
791 897 910 942 etin
940 895 1178 942 communi
1213 896 1393 941 confert
1421 894 1630 942 Christus
1658 895 1892 960 amplissi-

194 990 325 1021 mam
352 972 554 1021 clavium
575 979 879 1037 potestatem,
902 969 1076 1034 ligandi
1096 987 1267 1036 nempe
1294 980 1433 1035 atque
1452 970 1684 1018 solvendi.
1700 970 1893 1029 409113-

193 1058 389 1115 propter
405 1087 415 1105 7
441 1049 542 1095 Act.
571 1047 650 1094 VII
668 1083 681 1106 7
713 1046 905 1110 legitur,
929 1046 1168 1111 Apostolos
1187 1049 1369 1093 misisse
1392 1048 1583 1094 Petrum
1597 1056 1643 1094 et
1660 1049 1893 1094 Joannem

194 1126 448 1173 Samariam
471 1142 485 1185 '⁷
510 1141 613 1189 quae
631 1123 798 1188 agendi
819 1123 937 1170 ratio
949 1123 1154 1171 ostendit
1168 1123 1535 1171 luculentissime
1562 1124 1893 1188 Apostolorum

195 1202 408 1248 omnium
442 1199 763 1247 omnimodam
790 1199 1121 1264 aequalitatem,
1159 1199 1212 1245 50
1233 1199 1367 1257 Quod
1390 1200 1427 1245 si
1465 1199 1628 1264 aliquis
1653 1200 1890 1249 vindicare

193 1277 283 1325 sibi
311 1286 467 1342 posset
505 1277 763 1342 primatum
807 1278 930 1323 inter
965 1275 1236 1340 Apostolos7
1280 1276 1317 1321 is
1358 1284 1477 1322 esset
1509 1274 1707 1324 Jacobus
1735 1278 1890 1341 potius

192 1371 332 1419 quam
360 1355 550 1411 Petrus;
580 1351 779 1400 ,Iacobus
802 1353 927 1399 enim
957 1352 1109 1416 primo
1125 1350 1226 1398 loco
1248 1360 1356 1398 ante
1377 1350 1586 1416 Cepham
1621 1352 1890 1400 nominatur

191 1449 217 1477 a
243 1431 386 1477 Paulo
409 1431 427 1492 (
447 1429 549 1476 Gal.
590 1428 682 1488 1117
723 1427 817 1491 9);
849 1429 949 1494 ipse
978 1429 1257 1476 constitutus
1286 1428 1372 1474 fuit
1401 1428 1653 1493 Episcopus
1681 1430 1891 1476 Hieroso-

189 1506 428 1570 lymitanae
474 1505 710 1566 Ecclesiae,
760 1521 864 1570 quae
896 1514 967 1552 est
1004 1513 1153 1552 mater
1192 1504 1405 1551 omnium
1457 1504 1789 1564 Ecclesiarum7
1838 1521 1891 1552 ac

190 1592 441 1648 propterea
479 1591 550 1629 est
594 1599 828 1629 successor
871 1581 1075 1640 Christi,
1121 1581 1230 1645 quia
1276 1580 1485 1627 Christus
1515 1580 1602 1626 fuit
1639 1581 1890 1646 Episcopus

192 1659 523 1723 Hierosolymae
538 1695 552 1719 7
584 1676 681 1705 non
705 1667 861 1705 autem
881 1660 1040 1704 Romae
1051 1658 1121 1721 (2)
1137 1677 1148 1715 ε,
1167 1658 1219 1703 60
1233 1666 1314 1703 aut
1338 1656 1503 1703 saltem
1516 1657 1684 1704 Paulus
1703 1656 1888 1722 aequalis

185 1738 326 1783 Petro
363 1744 483 1784 esset
510 1735 734 1782 dicendus
756 1770 769 1794 7
800 1736 872 1781 cui
910 1735 1144 1781 creditum
1179 1742 1246 1780 est
1274 1734 1595 1797 Evanyelium
1626 1738 1892 1798 praeputii,

188 1815 318 1859 sicut
343 1819 387 1858 et
415 1812 555 1857 Petro
584 1813 971 1857 circumcisionis
1011 1810 1081 1874 (3)
1099 1846 1111 1869 7
1139 1827 1190 1856 ac
1217 1819 1465 1875 propterea
1483 1808 1744 1871 jurisdictio
1764 1810 1888 1858 inter

188 1889 313 1953 ipsos
342 1886 487 1935 divisa
527 1895 630 1944 est3
662 1886 716 1933 70
754 1886 925 1934 Paulus
962 1895 1187 1950 praeterea
1221 1887 1360 1933 Petro
1391 1890 1446 1931 in
1473 1888 1654 1949 faciem
1691 1890 1889 1943 restitit,

189 1969 310 2029 quia
337 1965 726 2028 reprehensibilis
742 1974 848 2012 erat
867 1963 952 2027 (4).
977 1964 1030 2010 80
1053 1965 1151 2010 Hoc
1175 1964 1366 2029 insuper
1391 1964 1560 2011 docent
1590 1966 1747 2011 Patres
1763 2000 1776 2024 7
1807 1965 1887 2029 qui

187 2041 387 2088 Paulum
415 2039 490 2090 vel
521 2042 852 2104 Apostolorum
882 2042 1050 2087 duce-m
1079 2049 1247 2088 vocant
1266 2076 1279 2100 7
1307 2049 1360 2086 ut
1403 2040 1753 2104 Chrysostomus
1777 2038 1850 2104 (5)
1870 2076 1884 2100 7

185 2117 265 2165 vel
317 2117 649 2180 Apostolorum
701 2120 975 2163 marimum
1012 2125 1058 2163 et
1096 2119 1322 2179 primum
1363 2119 1594 2175 somnium
1610 2153 1622 2171 7
1667 2125 1721 2163 ut
1757 2116 1886 2165 idem

186 2195 234 2240 S.
266 2195 437 2241 Doctor
469 2193 568 2259 (6),
605 2191 682 2242 vel
709 2193 1039 2256 Apostolorum
1074 2210 1382 2256 supremum,
1416 2202 1468 2239 ut
1498 2192 1698 2240 Hilarius
1725 2193 1885 2241 Arela-

185 2269 330 2317 tensis
377 2270 449 2334 (7)
465 2306 477 2330 7
523 2268 600 2318 vel
628 2272 908 2333 principem
948 2278 1028 2315 aut
1073 2270 1536 2333 proto-coryphaeum
1556 2305 1568 2327 ‚
1616 2277 1669 2315 ut
1726 2278 1882 2336 patres

186 2345 444 2393 Florentini
461 2345 548 2410 (8).
573 2346 626 2393 9⁰
644 2345 696 2392 Id
723 2346 876 2410 ipsum
896 2344 1095 2392 suadent
1109 2355 1269 2394 vetera
1295 2354 1600 2393 monumenta
1618 2381 1630 2405 7
1656 2345 1882 2411 imagines

239 2551 296 2603 (1)
327 2551 530 2601 Matthia,
559 2551 626 2592 26.
668 2552 724 2591 Ita
751 2552 994 2606 Magdeburg.
1121 2554 1175 2606 (5)
1201 2552 1318 2594 Hom.
1352 2567 1390 2603 ι,
1423 2554 1488 2593 De
1510 2557 1753 2607 precatione,
1788 2567 1874 2606 opp.

183 2620 466 2667 centuriatores»,
491 2628 589 2658 cent.
614 2632 665 2664 11,
682 2633 768 2671 cap„
794 2633 831 2673 7.
1063 2631 1152 2660 tom.
1185 2635 1212 2660 11
1228 2652 1239 2669 7
1267 2636 1351 2673 pag.
1379 2620 1456 2673 782
1479 2652 1489 2669 ‚
1513 2623 1603 2662 edit.
1630 2621 1753 2661 Maur.

239 2685 289 2737 (Ξ)
320 2684 372 2723 Ita
399 2685 602 2724 Febronius
633 2694 670 2725 et
697 2686 962 2727 Tamburinius
979 2720 990 2737 ‚
1116 2688 1168 2738 (6)
1183 2688 1401 2735 Hom.111‚in
1413 2684 1870 2739 Matth.tom.vu‚pag.42.

182 2750 318 2803 quibus
343 2753 417 2802 jam
443 2753 659 2801 praeiverant
687 2759 934 2803 protestantes.
1115 2755 1165 2805 (7)
1197 2755 1305 2806 Apud
1331 2754 1440 2793 Veith
1465 2754 1506 2794 S.
1542 2754 1578 2793 J.
1613 2752 1678 2791 De
1696 2753 1873 2804 primatu

240 2815 290 2866 (3)
321 2813 444 2855 Galat.
472 2828 524 2863 11,
555 2829 592 2868 7.
1064 2826 1099 2857 et
1122 2819 1245 2870 insalli
1269 2833 1362 2859 rom.
1395 2819 1511 2859 Pom.
1537 2819 1689 2871 August.
1719 2815 1871 2856 Vindel.

236 2879 285 2931 (4)
316 2879 413 2919 Ibid.
438 2893 539 2921 versa
559 2894 617 2920 ιι.
1070 2882 1165 2936 1781
1188 2899 1296 2937 ‚pag.
1314 2884 1382 2936 42.

1118 2948 1172 3002 (a)
1201 2948 1305 2990 Ibid.
