2028 3354
441 188 567 220 ram.
607 192 638 221 1.
678 191 774 220 cn.
811 191 875 221 iv.
912 192 965 221 DE
1002 192 1219 223 scotasffl:
1254 193 1452 224 nonnus.
1695 177 1791 225 229

106 303 157 349 in
184 303 418 351 Christum
443 303 752 365 crediderint,
777 321 827 351 ac
846 322 894 352 se
916 305 965 352 in
993 306 1241 354 Ecclesiam
1268 307 1557 373 receperint,
1586 318 1632 357 et
1653 326 1792 375 prop-

107 387 233 427 terea
269 380 327 427 ad
357 396 508 427 seram
542 397 686 445 usque
719 382 1040 446 posteritatem
1074 383 1165 430 illis
1215 393 1442 450 tanquam
1476 385 1792 434 credibilitatis

105 456 289 504 motivis
325 454 518 502 Ecclesia
541 457 863 504 auctoritatem
888 456 976 504 sibi
996 459 1339 519 conciliaverit,
1372 459 1432 507 ad
1462 478 1654 527 scopum
1683 480 1793 510 nos—

104 540 231 578 trum
268 532 462 597 perinde
495 542 581 580 est.
621 534 813 598 Semper
852 535 980 582 enim
1017 551 1181 583 verum
1209 536 1358 595 foret,
1396 537 1547 584 Deum
1575 538 1795 603 prodigiis

104 609 388 654 concurrisse
421 608 479 654 ad
511 607 849 673 obsignandam
881 610 950 655 uti
985 609 1195 656 divinam
1221 609 1343 656 illius
1378 611 1586 660 Ecclesiae
1611 615 1796 661 missio-

103 700 213 729 nem
229 719 241 741 ,
263 699 363 748 quae
382 694 538 749 posset
560 686 723 749 quovis
743 693 951 747 tempore
964 682 1177 731 homines
1194 685 1244 731 in
1265 701 1511 733 erroneam
1532 698 1612 735 aut
1631 690 1795 737 falsam
1852 737 1854 740 ,

102 758 359 806 doctrinam
387 760 634 820 inducere,
665 769 712 807 et
731 775 830 824 quae
849 759 933 806 Dei
959 759 1151 807 nomine
1174 770 1221 808 et
1251 761 1525 809 auctoritate
1552 781 1797 829 propone-

100 843 247 882 retur.
280 835 543 882 Absurdum
558 836 730 899 pariter
751 843 821 882 est
844 836 1012 895 Deum,
1040 853 1120 883 seu
1138 835 1375 883 Christum
1400 839 1555 901 gratiae
1576 857 1668 888 suae
1692 841 1795 888 sub«

101 910 217 958 sidio
240 910 452 958 homines
476 910 696 957 inclinare
712 945 726 970 ,
760 909 944 958 allicere
973 928 1025 958 ac
1045 911 1232 961 flectere
1255 930 1338 977 per
1358 914 1492 978 pium
1511 915 1798 964 credulitatis

102 986 320 1033 affectum
344 985 402 1033 ab
426 985 698 1050 obsequium
716 995 764 1033 et
780 984 1098 1034 obedientiam
1122 989 1440 1053 praestandam
1463 991 1673 1040 Ecclesiae
1698 1011 1724 1040 a
1746 1010 1797 1040 se

101 1064 354 1121 institutae,
387 1063 425 1108 si
458 1062 556 1109 haec
581 1073 738 1127 posset
771 1080 857 1128 pro
893 1064 1089 1112 veritate
1125 1082 1361 1125 errorem,
1398 1083 1481 1130 pro
1521 1085 1633 1116 vero
1668 1068 1798 1116 cultu

103 1140 505 1203 superstitionem,
530 1156 615 1202 pro
639 1139 808 1186 sanctis
830 1157 1016 1185 morum
1041 1141 1208 1204 regulis
1231 1142 1511 1207 perniciosas
1529 1145 1796 1209 propinare.

101 1215 247 1263 Multo
295 1230 406 1262 vero
448 1215 605 1261 minus
649 1224 806 1280 posset
843 1216 965 1262 Deus
1017 1225 1191 1264 aeterna
1241 1217 1513 1265 comminari
1572 1220 1797 1285 supplicia

98 1291 346 1340 incredulis
377 1300 424 1338 et
449 1290 762 1340 obedientiam
789 1290 1183 1354 detrectantibus,
1217 1294 1254 1341 si
1283 1304 1475 1360 possent
1499 1294 1557 1344 ab
1592 1297 1795 1345 Ecclesia

99 1368 308 1416 absolute
346 1367 513 1433 decipi.

168 1445 279 1492 353.
317 1446 527 1491 Diximus
557 1446 749 1508 insuper
777 1445 866 1491 hoc
895 1445 1093 1493 docendi
1120 1464 1292 1493 munus
1315 1447 1555 1495 Christum
1587 1449 1799 1497 Ecclesiae

101 1538 193 1568 suae
227 1520 534 1568 demandasse
569 1520 854 1585 explendum
885 1521 1009 1585 apud
1041 1540 1203 1569 omnes
1228 1523 1443 1570 homines
1481 1533 1527 1571 et
1553 1525 1604 1571 in
1634 1543 1797 1590 omnes

102 1605 287 1656 aetates,
322 1596 544 1643 nimirum
577 1596 702 1660 apud
730 1614 891 1643 omnes
922 1597 1135 1645 homines
1162 1607 1265 1645 tum
1294 1607 1544 1663 praesentes
1586 1610 1689 1648 tum
1719 1601 1798 1647 fu·-

101 1682 229 1719 turos
258 1689 404 1737 usque
424 1671 481 1717 ad
501 1671 640 1719 seculi
657 1673 798 1719 finem
817 1708 831 1733 ‚
861 1673 965 1737 quia
984 1673 1082 1737 ipse
1110 1676 1212 1720 vult
1232 1691 1392 1721 omnes
1415 1675 1627 1723 homines
1647 1678 1798 1724 salvos

98 1749 209 1810 fieri
223 1757 265 1795 et
280 1749 658 1811 adaqnitz‘onem
683 1751 900 1795 veritatis
918 1752 1079 1795 venire
1098 1748 1223 1813 (l)..
1244 1757 1290 1797 et
1303 1766 1398 1812 pro
1422 1754 1646 1799 omnibus
1666 1770 1796 1800 mora

102 1832 215 1871 tuus
240 1833 307 1872 est
334 1823 463 1888 (2)...
490 1833 534 1870 et
554 1829 803 1887 (equaliter
833 1842 956 1871 cura
987 1833 1054 1870 est
1081 1827 1161 1872 illa·
1193 1827 1249 1873 de
1280 1828 1505 1874 omnihus
1533 1828 1620 1892 (3).
1650 1831 1794 1876 Porro

101 1900 442 1947 infallibilitatis
464 1901 815 1965 praerogativam
841 1900 900 1947 ad
923 1900 971 1947 id
990 1917 1160 1948 munus
1185 1903 1273 1948 rite
1302 1901 1573 1950 obeundum
1590 1940 1602 1964 ,
1623 1921 1680 1952 ex
1701 1921 1794 1969 quo

101 1976 277 2041 pendet
296 1984 467 2023 aeterna
488 1976 734 2022 hominum
753 1975 874 2023 salus
890 2011 903 2035 ,
934 1977 1239 2024 necessariam
1265 1977 1317 2023 in
1335 1978 1499 2042 primis
1518 1996 1618 2027 esse
1638 1980 1792 2044 quoad

103 2069 265 2099 omnes
284 2052 498 2099 homines
518 2061 784 2117 praesentes,
808 2051 1054 2099 ostendere
1073 2069 1318 2117 operosum
1337 2071 1434 2099 non
1455 2063 1540 2101 est.
1567 2056 1793 2102 Homines

104 2129 297 2175 enimin
322 2128 435 2175 duas
447 2127 800 2192 distinguuntur
821 2127 985 2175 classes
1003 2164 1015 2187 ,
1045 2129 1094 2174 in
1122 2146 1199 2176 eos
1227 2130 1417 2190 scilicet,
1447 2131 1526 2195 qui
1545 2134 1645 2193 jam
1669 2133 1792 2179 intra

105 2213 233 2269 septa
255 2204 464 2252 Ecclesiae
486 2213 619 2265 sunt,
640 2214 687 2251 et
705 2205 753 2250 in
776 2220 851 2252 eos
867 2239 880 2265 ,
906 2204 984 2269 qui
1012 2213 1121 2252 sunt
1143 2215 1273 2253 extra
1297 2205 1571 2265 Ecclesiam,
1606 2224 1794 2254 rursum

107 2280 188 2344 qui
215 2291 343 2328 extra
370 2281 617 2329 Ecclesiam
645 2289 889 2329 versantur
906 2319 919 2343 7
946 2290 1056 2327 sunt
1080 2291 1160 2328 aut
1187 2282 1401 2329 infideles
1419 2319 1434 2343 ‚
1460 2291 1541 2329 aut
1559 2283 1794 2345 haeretici,

109 2364 190 2402 aut
220 2355 511 2403 schismatici.
543 2358 651 2403 Jam
677 2374 788 2404 vero
813 2356 967 2421 quoad
1000 2356 1158 2405 ambas
1191 2358 1354 2405 classes
1381 2375 1514 2423 aeque
1540 2360 1796 2407 necessaria

106 2441 175 2481 est
208 2432 414 2479 Ecclesiae
439 2432 762 2480 infallibilitas.
790 2432 851 2480 Ac
870 2432 1022 2497 primo
1050 2434 1241 2498 quidem
1266 2434 1522 2481 necessaria
1552 2443 1619 2482 est
1641 2435 1809 2500 quoad-

108 2526 210 2566 eos,
240 2508 319 2573 qui
338 2510 436 2570 jam
466 2509 515 2555 in
550 2508 746 2555 Ecclesia
767 2508 1099 2569 inveniuntur,
1133 2519 1186 2557 ut
1210 2518 1332 2558 recte
1354 2510 1523 2557 instrui
1558 2528 1610 2558 ac
1639 2510 1794 2558 doceri

109 2593 309 2650 queant,
337 2600 400 2630 ne
419 2582 469 2630 in
487 2601 667 2631 errores
691 2601 812 2632 sanae
840 2583 1063 2631 doctrinae
1088 2585 1389 2634 adversantes
1411 2596 1638 2651 proruant
1653 2623 1666 2647 ,
1691 2597 1794 2637 tum

109 2661 248 2708 etiam
272 2670 325 2707 ut
344 2659 393 2706 in
415 2660 593 2707 unitate
614 2667 948 2710 conserventur
965 2668 1015 2706 et
1032 2661 1375 2709 contineantur.
1396 2663 1444 2710 Si
1462 2662 1648 2710 nullum
1667 2662 1794 2710 enim

111 2746 229 2785 esset
248 2734 492 2785 infallibile
518 2735 724 2784 tribunal
738 2771 755 2795 ,
784 2734 911 2801 quod
930 2733 1104 2801 absque
1120 2737 1286 2785 erroris
1305 2737 1557 2787 formidine
1576 2739 1794 2786 dirimere

170 2911 218 2961 (1)
247 2910 263 2948 1
286 2910 452 2951 Timoth.
474 2925 502 2949 ιι
522 2941 533 2955 .
555 2909 582 2962 4
611 2918 646 2951 et
669 2925 773 2964 seqq.
1053 2909 1105 2963 (3)
1133 2909 1294 2964 Sapient.
1320 2925 1357 2951 vx
1372 2939 1383 2960 ‚
1411 2910 1448 2950 8.

169 2975 225 3026 (2)
255 2975 291 3014 11
322 2975 405 3017 Cor.
437 2992 472 3026 v,
508 2974 567 3017 15.
