2028 3354
1728 176 1786 222 81

395 184 522 217 PART.
563 188 593 217 1.
632 172 729 216 CAP-
762 187 815 216 11.
853 187 909 218 DE
942 188 1116 219 CHRISTI
1150 188 1270 221 EcGL.
1298 189 1495 221 consur.

179 301 286 348 139.
323 299 393 346 Ad
412 299 477 345 4¹1¹
495 335 508 357 ,
534 300 656 345 Dz'st.
676 298 804 346 Falso
822 300 1050 366 principio
1066 300 1193 349 ducti
1210 338 1222 360 ,
1241 320 1367 350 cono.
1377 322 1390 357 ‚-
1405 307 1508 366 jure
1526 319 1578 351 ac
1597 305 1782 365 merito,

109 396 208 441 neq.
248 375 356 423 Ideo
383 375 507 422 enim
537 375 725 439 Heyne,
755 374 1052 437 Eichornius,
1083 378 1320 425 Paulusius
1340 414 1353 438 a
1374 378 1539 444 aliique
1560 380 1786 443 ejusmodi

111 453 322 501 homines
345 452 394 498 in
409 451 528 498 hanc
547 451 827 499 sententiam
853 462 1101 512 venerunt7
1134 453 1260 518 quod
1282 463 1569 502 assumerent
1589 473 1600 503 ι
1621 457 1671 502 10
1692 458 1786 503 Ve-

111 547 213 576 rum
230 545 325 575 esse
334 527 692 574 fundamentum
716 527 984 573 historicum
1000 530 1277 593 scriptorum
1294 529 1585 577 ethnicorum
1603 567 1616 590 ,
1642 549 1788 597 quum

112 614 268 651 tamen
284 612 485 664 constet,
499 604 602 650 illos
617 603 841 667 mythicas
862 605 1148 650 narrationes
1164 603 1335 651 referre
1356 614 1462 669 post
1481 606 1614 670 plura
1635 607 1786 655 secula

110 698 135 726 a
154 688 383 744 tempore,
409 679 594 744 quoilla
616 686 1104 742 gestasupponuntur3
1131 679 1264 737 dum,
1279 679 1785 742 quaehistoricihebraei

110 766 156 803 et
180 755 416 802 christiani
439 753 808 819 supernaturalia
831 752 1065 813 referunt,
1094 753 1257 801 eadem
1275 762 1434 816 aetate,
1464 773 1553 820 qua
1574 756 1641 804 illi
1677 760 1785 806 scri-

109 841 330 897 pserunt,
364 848 531 894 magna
558 831 719 877 saltem
741 845 795 874 ex
813 837 946 891 parte
973 829 1250 892 contigerint
1266 865 1278 889 ,
1314 839 1362 877 et
1382 848 1544 878 eorum
1577 833 1786 899 plerique

107 916 246 956 testes
281 906 450 953 oculati
481 916 526 953 et
550 922 656 969 pars
694 912 926 966 gestorum
959 904 1130 951 fuerint
1162 905 1254 968 (l).
1296 906 1430 964 Quod
1466 919 1782 969 assumerent,

104 986 159 1031 20
187 983 399 1031 eamdem
427 998 523 1030 esse
550 982 779 1027 rationem
812 981 1084 1045 mythorum
1122 982 1247 1048 apud
1281 984 1500 1049 profanos
1535 988 1783 1052 scriptores

105 1070 150 1109 et
173 1061 396 1107 factorum
419 1056 845 1122 supernaturalium
870 1057 995 1122 apud
1016 1059 1264 1124 scriptores
1286 1076 1435 1108 sacros
1451 1096 1464 1120 ,
1497 1078 1603 1109 cum
1624 1071 1783 1112 tamen

104 1135 305 1192 infinito,
327 1141 379 1179 ut
395 1133 458 1179 ita
475 1133 626 1180 dicam
644 1169 656 1193 ,
681 1132 930 1181 intervallo
949 1133 1048 1181 haec
1070 1134 1128 1180 ab
1148 1135 1349 1184 invicem
1372 1136 1570 1197 distent3
1596 1139 1784 1203 mythus

103 1211 253 1268 enim,
283 1212 409 1271 cujus
441 1210 567 1272 origo
593 1208 876 1273 probabilius
903 1209 960 1256 ab
982 1211 1205 1275 AEgyptiis
1232 1212 1546 1260 sacerdotibus
1568 1215 1710 1280 coepit
1733 1232 1785 1262 ac

101 1285 268 1335 deinde
296 1284 356 1331 ad
387 1284 496 1331 alias
518 1294 678 1348 gentes
705 1294 984 1350 propagatus
1009 1295 1078 1333 est
1108 1287 1179 1351 (2)
1198 1324 1210 1347 ,
1240 1304 1336 1335 non
1369 1288 1456 1335 fuit
1485 1289 1574 1336 nisi
1598 1289 1784 1340 involu—

89 1458 204 1512 jadis
216 1459 315 1497 dans
332 1459 364 1497 le
370 1461 600 1512 paqunisme
610 1467 645 1499 et
657 1459 910 1513 lejudailsme,

101 1526 207 1564 avait
233 1525 441 1562 desormais
461 1525 571 1577 pris,
600 1539 654 1564 au
686 1527 769 1563 sein
796 1528 924 1564 meme*

103 1590 157 1629 du
180 1590 464 1628 christianismo
476 1619 488 1640 ‚
513 1604 620 1629 assez
638 1591 685 1630 de
699 1591 804 1642 force
823 1598 858 1629 et
869 1592 914 1630 de

103 1656 342 1694 consistam-e
360 1669 463 1708 pour
489 1659 620 1708 reaqir
641 1663 768 1695 contre
797 1656 829 1695 Ie
860 1656 917 1695 sol

100 1719 169 1772 qui
181 1719 312 1758 l’avait
327 1724 476 1772 portbe,
500 1722 738 1759 c’est-d-dire
753 1751 764 1770 ‚
789 1729 915 1760 contre

106 1785 142 1826 la
159 1785 323 1836 reliyion
338 1799 463 1833 reque.
486 1785 588 1824 Cette
607 1787 776 1825 reaction
788 1815 798 1832 ‚
810 1794 915 1825 tour-

105 1854 171 1889 nee
192 1850 349 1888 d'abord
373 1850 576 1888 seulement
599 1859 726 1889 contre
755 1850 913 1902 I’quz'se

108 1916 189 1955 dom
196 1917 328 1953 inante
342 1946 351 1961 ‚
361 1916 487 1967 forma
501 1916 533 1955 le
548 1917 679 1955 drame
690 1916 796 1955 noble
814 1919 916 1955 mais

108 1980 346 2034 rapidement
381 1982 542 2019 termine
569 1981 614 2019 de
644 1981 682 2019 la
715 1981 874 2032 reformo
897 1996 913 2030 ,-

104 2046 195 2099 plus
220 2045 306 2082 tard
328 2044 394 2083 elle
416 2059 454 2084 se
477 2045 626 2097 diriqea
660 2059 742 2085 vers
762 2046 815 2084 les
842 2047 910 2085 do-

108 2124 261 2150 eumens
282 2110 464 2162 bibliquee
478 2141 488 2159 ‚
520 2119 579 2160 et,
602 2126 640 2150 se
663 2113 919 2163 manifestant

113 2189 165 2215 au
193 2176 305 2214 debut
323 2176 463 2227 parles
482 2177 611 2215 arides
633 2178 831 2214 tentative-5
853 2180 914 2214 re-

112 2240 411 2279 volutionnaires
424 2241 476 2278 du
497 2242 637 2279 deisme
654 2270 664 2290 ‚
687 2240 755 2278 elle
780 2248 834 2279 est
851 2255 915 2279 ar-

113 2307 212 2343 rivee
227 2305 446 2357 jusqu’aum
478 2313 596 2358 temps
633 2305 686 2344 les
706 2305 798 2357 plus
835 2320 914 2345 mo-

113 2370 246 2408 dernes
252 2383 328 2422 par
336 2371 400 2409 des
410 2372 741 2424 transformatione
755 2373 913 2411 variees.

115 2435 174 2473 En
200 2448 291 2485 opus
315 2438 610 2486 protestantismi.

169 2501 225 2551 (1)
255 2500 360 2539 Certe
372 2502 511 2555 Moyses
527 2518 677 2551 eorum,
699 2517 779 2555 quae
806 2503 917 2541 refert

116 2569 156 2606 in
193 2566 296 2604 libris
318 2566 435 2604 Exodi
462 2576 496 2605 et
521 2567 766 2606 Numerorum
784 2597 794 2615 ‚
816 2575 916 2606 testis

118 2633 236 2671 extitit
262 2631 416 2669 ocularis
440 2660 451 2678 ‚
491 2633 567 2669 imo
599 2640 636 2670 et
663 2646 746 2684 pars
785 2646 916 2684 magua

120 2698 213 2747 fuit3
249 2697 362 2735 refert
396 2698 497 2735 enim
526 2696 686 2748 prodigia
720 2698 883 2748 ingentia
905 2726 915 2744 ,

123 2775 204 2815 quae
229 2769 370 2813 patrata
395 2770 481 2799 sunt
509 2763 584 2800 sive
613 2763 653 2799 in
673 2760 824 2813 AEgypto
846 2762 919 2802 sive

125 2829 165 2865 in
178 2827 315 2865 deserto
327 2840 450 2865 coram
463 2828 630 2866 universo
644 2825 777 2878 populo
788 2826 921 2879 AEgyp-

126 2894 219 2930 tiaco
244 2900 278 2930 et
302 2892 510 2931 Israelitico.
535 2891 578 2930 Id
600 2894 721 2944 ipsum
753 2891 919 2940 dicatur,

129 2965 170 2996 ut
178 2956 266 2995 alios
282 2961 572 3009 praetermittam,
588 2958 634 2998 de
646 2956 823 3011 Apostolis
836 2957 927 2998 Mat·

196 3021 248 3068 T.
290 3022 402 3068 VIII.

978 1462 1074 1500 thaeo
1098 1470 1132 1501 et
1155 1462 1300 1501 Joanne
1315 1492 1325 1510 ‚
1355 1466 1420 1516 qui
1442 1464 1486 1503 iis
1508 1466 1784 1514 interfuerunt,

980 1541 1060 1579 quae
1079 1527 1500 1580 litteris'consignarunt
1517 1558 1527 1577 ‚
1547 1532 1668 1584 iisque
1688 1533 1789 1582 pari-

979 1599 1033 1630 ter
1052 1592 1306 1640 tradiderunt,
1339 1596 1405 1645 qui
1431 1595 1644 1634 eorumdem
1668 1605 1789 1647 gesto-

979 1671 1062 1695 rum
1082 1666 1301 1708 spectatores
1318 1657 1480 1698 fuerant.
1497 1659 1581 1698 Jam
1600 1675 1686 1699 vero
1700 1662 1790 1713 quid

980 1736 1179 1761 commune
1202 1731 1256 1761 est
1273 1725 1311 1760 in
1336 1724 1393 1761 his
1409 1726 1684 1765 narrationibus
1705 1741 1791 1765 cum

979 1788 1037 1834 iis,
1055 1800 1137 1839 quae
1154 1787 1346 1825 ediderunt
1360 1787 1638 1829 Sanchuniaton
1648 1790 1791 1845 AEgyp-

980 1854 1053 1890 tius
1068 1882 1078 1899 ‚
1095 1852 1247 1890 Berosus
1271 1852 1466 1892 Chaldaeus
1485 1884 1495 1902 ‚
1525 1853 1710 1894 Diodorus
1735 1853 1794 1894 Si-

981 1917 1109 1965 culus,
1146 1917 1281 1969 aliique
1311 1918 1493 1971 ejusmodi
1518 1948 1528 1966 ‚
1557 1921 1622 1971 qui
1649 1935 1705 1959 res
1735 1934 1795 1959 re-

980 1982 1105 2020 ferunt
1144 1982 1312 2034 pluribus
1355 1992 1439 2022 ante
1482 1985 1614 2023 seculis
1654 1994 1770 2037 gestas
1784 2014 1796 2033 ‚

981 2060 1137 2099 quaeque
1157 2059 1242 2085 vere
1263 2046 1312 2085 ad
1332 2055 1473 2099 partem
1500 2049 1791 2102 mythologicam

981 2112 1216 2150 historiarum
1242 2126 1393 2150 suarum
1424 2121 1589 2164 spectant
1611 2116 1631 2152 ⁸?

1037 2176 1089 2227 (⁶2.)
1116 2175 1217 2228 Opus
1240 2190 1318 2215 non
1348 2185 1403 2216 est
1429 2178 1539 2229 longa
1567 2178 1794 2219 discussione

981 2241 1028 2279 ad
1061 2242 1132 2280 hoe
1165 2241 1408 2281 evincendum
1425 2271 1436 2290 ‚
1469 2257 1555 2281 cum
1589 2242 1792 2282 habeamus

982 2313 1108 2344 testem
1130 2320 1206 2345 non
1229 2314 1436 2358 suspectum
1456 2334 1467 2354 ,
1493 2308 1558 2359 qui
1580 2306 1619 2344 id
1634 2321 1711 2345 non
1727 2321 1789 2346 so-

982 2369 1060 2407 lum
1085 2369 1267 2416 affirmat,
1295 2370 1360 2408 sed
1385 2370 1585 2408 contendit.
1612 2369 1710 2409 Talis
1736 2379 1790 2410 est

981 2433 1155 2477 Salvador
1172 2439 1212 2475 in
1238 2449 1297 2487 op.
1316 2436 1376 2474 cit.
1400 2433 1668 2474 Jews-Christ
1687 2443 1722 2474 et
1742 2449 1787 2476 sa

981 2502 1149 2542 doctrine
1163 2531 1174 2552 ‚
1196 2509 1288 2540 tom.
1310 2513 1344 2548 1,
1364 2499 1426 2538 ch.
1449 2512 1472 2537 2
1485 2527 1499 2547 ,
1513 2498 1609 2539 Etat
1636 2500 1701 2538 des
1724 2514 1783 2540 es-

976 2568 1076 2618 prits
1103 2574 1138 2605 et
1168 2566 1233 2604 des
1256 2576 1460 2616 eroyanees
1480 2564 1577 2602 dans
1615 2564 1787 2605 l’Orient

982 2631 1126 2670 ecclam
1158 2631 1196 2670 Ia
1224 2629 1370 2678 Grec-e,
1406 2643 1494 2668 cum
1527 2630 1624 2669 notis
1653 2644 1779 2683 respe-

984 2698 1101 2736 ctivis.
1123 2696 1201 2736 cfr.
1219 2697 1330 2734 etiam
1348 2694 1473 2733 Reone
1487 2724 1498 2743 ‚
1518 2693 1602 2734 Des
1618 2699 1715 2733 etate
1728 2695 1781 2734 du

985 2760 1094 2801 Nora
1106 2790 1119 2812 ,
1136 2769 1227 2800 tom.
1241 2773 1268 2799 11
1282 2789 1293 2808 ‚
1310 2767 1376 2798 art.
1394 2772 1408 2797 1
1435 2789 1445 2808 ,
1459 2772 1544 2812 pag.
1561 2773 1610 2812 70
1621 2768 1657 2799 et
1673 2774 1777 2813 seqq.

987 2827 1084 2865 Paris
1105 2825 1229 2878 18353
1256 2824 1501 2876 Philosophia
1518 2824 1564 2863 de
1584 2824 1621 2863 Ia
1634 2825 1780 2877 mytho-

987 2892 1081 2945 loqie
1094 2921 1105 2942 ‚
1115 2904 1193 2945 par
1209 2891 1274 2932 M.
1300 2888 1511 2942 Soheuinq.

1507 3015 1536 3064 6
