2028 3354
341 221 467 250 PART.
505 221 535 248 Ι.
573 221 669 251 CAP.
707 222 738 250 1.
779 222 831 249 DE
867 220 1038 250 CHRISTI
1073 220 1193 249 EGCL.
1232 220 1449 250 INSTITUT.
1492 220 1543 249 ΕΤ
1579 219 1699 249 ome..
1800 204 1854 249 ll

184 334 236 379 50
267 333 387 392 Quid
418 334 589 379 mirum
622 335 790 398 igitur,
826 334 862 379 si
891 332 1014 381 idem
1038 332 1126 380 iter
1152 333 1408 381 insistendo
1435 350 1636 407 praesens
1667 332 1858 380 Ecclesia

182 412 316 474 longe
342 410 427 457 alia
460 419 599 475 atque
624 411 804 459 diversa
827 412 887 457 sit
909 428 933 457 a
963 411 1186 475 primaeva
1203 448 1215 471 7
1245 427 1329 458 nec
1354 419 1600 475 propterea
1617 427 1673 458 ex
1693 409 1859 457 actuali

184 487 391 534 Ecclesiae
441 488 688 535 existentia
739 488 892 534 ullum
932 488 1077 552 possit
1126 489 1226 553 capi
1267 496 1593 550 argumentum
1635 505 1722 552 pro
1764 490 1864 550 ejus

182 564 426 610 identitate
450 564 640 626 originis
667 573 713 611 et
736 563 1040 610 institutionis
1073 579 1178 609 cum
1201 563 1375 625 origine
1399 571 1446 609 et
1467 563 1758 610 institutione
1779 564 1861 611 Ec-

183 639 328 686 clesiae
349 640 630 704 primitivae?

244 715 326 763 22.
363 717 500 780 Resp.
532 716 599 761 Ad
624 716 685 762 1¹¹¹
705 752 717 772 7
747 714 867 777 Neq.
898 714 991 760 Nec
1009 712 1135 761 enim
1158 713 1298 761 debet
1322 715 1615 779 permisceri,
1643 715 1864 780 quemad-

179 790 372 837 modum
405 790 462 837 ab
493 791 763 839 adversariis
794 792 847 835 fit
867 825 878 847 a
915 789 1108 854 quaestio
1144 789 1203 838 de
1235 791 1479 839 existentia
1513 801 1593 839 aut
1619 792 1862 841 identitate

180 866 371 929 alicujus
397 867 619 913 societatis
639 883 741 911 cum
772 866 1001 912 varietate
1018 902 1029 924 a
1059 874 1113 912 ut
1135 866 1200 913 ita
1230 867 1381 914 dicam
1400 904 1412 928 a
1445 868 1719 927 formarum,
1752 886 1864 934 quas

181 943 346 989 eadem
379 942 568 988 societas
611 942 835 1007 temporis
871 937 1259 1007 lapsu'inducere
1303 961 1381 991 seu
1412 944 1662 992 adsciscere
1693 946 1860 1010 potuit.

181 1020 247 1064 De
273 1017 516 1082 posteriori
545 1017 631 1065 hac
652 1019 906 1082 quaestione
934 1017 1104 1065 idoneo
1128 1018 1228 1067 loco
1258 1038 1475 1084 agemus3
1506 1022 1695 1068 interim
1727 1039 1865 1086 argu«

181 1102 390 1139 mentum
413 1093 472 1140 de
491 1095 734 1141 existentia
760 1095 957 1158 perenni
980 1102 1027 1142 et
1054 1096 1323 1144 continuata
1354 1098 1581 1145 societatis
1602 1098 1862 1147 christIanae

178 1168 274 1214 sive
307 1168 514 1216 Ecclesiae
547 1188 569 1216 a
607 1170 788 1217 Christo
817 1171 1044 1219 institutae
1074 1172 1320 1219 immotum
1349 1184 1611 1238 permanet.
1649 1174 1862 1240 Alioquin

176 1242 366 1290 deberet
385 1244 598 1292 concludi
616 1282 628 1298 ,
649 1247 888 1294 nationem
910 1246 1120 1310 gallicam
1141 1266 1213 1295 ex.
1238 1267 1329 1312 gr.7
1348 1251 1658 1314 germanicam
1678 1260 1758 1298 aut
1777 1269 1862 1298 an-

175 1319 338 1383 glicam
365 1340 459 1369 non
494 1323 695 1388 amplius
725 1325 919 1372 existere
951 1324 1010 1371 ob
1041 1324 1359 1374 diversit-atem
1394 1329 1492 1377 sive
1526 1328 1863 1394 principiorum

176 1397 271 1444 sive
292 1398 451 1445 formae
474 1400 709 1462 regiminis
726 1437 738 1460 7
764 1418 903 1465 quam
928 1400 1186 1448 identidem
1208 1402 1466 1451 subierunt.

238 1473 318 1520 23.
359 1474 429 1521 Ad
457 1476 522 1520 2³¹
538 1510 551 1533 ,
591 1478 718 1523 Dist.
741 1477 793 1522 Id
812 1487 881 1523 est
899 1513 911 1536 7
941 1477 1281 1541 perduelliones
1302 1481 1604 1545 particulares
1639 1482 1861 1530 adversus

177 1548 422 1595 Ecclesiam
449 1549 773 1599 dominantem
793 1553 923 1599 factae
946 1562 1055 1599 sunt
1077 1553 1163 1601 sub
1193 1564 1419 1618 praetextu
1450 1557 1694 1605 Ecclesiam
1726 1575 1863 1611 revo-

177 1623 312 1670 candi
335 1624 393 1670 ad
419 1625 690 1689 primaevam
709 1628 1078 1688 institutionem,
1111 1646 1237 1677 conc.
1256 1648 1273 1686 ;
1293 1632 1441 1697 reipsa
1463 1633 1512 1679 id
1538 1644 1858 1700 susceperunt,

176 1715 277 1761 neq.
328 1701 498 1764 Utique
545 1702 674 1749 nulla
716 1704 974 1767 perduellio
1021 1722 1101 1752 seu
1121 1741 1134 1765 ‚
1184 1715 1237 1753 ut
1274 1707 1523 1755 adversarii
1565 1709 1825 1775 loquuntur
1846 1749 1859 1771 a

173 1775 342 1822 reactio
364 1776 556 1839 contigit
573 1795 629 1824 ex
651 1787 783 1843 parte
801 1780 1091 1845 privatorum
1107 1780 1352 1830 hominum
1370 1784 1591 1834 adversus
1614 1787 1861 1836 Ecclesiam

177 1848 496 1898 dominantem
516 1889 527 1911 a
547 1854 594 1900 id
609 1864 696 1915 est,
715 1855 989 1904 catholicam
1007 1894 1019 1917 ,
1043 1858 1155 1922 quin
1176 1860 1310 1907 factio
1322 1879 1418 1908 non
1433 1861 1715 1911 ⁴obtenderet
1731 1864 1861 1913 illam

175 1924 223 1971 in
256 1927 420 1974 melius
455 1946 671 1978 revocare
702 1932 798 1980 sive
840 1933 956 1980 circa
991 1932 1192 1999 aliquem
1231 1936 1457 1985 doctrinae·
1478 1939 1740 1988 theoreticae
1779 1952 1859 1989 aut

173 2003 385 2065 practicae
407 2005 651 2053 articulum
667 2044 679 2066 7
709 2008 807 2056 sive
828 2009 946 2056 circa
965 2013 1061 2072 ejus
1089 2013 1316 2075 regimen.
1353 2015 1524 2062 Verum
1545 2026 1857 2083 praeterquam

175 2078 300 2142 quod
318 2079 512 2143 pallium
533 2082 658 2130 istud
681 2084 771 2131 cito
793 2084 987 2147 decidit,
1007 2096 1054 2134 et
1072 2105 1180 2138 vera
1200 2092 1415 2156 apparuit
1432 2091 1671 2140 seditionis
1694 2111 1827 2142 causa
1842 2132 1854 2154 .,

173 2155 351 2218 privata
383 2157 555 2205 scilicet
580 2177 630 2207 ac
660 2162 915 2225 personalis
941 2163 1057 2211 ratio
1090 2165 1186 2229 (l),
1206 2166 1293 2214 hoc
1323 2168 1422 2233 ipso
1460 2169 1584 2233 quod
1601 2171 1699 2217 istae
1723 2171 1856 2218 facti-

228 2339 286 2390 (Ι)
311 2342 395 2381 Non
419 2344 570 2383 aliunde
604 2346 754 2386 haereses
786 2357 849 2387 aut
876 2357 982 2387 sectae

175 2412 260 2443 ortae
277 2417 363 2447 sunt
376 2439 386 2457 ‚
411 2425 524 2463 quam
541 2425 587 2450 ex
607 2427 649 2451 eo
676 2414 777 2466 quod
798 2415 982 2455 voluerint

173 2484 297 2509 earum
317 2482 479 2514 auctores
500 2478 683 2528 privatum
709 2493 859 2518 sensum
871 2495 980 2519 suum

172 2549 355 2587 opponere
364 2539 548 2580 traditioni
562 2557 605 2582 ac
617 2542 790 2583 doctrinae
806 2545 978 2585 Ecclesiae

169 2602 385 2641 universalis
406 2618 470 2643 seu
494 2607 692 2648 catholicae.
712 2610 975 2662 Tertullianus,

170 2666 403 2720 Epiphanius
419 2700 430 2718 ,
456 2670 681 2723 Augustinus
691 2679 875 2730 ceterique
887 2681 977 2717 scri·

169 2740 290 2783 ptores
305 2763 316 2781 ,
342 2737 406 2787 qui
430 2737 635 2789 catalogum
664 2748 699 2778 et
712 2743 887 2793 originem
899 2746 976 2782 sin-

169 2798 333 2849 gularum
366 2800 550 2841 haereseon
578 2804 686 2844 nobis
716 2807 973 2860 reliquerunt,

169 2865 358 2921 unanimes
390 2870 537 2906 suntin
563 2870 633 2909 hac
661 2875 873 2913 assertione.
898 2874 976 2915 Nec

169 2926 239 2965 alia
261 2932 377 2969 extitit
390 2934 493 2986 origo
518 2933 700 2975 haeresum
717 2966 727 2985 ‚
753 2951 837 2991 quae
859 2940 975 2980 tribus

169 2997 360 3041 postremis
385 2998 514 3036 seculis
547 3009 630 3039 ortae
663 3011 772 3053 sunt3
807 3018 876 3043 nec
906 3006 977 3044 alia

1048 2353 1114 2390 erit
1137 2367 1263 2392 earum
1280 2382 1292 2403 ,
1323 2369 1404 2408 quae
1440 2357 1721 2410 subsequentur.
1760 2361 1855 2402 Prae-

1048 2421 1169 2456 textus
1203 2421 1292 2457 varii
1329 2429 1413 2459 sunt
1430 2437 1441 2472 3
1480 2431 1534 2461 ast
1570 2438 1644 2463 una
1680 2426 1731 2464 est
1771 2443 1854 2468 vera

1047 2495 1155 2521 causa
1172 2512 1183 2529 ‚
1211 2486 1407 2538 superbia,
1433 2501 1513 2540 quae
1542 2491 1707 2528 omnium
1738 2498 1855 2533 secta-

1044 2561 1127 2586 rum
1144 2558 1260 2590 mater
1281 2551 1437 2591 fecunda
1451 2561 1517 2593 est.
1534 2553 1706 2607 Apposite
1719 2556 1759 2596 S.
1778 2560 1855 2598 Au·-

1044 2615 1225 2665 gustinus,
1249 2616 1447 2657 Tract.xi.v
1456 2618 1501 2658 in
1514 2618 1546 2656 J
1545 2633 1631 2659 oan.
1645 2620 1732 2670 n.5‚
1746 2626 1854 2662 variis

1044 2685 1334 2722 commemoratis
1344 2684 1522 2724 haereticis
1534 2715 1544 2733 ‚
1561 2689 1625 2738 qui
1637 2687 1826 2740 jactabant
1838 2717 1850 2736 ,

1044 2757 1081 2782 se
1102 2759 1225 2785 veram
1262 2748 1467 2788 doctrinam
1503 2751 1639 2790 Christi
1682 2753 1822 2793 tradere
1839 2784 1849 2803 ‚

1042 2811 1191 2850 tandem
1216 2814 1405 2854 concludit
1427 2829 1438 2853 :
1477 2815 1530 2854 Et
1551 2817 1651 2868 quid
1680 2832 1774 2870 opus
1797 2825 1852 2857 cst

1041 2874 1160 2914 multa
1173 2891 1396 2930 percurrere
1410 2911 1421 2928 ,
1445 2888 1482 2919 et
1501 2881 1622 2922 multa
1643 2896 1746 2922 vana
1771 2883 1850 2922 11oe-

1043 2954 1168 2981 reeum
1191 2958 1417 2986 enumerare
1432 2951 1452 2985 Ρ
1475 2948 1565 2988 Hoc
1583 2955 1701 2988 tenete
1717 2980 1727 2998 ,
1755 2950 1852 2990 ovile

1049 3005 1195 3049 Christi
1239 3024 1316 3050 esce
1356 3013 1579 3053 catholicam
1619 3013 1849 3057 Ecclesiam.
