<?xml version="1.0" encoding="UTF-8"?>
<!DOCTYPE html PUBLIC "-//W3C//DTD XHTML 1.0 Transitional//EN"
    "http://www.w3.org/TR/xhtml1/DTD/xhtml1-transitional.dtd">
<html xmlns="http://www.w3.org/1999/xhtml" xml:lang="en" lang="en">
 <head>
  <title>
</title>
<meta http-equiv="Content-Type" content="text/html;charset=utf-8" />
  <meta name='ocr-system' content='tesseract 3.04.00' />
  <meta name='ocr-capabilities' content='ocr_page ocr_carea ocr_par ocr_line ocrx_word'/>
</head>
<body>
  <div class='ocr_page' id='page_1' title='image "./praelectionestheo08perruoft/praelectionestheo08perruoft_0421.png"; bbox 0 0 2028 3354; ppageno 0'>
   <div class='ocr_carea' id='block_1_1' title="bbox 1708 242 1804 289">
    <p class='ocr_par' dir='ltr' id='par_1_1' title="bbox 1708 242 1804 289">
     <span class='ocr_line' id='line_1_1' title="bbox 1708 242 1804 289; baseline 0.01 -1"><span class='ocrx_word' id='word_1_1' title='bbox 1708 242 1804 289; x_wconf 74' lang='lat'><strong>409</strong></span> 
     </span>
    </p>
   </div>
   <div class='ocr_carea' id='block_1_2' title="bbox 382 258 1549 291">
    <p class='ocr_par' dir='ltr' id='par_1_2' title="bbox 382 258 1549 291">
     <span class='ocr_line' id='line_1_2' title="bbox 382 258 1549 291; baseline -0.002 -2"><span class='ocrx_word' id='word_1_2' title='bbox 382 260 503 291; x_wconf 77' lang='lat' dir='ltr'><strong>PAnT.</strong></span> <span class='ocrx_word' id='word_1_3' title='bbox 538 261 569 289; x_wconf 88' lang='lat'><strong>1.</strong></span> <span class='ocrx_word' id='word_1_4' title='bbox 604 259 727 289; x_wconf 78' lang='lat' dir='ltr'>SECT.</span> <span class='ocrx_word' id='word_1_5' title='bbox 767 258 815 288; x_wconf 88' lang='lat'><strong>11.</strong></span> <span class='ocrx_word' id='word_1_6' title='bbox 851 259 947 289; x_wconf 82' lang='lat' dir='ltr'>CAP.</span> <span class='ocrx_word' id='word_1_7' title='bbox 983 259 1033 289; x_wconf 84' lang='lat'><strong>11.</strong></span> <span class='ocrx_word' id='word_1_8' title='bbox 1071 261 1123 289; x_wconf 87' lang='lat' dir='ltr'><strong>DE</strong></span> <span class='ocrx_word' id='word_1_9' title='bbox 1158 258 1338 289; x_wconf 73' lang='lat' dir='ltr'><strong>PRIMAT.</strong></span> <span class='ocrx_word' id='word_1_10' title='bbox 1375 258 1549 289; x_wconf 81' lang='lat' dir='ltr'><strong>PERPE&#39;I&#39;.</strong></span> 
     </span>
    </p>
   </div>
   <div class='ocr_carea' id='block_1_3' title="bbox 103 364 1837 2342">
    <p class='ocr_par' dir='ltr' id='par_1_3' title="bbox 109 364 1812 740">
     <span class='ocr_line' id='line_1_3' title="bbox 117 364 1810 420; baseline -0.002 0"><span class='ocrx_word' id='word_1_11' title='bbox 117 373 268 420; x_wconf 81' lang='lat' dir='ltr'>verint</span> <span class='ocrx_word' id='word_1_12' title='bbox 299 364 502 419; x_wconf 29' lang='lat' dir='ltr'><strong>in&#39;rom.</strong></span> <span class='ocrx_word' id='word_1_13' title='bbox 540 371 759 418; x_wconf 82' lang='lat' dir='ltr'><strong>Pontifice</strong></span> <span class='ocrx_word' id='word_1_14' title='bbox 804 388 1113 419; x_wconf 84' lang='lat' dir='ltr'><strong>successorem</strong></span> <span class='ocrx_word' id='word_1_15' title='bbox 1162 372 1212 419; x_wconf 89' lang='grc' dir='ltr'><strong>Β.</strong></span> <span class='ocrx_word' id='word_1_16' title='bbox 1251 371 1389 418; x_wconf 85' lang='lat' dir='ltr'><strong>Petri.</strong></span> <span class='ocrx_word' id='word_1_17' title='bbox 1423 373 1530 419; x_wconf 89' lang='lat' dir='ltr'><strong>Jam</strong></span> <span class='ocrx_word' id='word_1_18' title='bbox 1571 388 1680 420; x_wconf 90' lang='lat' dir='ltr'><strong>vero</strong></span> <span class='ocrx_word' id='word_1_19' title='bbox 1715 370 1810 418; x_wconf 84' lang='lat' dir='ltr'><strong>hoc</strong></span> 
     </span>
     <span class='ocr_line' id='line_1_4' title="bbox 115 446 1807 512; baseline 0 -17"><span class='ocrx_word' id='word_1_20' title='bbox 115 449 299 496; x_wconf 84' lang='lat' dir='ltr'>abunde</span> <span class='ocrx_word' id='word_1_21' title='bbox 332 457 510 495; x_wconf 86' lang='lat' dir='ltr'><strong>constat</strong></span> <span class='ocrx_word' id='word_1_22' title='bbox 530 457 629 494; x_wconf 81' lang='lat' dir='ltr'><strong>tum</strong></span> <span class='ocrx_word' id='word_1_23' title='bbox 650 465 705 494; x_wconf 82' lang='lat' dir='ltr'><strong>ex</strong></span> <span class='ocrx_word' id='word_1_24' title='bbox 732 448 1009 506; x_wconf 85' lang='lat' dir='ltr'><strong>adversarii,</strong></span> <span class='ocrx_word' id='word_1_25' title='bbox 1034 466 1175 512; x_wconf 84' lang='lat' dir='ltr'><strong>quern</strong></span> <span class='ocrx_word' id='word_1_26' title='bbox 1188 446 1468 506; x_wconf 85' lang='lat' dir='ltr'><strong>refellimus,</strong></span> <span class='ocrx_word' id='word_1_27' title='bbox 1493 447 1807 508; x_wconf 73' lang='lat' dir='ltr'><strong>confessione,</strong></span> 
     </span>
     <span class='ocr_line' id='line_1_5' title="bbox 114 522 1803 588; baseline 0 -18"><span class='ocrx_word' id='word_1_28' title='bbox 114 534 215 570; x_wconf 83' lang='lat' dir='ltr'><strong>tum</strong></span> <span class='ocrx_word' id='word_1_29' title='bbox 245 542 300 572; x_wconf 86' lang='lat' dir='ltr'><strong>ex</strong></span> <span class='ocrx_word' id='word_1_30' title='bbox 328 534 525 588; x_wconf 85' lang='lat' dir='ltr'><strong>quatuor</strong></span> <span class='ocrx_word' id='word_1_31' title='bbox 558 524 668 588; x_wconf 89' lang='lat' dir='ltr'><strong>ipsis</strong></span> <span class='ocrx_word' id='word_1_32' title='bbox 696 524 1069 570; x_wconf 81' lang='lat' dir='ltr'><strong>testimoniorum</strong></span> <span class='ocrx_word' id='word_1_33' title='bbox 1105 522 1323 570; x_wconf 88' lang='lat' dir='ltr'><strong>classibus</strong></span> <span class='ocrx_word' id='word_1_34' title='bbox 1344 559 1356 580; x_wconf 64' lang='lat' dir='ltr'>o</span> <span class='ocrx_word' id='word_1_35' title='bbox 1393 524 1441 569; x_wconf 91' lang='lat' dir='ltr'><strong>in</strong></span> <span class='ocrx_word' id='word_1_36' title='bbox 1477 541 1588 588; x_wconf 89' lang='lat' dir='ltr'><strong>quas</strong></span> <span class='ocrx_word' id='word_1_37' title='bbox 1613 526 1803 570; x_wconf 85' lang='lat' dir='ltr'><strong>Patrum</strong></span> 
     </span>
     <span class='ocr_line' id='line_1_6' title="bbox 113 598 1812 665; baseline 0.001 -19"><span class='ocrx_word' id='word_1_38' title='bbox 113 600 369 647; x_wconf 78' lang='lat' dir='ltr'><strong>doctrinam</strong></span> <span class='ocrx_word' id='word_1_39' title='bbox 413 600 537 646; x_wconf 87' lang='lat' dir='ltr'><strong>idem</strong></span> <span class='ocrx_word' id='word_1_40' title='bbox 570 599 744 662; x_wconf 78' lang='lat' dir='ltr'><strong>redegit</strong></span> <span class='ocrx_word' id='word_1_41' title='bbox 773 600 1089 655; x_wconf 85' lang='lat' dir='ltr'><strong>adversarius;</strong></span> <span class='ocrx_word' id='word_1_42' title='bbox 1125 615 1235 645; x_wconf 86' lang='lat' dir='ltr'><strong>nam</strong></span> <span class='ocrx_word' id='word_1_43' title='bbox 1263 598 1321 644; x_wconf 89' lang='lat' dir='ltr'><strong>de</strong></span> <span class='ocrx_word' id='word_1_44' title='bbox 1356 598 1497 646; x_wconf 88' lang='lat' dir='ltr'><strong>classe</strong></span> <span class='ocrx_word' id='word_1_45' title='bbox 1520 599 1812 665; x_wconf 78' lang='lat' dir='ltr'><strong>apocrypho·</strong></span> 
     </span>
     <span class='ocr_line' id='line_1_7' title="bbox 109 676 758 740; baseline -0.002 -19"><span class='ocrx_word' id='word_1_46' title='bbox 109 693 215 722; x_wconf 87' lang='lat' dir='ltr'><strong>rum</strong></span> <span class='ocrx_word' id='word_1_47' title='bbox 254 676 466 722; x_wconf 85' lang='lat' dir='ltr'><strong>distincte</strong></span> <span class='ocrx_word' id='word_1_48' title='bbox 500 676 758 740; x_wconf 81' lang='lat' dir='ltr'><strong>loquemur.</strong></span> 
     </span>
    </p>

    <p class='ocr_par' dir='ltr' id='par_1_4' title="bbox 104 748 1809 1729">
     <span class='ocr_line' id='line_1_8' title="bbox 179 748 1803 816; baseline -0.001 -18"><span class='ocrx_word' id='word_1_49' title='bbox 179 752 289 798; x_wconf 84' lang='lat'><strong>593.</strong></span> <span class='ocrx_word' id='word_1_50' title='bbox 331 753 546 811; x_wconf 59' lang='lat' dir='ltr'><strong>Etenim7</strong></span> <span class='ocrx_word' id='word_1_51' title='bbox 596 752 633 797; x_wconf 88' lang='lat' dir='ltr'><strong>si</strong></span> <span class='ocrx_word' id='word_1_52' title='bbox 675 751 900 816; x_wconf 84' lang='lat' dir='ltr'><strong>primatus</strong></span> <span class='ocrx_word' id='word_1_53' title='bbox 939 749 1161 795; x_wconf 85' lang='lat' dir='ltr'><strong>divinitus</strong></span> <span class='ocrx_word' id='word_1_54' title='bbox 1203 748 1442 794; x_wconf 86' lang='lat' dir='ltr'><strong>institutus</strong></span> <span class='ocrx_word' id='word_1_55' title='bbox 1494 758 1540 796; x_wconf 87' lang='lat' dir='ltr'><strong>et</strong></span> <span class='ocrx_word' id='word_1_56' title='bbox 1587 751 1803 814; x_wconf 78' lang='lat' dir='ltr'><strong>peculiari</strong></span> 
     </span>
     <span class='ocr_line' id='line_1_9' title="bbox 111 823 1803 891; baseline 0 -18"><span class='ocrx_word' id='word_1_57' title='bbox 111 827 352 875; x_wconf 83' lang='lat' dir='ltr'><strong>individuo</strong></span> <span class='ocrx_word' id='word_1_58' title='bbox 373 828 564 875; x_wconf 86' lang='lat' dir='ltr'><strong>collatus</strong></span> <span class='ocrx_word' id='word_1_59' title='bbox 584 834 758 891; x_wconf 87' lang='lat' dir='ltr'><strong>spectat</strong></span> <span class='ocrx_word' id='word_1_60' title='bbox 777 826 835 871; x_wconf 89' lang='lat' dir='ltr'><strong>ad</strong></span> <span class='ocrx_word' id='word_1_61' title='bbox 859 824 1149 871; x_wconf 82' lang='lat' dir='ltr'><strong>essentialem</strong></span> <span class='ocrx_word' id='word_1_62' title='bbox 1176 823 1436 870; x_wconf 80' lang='lat' dir='ltr'><strong>christianae</strong></span> <span class='ocrx_word' id='word_1_63' title='bbox 1461 824 1668 873; x_wconf 72' lang='lat' dir='ltr'><strong>Ecclesiae</strong></span> <span class='ocrx_word' id='word_1_64' title='bbox 1691 843 1803 873; x_wconf 91' lang='lat' dir='ltr'><strong>con-</strong></span> 
     </span>
     <span class='ocr_line' id='line_1_10' title="bbox 111 900 1809 965; baseline 0 -16"><span class='ocrx_word' id='word_1_65' title='bbox 111 904 398 951; x_wconf 83' lang='lat' dir='ltr'><strong>stitutionem</strong></span> <span class='ocrx_word' id='word_1_66' title='bbox 417 941 429 964; x_wconf 60' lang='lat'><em>7</em></span> <span class='ocrx_word' id='word_1_67' title='bbox 465 906 594 950; x_wconf 86' lang='lat' dir='ltr'><strong>unice</strong></span> <span class='ocrx_word' id='word_1_68' title='bbox 615 911 824 949; x_wconf 81' lang='lat' dir='ltr'><strong>remanet</strong></span> <span class='ocrx_word' id='word_1_69' title='bbox 847 901 1206 965; x_wconf 78' lang='lat' dir='ltr'><strong>inquirendum,</strong></span> <span class='ocrx_word' id='word_1_70' title='bbox 1242 900 1290 945; x_wconf 90' lang='lat' dir='ltr'><strong>in</strong></span> <span class='ocrx_word' id='word_1_71' title='bbox 1324 918 1527 964; x_wconf 85' lang='lat' dir='ltr'><strong>quonam</strong></span> <span class='ocrx_word' id='word_1_72' title='bbox 1558 900 1809 949; x_wconf 79' lang='lat' dir='ltr'><strong>individuo</strong></span> 
     </span>
     <span class='ocr_line' id='line_1_11' title="bbox 109 976 1804 1044; baseline -0.001 -19"><span class='ocrx_word' id='word_1_73' title='bbox 109 990 215 1044; x_wconf 86' lang='lat' dir='ltr'><strong>post</strong></span> <span class='ocrx_word' id='word_1_74' title='bbox 248 982 435 1027; x_wconf 86' lang='lat' dir='ltr'><strong>Petrum</strong></span> <span class='ocrx_word' id='word_1_75' title='bbox 471 980 594 1025; x_wconf 84' lang='lat' dir='ltr'><strong>hunc</strong></span> <span class='ocrx_word' id='word_1_76' title='bbox 626 977 880 1042; x_wconf 79' lang='lat' dir='ltr'><strong>primatum</strong></span> <span class='ocrx_word' id='word_1_77' title='bbox 930 978 1204 1040; x_wconf 81' lang='lat' dir='ltr'><strong>agnoverint</strong></span> <span class='ocrx_word' id='word_1_78' title='bbox 1239 977 1411 1022; x_wconf 88' lang='lat' dir='ltr'><strong>Patres.</strong></span> <span class='ocrx_word' id='word_1_79' title='bbox 1450 978 1592 1023; x_wconf 87' lang='lat' dir='ltr'><strong>Porro</strong></span> <span class='ocrx_word' id='word_1_80' title='bbox 1620 976 1804 1024; x_wconf 89' lang='lat' dir='ltr'><strong>nullum</strong></span> 
     </span>
     <span class='ocr_line' id='line_1_12' title="bbox 111 1052 1802 1118; baseline -0.001 -16"><span class='ocrx_word' id='word_1_81' title='bbox 111 1055 306 1102; x_wconf 84' lang='lat' dir='ltr'><strong>dubium</strong></span> <span class='ocrx_word' id='word_1_82' title='bbox 349 1065 439 1113; x_wconf 66' lang='lat' dir='ltr'><strong>cst,</strong></span> <span class='ocrx_word' id='word_1_83' title='bbox 469 1054 656 1101; x_wconf 85' lang='lat' dir='ltr'><strong>eosdem</strong></span> <span class='ocrx_word' id='word_1_84' title='bbox 678 1056 834 1099; x_wconf 83' lang='lat' dir='ltr'><strong>Patres</strong></span> <span class='ocrx_word' id='word_1_85' title='bbox 854 1053 901 1099; x_wconf 90' lang='lat' dir='ltr'><strong>in</strong></span> <span class='ocrx_word' id='word_1_86' title='bbox 934 1052 1066 1099; x_wconf 91' lang='lat' dir='ltr'><strong>nullo</strong></span> <span class='ocrx_word' id='word_1_87' title='bbox 1095 1053 1183 1099; x_wconf 86' lang='lat' dir='ltr'><strong>alio</strong></span> <span class='ocrx_word' id='word_1_88' title='bbox 1207 1052 1448 1099; x_wconf 89' lang='lat' dir='ltr'><strong>individuo</strong></span> <span class='ocrx_word' id='word_1_89' title='bbox 1479 1061 1802 1118; x_wconf 71' lang='lat' dir='ltr'><strong>praeterquam</strong></span> 
     </span>
     <span class='ocr_line' id='line_1_13' title="bbox 109 1128 1800 1194; baseline -0.001 -17"><span class='ocrx_word' id='word_1_90' title='bbox 109 1133 157 1177; x_wconf 86' lang='lat' dir='ltr'><strong>in</strong></span> <span class='ocrx_word' id='word_1_91' title='bbox 181 1133 301 1179; x_wconf 87' lang='lat' dir='ltr'><strong>Petri</strong></span> <span class='ocrx_word' id='word_1_92' title='bbox 321 1148 577 1178; x_wconf 82' lang='lat' dir='ltr'><strong>successore</strong></span> <span class='ocrx_word' id='word_1_93' title='bbox 599 1167 610 1186; x_wconf 73' lang='grc'><strong>.,</strong></span> <span class='ocrx_word' id='word_1_94' title='bbox 629 1147 743 1175; x_wconf 87' lang='lat' dir='ltr'><strong>rom.</strong></span> <span class='ocrx_word' id='word_1_95' title='bbox 764 1130 1012 1190; x_wconf 79' lang='lat' dir='ltr'><strong>Pontifice,</strong></span> <span class='ocrx_word' id='word_1_96' title='bbox 1032 1128 1258 1192; x_wconf 85' lang='lat' dir='ltr'><strong>ejusmodi</strong></span> <span class='ocrx_word' id='word_1_97' title='bbox 1274 1129 1527 1194; x_wconf 87' lang='lat' dir='ltr'><strong>primatum</strong></span> <span class='ocrx_word' id='word_1_98' title='bbox 1541 1130 1800 1192; x_wconf 82' lang='lat' dir='ltr'><strong>agnovisse.</strong></span> 
     </span>
     <span class='ocr_line' id='line_1_14' title="bbox 111 1205 1803 1271; baseline 0 -17"><span class='ocrx_word' id='word_1_99' title='bbox 111 1206 242 1265; x_wconf 76' lang='lat' dir='ltr'><strong>Quod</strong></span> <span class='ocrx_word' id='word_1_100' title='bbox 268 1207 306 1253; x_wconf 92' lang='lat' dir='ltr'><strong>si</strong></span> <span class='ocrx_word' id='word_1_101' title='bbox 334 1207 395 1253; x_wconf 87' lang='lat' dir='ltr'><strong>ita</strong></span> <span class='ocrx_word' id='word_1_102' title='bbox 431 1208 658 1271; x_wconf 79' lang='lat' dir='ltr'><strong>primatus</strong></span> <span class='ocrx_word' id='word_1_103' title='bbox 679 1223 703 1252; x_wconf 87' lang='lat' dir='ltr'><strong>a</strong></span> <span class='ocrx_word' id='word_1_104' title='bbox 730 1206 911 1252; x_wconf 88' lang='lat' dir='ltr'><strong>Christo</strong></span> <span class='ocrx_word' id='word_1_105' title='bbox 941 1206 1181 1251; x_wconf 81' lang='lat' dir='ltr'><strong>institutus</strong></span> <span class='ocrx_word' id='word_1_106' title='bbox 1216 1214 1313 1261; x_wconf 61' lang='lat' dir='ltr'><strong>est,</strong></span> <span class='ocrx_word' id='word_1_107' title='bbox 1347 1213 1398 1250; x_wconf 85' lang='lat' dir='ltr'><strong>ut</strong></span> <span class='ocrx_word' id='word_1_108' title='bbox 1432 1206 1491 1251; x_wconf 86' lang='lat' dir='ltr'><strong>sit</strong></span> <span class='ocrx_word' id='word_1_109' title='bbox 1526 1205 1576 1251; x_wconf 90' lang='lat' dir='ltr'><strong>in</strong></span> <span class='ocrx_word' id='word_1_110' title='bbox 1607 1205 1803 1254; x_wconf 86' lang='lat' dir='ltr'><strong>Ecclesia</strong></span> 
     </span>
     <span class='ocr_line' id='line_1_15' title="bbox 106 1282 1800 1349; baseline 0 -19"><span class='ocrx_word' id='word_1_111' title='bbox 106 1293 356 1349; x_wconf 81' lang='lat' dir='ltr'><strong>perpetuus</strong></span> <span class='ocrx_word' id='word_1_112' title='bbox 373 1322 384 1344; x_wconf 59' lang='lat' dir='ltr'><strong>a</strong></span> <span class='ocrx_word' id='word_1_113' title='bbox 402 1288 498 1346; x_wconf 82' lang='lat' dir='ltr'><strong>jam</strong></span> <span class='ocrx_word' id='word_1_114' title='bbox 526 1292 691 1349; x_wconf 87' lang='lat' dir='ltr'><strong>sponte</strong></span> <span class='ocrx_word' id='word_1_115' title='bbox 706 1317 722 1339; x_wconf 75' lang='lat'><em>,</em></span> <span class='ocrx_word' id='word_1_116' title='bbox 742 1283 838 1329; x_wconf 89' lang='lat' dir='ltr'><strong>imo</strong></span> <span class='ocrx_word' id='word_1_117' title='bbox 853 1284 1111 1329; x_wconf 85' lang='lat' dir='ltr'><strong>necessario</strong></span> <span class='ocrx_word' id='word_1_118' title='bbox 1129 1282 1337 1346; x_wconf 88' lang='lat' dir='ltr'><strong>sequitur</strong></span> <span class='ocrx_word' id='word_1_119' title='bbox 1356 1318 1369 1341; x_wconf 78' lang='lat'><strong>.,</strong></span> <span class='ocrx_word' id='word_1_120' title='bbox 1394 1282 1674 1348; x_wconf 87' lang='lat' dir='ltr'><strong>quicumque</strong></span> <span class='ocrx_word' id='word_1_121' title='bbox 1692 1301 1800 1331; x_wconf 92' lang='lat' dir='ltr'><strong>eum</strong></span> 
     </span>
     <span class='ocr_line' id='line_1_16' title="bbox 105 1357 1802 1425; baseline 0.001 -20"><span class='ocrx_word' id='word_1_122' title='bbox 105 1360 309 1425; x_wconf 84' lang='lat' dir='ltr'><strong>possidet</strong></span> <span class='ocrx_word' id='word_1_123' title='bbox 331 1359 564 1424; x_wconf 86' lang='lat' dir='ltr'><strong>possidere</strong></span> <span class='ocrx_word' id='word_1_124' title='bbox 570 1362 690 1420; x_wconf 73' lang='lat' dir='ltr'><strong>jure</strong></span> <span class='ocrx_word' id='word_1_125' title='bbox 703 1360 866 1405; x_wconf 81' lang='lat' dir='ltr'><strong>divino</strong></span> <span class='ocrx_word' id='word_1_126' title='bbox 878 1375 894 1414; x_wconf 91' lang='grc'><strong><em>;</em></strong></span> <span class='ocrx_word' id='word_1_127' title='bbox 912 1359 1119 1422; x_wconf 85' lang='lat' dir='ltr'><strong>possidet</strong></span> <span class='ocrx_word' id='word_1_128' title='bbox 1133 1368 1289 1405; x_wconf 88' lang='lat' dir='ltr'><strong>autem</strong></span> <span class='ocrx_word' id='word_1_129' title='bbox 1305 1375 1360 1405; x_wconf 82' lang='lat' dir='ltr'><strong>ex</strong></span> <span class='ocrx_word' id='word_1_130' title='bbox 1386 1357 1594 1405; x_wconf 87' lang='lat' dir='ltr'><strong>doctrina</strong></span> <span class='ocrx_word' id='word_1_131' title='bbox 1610 1361 1802 1407; x_wconf 88' lang='lat' dir='ltr'><strong>Patrum</strong></span> 
     </span>
     <span class='ocr_line' id='line_1_17' title="bbox 106 1436 1795 1499; baseline 0 -14"><span class='ocrx_word' id='word_1_132' title='bbox 106 1447 230 1485; x_wconf 78' lang='lat' dir='ltr'><strong>etex</strong></span> <span class='ocrx_word' id='word_1_133' title='bbox 264 1439 549 1484; x_wconf 68' lang='lat' dir='ltr'><strong>confessione</strong></span> <span class='ocrx_word' id='word_1_134' title='bbox 569 1436 819 1483; x_wconf 87' lang='lat' dir='ltr'><strong>adversarii</strong></span> <span class='ocrx_word' id='word_1_135' title='bbox 841 1454 959 1482; x_wconf 87' lang='lat' dir='ltr'><strong>rom.</strong></span> <span class='ocrx_word' id='word_1_136' title='bbox 992 1437 1228 1493; x_wconf 70' lang='lat' dir='ltr'><strong>Pontifex3</strong></span> <span class='ocrx_word' id='word_1_137' title='bbox 1265 1452 1371 1499; x_wconf 80' lang='lat' dir='ltr'><strong>ergo</strong></span> <span class='ocrx_word' id='word_1_138' title='bbox 1407 1439 1524 1482; x_wconf 85' lang='lat' dir='ltr'><strong>rom.</strong></span> <span class='ocrx_word' id='word_1_139' title='bbox 1560 1437 1795 1497; x_wconf 84' lang='lat' dir='ltr'><strong>Pontifex,</strong></span> 
     </span>
     <span class='ocr_line' id='line_1_18' title="bbox 104 1511 1798 1576; baseline 0.001 -16"><span class='ocrx_word' id='word_1_140' title='bbox 104 1531 160 1560; x_wconf 83' lang='lat' dir='ltr'><strong>ex</strong></span> <span class='ocrx_word' id='word_1_141' title='bbox 189 1514 461 1561; x_wconf 88' lang='lat' dir='ltr'><strong>eorumdem</strong></span> <span class='ocrx_word' id='word_1_142' title='bbox 488 1515 674 1560; x_wconf 86' lang='lat' dir='ltr'><strong>Patrum</strong></span> <span class='ocrx_word' id='word_1_143' title='bbox 703 1511 935 1571; x_wconf 67' lang='lat' dir='ltr'><strong>doctrina,</strong></span> <span class='ocrx_word' id='word_1_144' title='bbox 956 1516 1079 1574; x_wconf 79' lang='lat' dir='ltr'><strong>jure</strong></span> <span class='ocrx_word' id='word_1_145' title='bbox 1104 1514 1268 1558; x_wconf 75' lang='lat' dir='ltr'><strong>divino</strong></span> <span class='ocrx_word' id='word_1_146' title='bbox 1288 1529 1393 1558; x_wconf 90' lang='lat' dir='ltr'><strong>eum</strong></span> <span class='ocrx_word' id='word_1_147' title='bbox 1424 1511 1645 1576; x_wconf 84' lang='lat' dir='ltr'><strong>possidet.</strong></span> <span class='ocrx_word' id='word_1_148' title='bbox 1673 1514 1798 1561; x_wconf 87' lang='lat' dir='ltr'><strong>Tan-</strong></span> 
     </span>
     <span class='ocr_line' id='line_1_19' title="bbox 106 1588 1796 1654; baseline 0.001 -18"><span class='ocrx_word' id='word_1_149' title='bbox 106 1601 204 1636; x_wconf 83' lang='lat' dir='ltr'><strong>tum</strong></span> <span class='ocrx_word' id='word_1_150' title='bbox 224 1591 362 1653; x_wconf 84' lang='lat' dir='ltr'><strong>igitur</strong></span> <span class='ocrx_word' id='word_1_151' title='bbox 380 1590 510 1637; x_wconf 87' lang='lat' dir='ltr'><strong>abest</strong></span> <span class='ocrx_word' id='word_1_152' title='bbox 528 1625 542 1650; x_wconf 84' lang='lat'>,</span> <span class='ocrx_word' id='word_1_153' title='bbox 568 1599 619 1635; x_wconf 86' lang='lat' dir='ltr'><strong>ut</strong></span> <span class='ocrx_word' id='word_1_154' title='bbox 638 1589 823 1635; x_wconf 87' lang='lat' dir='ltr'><strong>traditio</strong></span> <span class='ocrx_word' id='word_1_155' title='bbox 847 1589 1069 1636; x_wconf 82' lang='lat' dir='ltr'><strong>catholica</strong></span> <span class='ocrx_word' id='word_1_156' title='bbox 1088 1591 1178 1636; x_wconf 86' lang='lat' dir='ltr'><strong>alte</strong></span> <span class='ocrx_word' id='word_1_157' title='bbox 1208 1590 1347 1636; x_wconf 75' lang='lat' dir='ltr'><strong>sileat</strong></span> <span class='ocrx_word' id='word_1_158' title='bbox 1364 1588 1421 1636; x_wconf 88' lang='lat' dir='ltr'><strong>de</strong></span> <span class='ocrx_word' id='word_1_159' title='bbox 1449 1590 1652 1654; x_wconf 85' lang='lat' dir='ltr'><strong>primatu</strong></span> <span class='ocrx_word' id='word_1_160' title='bbox 1676 1608 1796 1638; x_wconf 89' lang='lat' dir='ltr'><strong>rom.</strong></span> 
     </span>
     <span class='ocr_line' id='line_1_20' title="bbox 105 1667 1472 1729; baseline 0 -17"><span class='ocrx_word' id='word_1_161' title='bbox 105 1667 337 1713; x_wconf 86' lang='lat' dir='ltr'><strong>Pontificis</strong></span> <span class='ocrx_word' id='word_1_162' title='bbox 350 1671 471 1729; x_wconf 78' lang='lat' dir='ltr'><strong>jure</strong></span> <span class='ocrx_word' id='word_1_163' title='bbox 495 1668 686 1721; x_wconf 79' lang='lat' dir='ltr'><strong>divino,</strong></span> <span class='ocrx_word' id='word_1_164' title='bbox 717 1675 769 1712; x_wconf 85' lang='lat' dir='ltr'><strong>ut</strong></span> <span class='ocrx_word' id='word_1_165' title='bbox 796 1670 888 1712; x_wconf 82' lang='lat' dir='ltr'><strong>alte</strong></span> <span class='ocrx_word' id='word_1_166' title='bbox 922 1668 1063 1712; x_wconf 80' lang='lat' dir='ltr'><strong>illum</strong></span> <span class='ocrx_word' id='word_1_167' title='bbox 1081 1667 1472 1729; x_wconf 78' lang='lat' dir='ltr'><strong>proclamaverit.</strong></span> 
     </span>
    </p>

    <p class='ocr_par' dir='ltr' id='par_1_5' title="bbox 103 1741 1837 2342">
     <span class='ocr_line' id='line_1_21' title="bbox 170 1741 1837 1808; baseline 0.002 -20"><span class='ocrx_word' id='word_1_168' title='bbox 170 1743 279 1789; x_wconf 77' lang='lat'>594.</span> <span class='ocrx_word' id='word_1_169' title='bbox 318 1745 414 1789; x_wconf 87' lang='lat' dir='ltr'><strong>Hoc</strong></span> <span class='ocrx_word' id='word_1_170' title='bbox 451 1761 590 1808; x_wconf 88' lang='lat' dir='ltr'><strong>porro</strong></span> <span class='ocrx_word' id='word_1_171' title='bbox 630 1751 788 1808; x_wconf 82' lang='lat' dir='ltr'><strong>aperte</strong></span> <span class='ocrx_word' id='word_1_172' title='bbox 821 1742 1059 1789; x_wconf 88' lang='lat' dir='ltr'><strong>declarant</strong></span> <span class='ocrx_word' id='word_1_173' title='bbox 1094 1741 1465 1791; x_wconf 86' lang='lat' dir='ltr'><strong>vehementiores</strong></span> <span class='ocrx_word' id='word_1_174' title='bbox 1496 1741 1613 1801; x_wconf 76' lang='lat' dir='ltr'><strong>illae,</strong></span> <span class='ocrx_word' id='word_1_175' title='bbox 1654 1750 1706 1789; x_wconf 84' lang='lat' dir='ltr'><strong>ut</strong></span> <span class='ocrx_word' id='word_1_176' title='bbox 1733 1743 1800 1791; x_wconf 87' lang='lat' dir='ltr'><strong>ita</strong></span> <span class='ocrx_word' id='word_1_177' title='bbox 1835 1791 1837 1793; x_wconf 82' lang='grc'><em>,</em></span> 
     </span>
     <span class='ocr_line' id='line_1_22' title="bbox 103 1817 1799 1884; baseline 0.001 -19"><span class='ocrx_word' id='word_1_178' title='bbox 103 1818 289 1884; x_wconf 86' lang='lat' dir='ltr'><strong>loquar,</strong></span> <span class='ocrx_word' id='word_1_179' title='bbox 319 1819 538 1884; x_wconf 79' lang='lat' dir='ltr'><strong>phrases,</strong></span> <span class='ocrx_word' id='word_1_180' title='bbox 575 1819 742 1884; x_wconf 89' lang='lat' dir='ltr'><strong>quibus</strong></span> <span class='ocrx_word' id='word_1_181' title='bbox 766 1818 925 1865; x_wconf 86' lang='lat' dir='ltr'><strong>Patres</strong></span> <span class='ocrx_word' id='word_1_182' title='bbox 956 1828 1154 1865; x_wconf 85' lang='lat' dir='ltr'><strong>utuntur</strong></span> <span class='ocrx_word' id='word_1_183' title='bbox 1184 1818 1233 1864; x_wconf 89' lang='lat' dir='ltr'><strong>in</strong></span> <span class='ocrx_word' id='word_1_184' title='bbox 1254 1817 1343 1864; x_wconf 92' lang='lat' dir='ltr'><strong>illis</strong></span> <span class='ocrx_word' id='word_1_185' title='bbox 1374 1819 1484 1882; x_wconf 88' lang='lat' dir='ltr'><strong>ipsis</strong></span> <span class='ocrx_word' id='word_1_186' title='bbox 1506 1818 1799 1866; x_wconf 85' lang='lat' dir='ltr'><strong>testimonio-</strong></span> 
     </span>
     <span class='ocr_line' id='line_1_23' title="bbox 103 1892 1799 1961; baseline 0 -19"><span class='ocrx_word' id='word_1_187' title='bbox 103 1913 209 1942; x_wconf 87' lang='lat' dir='ltr'><strong>rum</strong></span> <span class='ocrx_word' id='word_1_188' title='bbox 234 1895 481 1955; x_wconf 58' lang='lat' dir='ltr'><strong>classibus7</strong></span> <span class='ocrx_word' id='word_1_189' title='bbox 511 1913 625 1961; x_wconf 88' lang='lat' dir='ltr'><strong>quas</strong></span> <span class='ocrx_word' id='word_1_190' title='bbox 667 1894 892 1960; x_wconf 79' lang='lat' dir='ltr'><strong>expendit</strong></span> <span class='ocrx_word' id='word_1_191' title='bbox 927 1894 1247 1952; x_wconf 63' lang='lat' dir='ltr'><strong>adversarius„</strong></span> <span class='ocrx_word' id='word_1_192' title='bbox 1279 1903 1330 1940; x_wconf 86' lang='lat' dir='ltr'><strong>ut</strong></span> <span class='ocrx_word' id='word_1_193' title='bbox 1361 1892 1433 1940; x_wconf 86' lang='lat' dir='ltr'><strong>his</strong></span> <span class='ocrx_word' id='word_1_194' title='bbox 1464 1911 1590 1941; x_wconf 87' lang='lat' dir='ltr'><strong>nunc</strong></span> <span class='ocrx_word' id='word_1_195' title='bbox 1617 1895 1799 1943; x_wconf 88' lang='lat' dir='ltr'><strong>insista-</strong></span> 
     </span>
     <span class='ocr_line' id='line_1_24' title="bbox 106 1970 1800 2031; baseline 0.001 -14"><span class='ocrx_word' id='word_1_196' title='bbox 106 1989 224 2018; x_wconf 76' lang='lat' dir='ltr'><strong>mus·</strong></span> <span class='ocrx_word' id='word_1_197' title='bbox 257 1973 441 2019; x_wconf 84' lang='lat' dir='ltr'><strong>Etenim</strong></span> <span class='ocrx_word' id='word_1_198' title='bbox 463 1973 512 2018; x_wconf 91' lang='lat' dir='ltr'><strong>in</strong></span> <span class='ocrx_word' id='word_1_199' title='bbox 553 1974 595 2018; x_wconf 69' lang='grc' dir='ltr'><strong>1ἱὶ</strong></span> <span class='ocrx_word' id='word_1_200' title='bbox 624 1971 766 2019; x_wconf 85' lang='lat' dir='ltr'><strong>classe</strong></span> <span class='ocrx_word' id='word_1_201' title='bbox 783 2009 794 2031; x_wconf 77' lang='grc'><em>,</em></span> <span class='ocrx_word' id='word_1_202' title='bbox 827 1972 889 2018; x_wconf 88' lang='lat' dir='ltr'><strong>ita</strong></span> <span class='ocrx_word' id='word_1_203' title='bbox 910 1973 1107 2018; x_wconf 84' lang='lat' dir='ltr'><strong>lrenaeus</strong></span> <span class='ocrx_word' id='word_1_204' title='bbox 1135 1971 1270 2017; x_wconf 85' lang='lat' dir='ltr'><strong>docet</strong></span> <span class='ocrx_word' id='word_1_205' title='bbox 1292 1970 1535 2017; x_wconf 82' lang='lat' dir='ltr'><strong>Ecclesiam</strong></span> <span class='ocrx_word' id='word_1_206' title='bbox 1555 1988 1800 2018; x_wconf 83' lang='lat' dir='ltr'><strong>romanam</strong></span> 
     </span>
     <span class='ocr_line' id='line_1_25' title="bbox 104 2046 1799 2112; baseline 0.001 -19"><span class='ocrx_word' id='word_1_207' title='bbox 104 2046 275 2095; x_wconf 85' lang='lat' dir='ltr'><strong>habere</strong></span> <span class='ocrx_word' id='word_1_208' title='bbox 286 2053 597 2110; x_wconf 77' lang='lat' dir='ltr'><strong>potentiorem</strong></span> <span class='ocrx_word' id='word_1_209' title='bbox 607 2049 1026 2112; x_wconf 76' lang='lat' dir='ltr'><strong>principalitatem</strong></span> <span class='ocrx_word' id='word_1_210' title='bbox 1044 2081 1061 2100; x_wconf 89' lang='lat'><em>‚</em></span> <span class='ocrx_word' id='word_1_211' title='bbox 1089 2056 1143 2093; x_wconf 85' lang='lat' dir='ltr'><strong>ut</strong></span> <span class='ocrx_word' id='word_1_212' title='bbox 1153 2064 1330 2093; x_wconf 75' lang='lat' dir='ltr'><strong>necesse</strong></span> <span class='ocrx_word' id='word_1_213' title='bbox 1344 2049 1406 2093; x_wconf 80' lang='lat' dir='ltr'><strong>sit</strong></span> <span class='ocrx_word' id='word_1_214' title='bbox 1418 2048 1598 2093; x_wconf 82' lang='lat' dir='ltr'><strong>adeam</strong></span> <span class='ocrx_word' id='word_1_215' title='bbox 1613 2063 1799 2094; x_wconf 81' lang='lat' dir='ltr'><strong>omnem</strong></span> 
     </span>
     <span class='ocr_line' id='line_1_26' title="bbox 105 2125 1795 2187; baseline 0.001 -17"><span class='ocrx_word' id='word_1_216' title='bbox 105 2127 353 2171; x_wconf 77' lang='lat' dir='ltr'><strong>convenire</strong></span> <span class='ocrx_word' id='word_1_217' title='bbox 392 2126 686 2179; x_wconf 77' lang='lat' dir='ltr'><strong>Ecclesiam,</strong></span> <span class='ocrx_word' id='word_1_218' title='bbox 713 2125 768 2169; x_wconf 78' lang='lat' dir='ltr'><strong>iol</strong></span> <span class='ocrx_word' id='word_1_219' title='bbox 794 2133 886 2182; x_wconf 65' lang='lat' dir='ltr'><strong>est,</strong></span> <span class='ocrx_word' id='word_1_220' title='bbox 922 2141 1104 2182; x_wconf 43' lang='lat' dir='ltr'><strong>omnem,</strong></span> <span class='ocrx_word' id='word_1_221' title='bbox 1127 2126 1344 2187; x_wconf 76' lang='lat' dir='ltr'><strong>quisunt</strong></span> <span class='ocrx_word' id='word_1_222' title='bbox 1373 2125 1588 2186; x_wconf 76' lang='lat' dir='ltr'><strong>undique</strong></span> <span class='ocrx_word' id='word_1_223' title='bbox 1621 2125 1795 2187; x_wconf 78' lang='lat' dir='ltr'><strong>fideles.</strong></span> 
     </span>
     <span class='ocr_line' id='line_1_27' title="bbox 107 2199 1801 2262; baseline 0.002 -18"><span class='ocrx_word' id='word_1_224' title='bbox 107 2200 336 2256; x_wconf 83' lang='lat' dir='ltr'><strong>Quorsum</strong></span> <span class='ocrx_word' id='word_1_225' title='bbox 373 2217 484 2248; x_wconf 83' lang='lat' dir='ltr'><strong>vero</strong></span> <span class='ocrx_word' id='word_1_226' title='bbox 529 2201 626 2247; x_wconf 86' lang='lat' dir='ltr'><strong>haec</strong></span> <span class='ocrx_word' id='word_1_227' title='bbox 656 2200 930 2258; x_wconf 74' lang='lat' dir='ltr'><strong>necessitas7</strong></span> <span class='ocrx_word' id='word_1_228' title='bbox 968 2200 1055 2246; x_wconf 92' lang='lat' dir='ltr'><strong>nisi</strong></span> <span class='ocrx_word' id='word_1_229' title='bbox 1094 2199 1154 2246; x_wconf 91' lang='lat' dir='ltr'><strong>ob</strong></span> <span class='ocrx_word' id='word_1_230' title='bbox 1184 2202 1434 2262; x_wconf 78' lang='lat' dir='ltr'><strong>primatus</strong></span> <span class='ocrx_word' id='word_1_231' title='bbox 1466 2204 1590 2261; x_wconf 74' lang='lat' dir='ltr'><strong>ejus,</strong></span> <span class='ocrx_word' id='word_1_232' title='bbox 1626 2217 1707 2247; x_wconf 89' lang='lat' dir='ltr'><strong>seu</strong></span> <span class='ocrx_word' id='word_1_233' title='bbox 1746 2208 1801 2247; x_wconf 85' lang='lat' dir='ltr'><strong>ut</strong></span> 
     </span>
     <span class='ocr_line' id='line_1_28' title="bbox 105 2274 1797 2342; baseline 0.002 -23"><span class='ocrx_word' id='word_1_234' title='bbox 105 2274 202 2338; x_wconf 89' lang='lat' dir='ltr'><strong>ipse</strong></span> <span class='ocrx_word' id='word_1_235' title='bbox 220 2274 446 2341; x_wconf 85' lang='lat' dir='ltr'><strong>loquitur,</strong></span> <span class='ocrx_word' id='word_1_236' title='bbox 467 2285 657 2342; x_wconf 83' lang='lat' dir='ltr'><strong>propter</strong></span> <span class='ocrx_word' id='word_1_237' title='bbox 665 2279 974 2339; x_wconf 76' lang='lat' dir='ltr'><strong>potentiorem</strong></span> <span class='ocrx_word' id='word_1_238' title='bbox 990 2276 1407 2339; x_wconf 76' lang='lat' dir='ltr'><strong>principalitatem</strong></span> <span class='ocrx_word' id='word_1_239' title='bbox 1435 2276 1508 2338; x_wconf 87' lang='lat' dir='ltr'><strong>(l)</strong></span> <span class='ocrx_word' id='word_1_240' title='bbox 1523 2274 1545 2322; x_wconf 72' lang='lat' dir='ltr'><strong>&#39;l</strong></span> <span class='ocrx_word' id='word_1_241' title='bbox 1562 2276 1634 2323; x_wconf 87' lang='lat' dir='ltr'><strong>Sic</strong></span> <span class='ocrx_word' id='word_1_242' title='bbox 1653 2276 1797 2323; x_wconf 85' lang='lat' dir='ltr'><strong>etiam</strong></span> 
     </span>
    </p>
   </div>
   <div class='ocr_carea' id='block_1_4' title="bbox 105 2448 923 3095">
    <p class='ocr_par' dir='ltr' id='par_1_6' title="bbox 105 2448 923 3095">
     <span class='ocr_line' id='line_1_29' title="bbox 160 2448 917 2502; baseline 0.003 -17"><span class='ocrx_word' id='word_1_243' title='bbox 160 2448 214 2499; x_wconf 91' lang='lat' dir='ltr'><strong>(l)</strong></span> <span class='ocrx_word' id='word_1_244' title='bbox 246 2448 324 2488; x_wconf 85' lang='lat' dir='ltr'><strong>Cfr.</strong></span> <span class='ocrx_word' id='word_1_245' title='bbox 345 2448 551 2490; x_wconf 79' lang='lat' dir='ltr'><strong>Massuetus</strong></span> <span class='ocrx_word' id='word_1_246' title='bbox 566 2479 578 2500; x_wconf 85' lang='lat'><em>‚</em></span> <span class='ocrx_word' id='word_1_247' title='bbox 613 2450 702 2490; x_wconf 86' lang='lat' dir='ltr'><strong>diss.</strong></span> <span class='ocrx_word' id='word_1_248' title='bbox 725 2462 776 2489; x_wconf 68' lang='lat'><strong>111</strong></span> <span class='ocrx_word' id='word_1_249' title='bbox 797 2479 807 2497; x_wconf 91' lang='lat'><strong>‚</strong></span> <span class='ocrx_word' id='word_1_250' title='bbox 827 2464 917 2502; x_wconf 82' lang='lat' dir='ltr'><strong>prae-</strong></span> 
     </span>
     <span class='ocr_line' id='line_1_30' title="bbox 110 2514 920 2565; baseline 0.002 -14"><span class='ocrx_word' id='word_1_251' title='bbox 110 2515 167 2551; x_wconf 87' lang='lat' dir='ltr'><strong>via</strong></span> <span class='ocrx_word' id='word_1_252' title='bbox 183 2514 230 2551; x_wconf 86' lang='lat' dir='ltr'><strong>ad</strong></span> <span class='ocrx_word' id='word_1_253' title='bbox 256 2528 317 2564; x_wconf 90' lang='lat' dir='ltr'><strong>op.</strong></span> <span class='ocrx_word' id='word_1_254' title='bbox 343 2514 469 2553; x_wconf 81' lang='lat' dir='ltr'><strong>Irenaei</strong></span> <span class='ocrx_word' id='word_1_255' title='bbox 484 2546 496 2564; x_wconf 79' lang='lat'><em>‚</em></span> <span class='ocrx_word' id='word_1_256' title='bbox 515 2525 582 2554; x_wconf 82' lang='lat' dir='ltr'><strong>art.</strong></span> <span class='ocrx_word' id='word_1_257' title='bbox 608 2514 635 2565; x_wconf 73' lang='grc'><strong>4</strong></span> <span class='ocrx_word' id='word_1_258' title='bbox 651 2545 662 2563; x_wconf 80' lang='lat'>‚</span> <span class='ocrx_word' id='word_1_259' title='bbox 685 2530 724 2554; x_wconf 88' lang='lat' dir='ltr'><strong>n.</strong></span> <span class='ocrx_word' id='word_1_260' title='bbox 751 2515 800 2554; x_wconf 81' lang='lat'><strong>32</strong></span> <span class='ocrx_word' id='word_1_261' title='bbox 818 2546 830 2563; x_wconf 83' lang='lat'>‚</span> <span class='ocrx_word' id='word_1_262' title='bbox 854 2516 920 2553; x_wconf 87' lang='lat' dir='ltr'><strong>ubi</strong></span> 
     </span>
     <span class='ocr_line' id='line_1_31' title="bbox 105 2579 923 2620; baseline 0.006 -5"><span class='ocrx_word' id='word_1_263' title='bbox 105 2579 147 2615; x_wconf 91' lang='lat' dir='ltr'><strong>in</strong></span> <span class='ocrx_word' id='word_1_264' title='bbox 168 2579 269 2617; x_wconf 88' lang='lat' dir='ltr'><strong>hunc</strong></span> <span class='ocrx_word' id='word_1_265' title='bbox 286 2587 424 2617; x_wconf 82' lang='lat' dir='ltr'><strong>textum</strong></span> <span class='ocrx_word' id='word_1_266' title='bbox 447 2580 637 2618; x_wconf 83' lang='lat' dir='ltr'><strong>observat:</strong></span> <span class='ocrx_word' id='word_1_267' title='bbox 661 2588 695 2617; x_wconf 76' lang='grc' dir='ltr'><strong>ιυ</strong></span> <span class='ocrx_word' id='word_1_268' title='bbox 717 2581 923 2620; x_wconf 85' lang='lat' dir='ltr'><strong>Romanam</strong></span> 
     </span>
     <span class='ocr_line' id='line_1_32' title="bbox 114 2643 923 2696; baseline 0.005 -15"><span class='ocrx_word' id='word_1_269' title='bbox 114 2643 316 2682; x_wconf 87' lang='lat' dir='ltr'><strong>Ecclesiam</strong></span> <span class='ocrx_word' id='word_1_270' title='bbox 338 2646 413 2696; x_wconf 88' lang='lat' dir='ltr'><strong>jam</strong></span> <span class='ocrx_word' id='word_1_271' title='bbox 437 2644 567 2683; x_wconf 84' lang='lat' dir='ltr'><strong>Irenaei</strong></span> <span class='ocrx_word' id='word_1_272' title='bbox 607 2646 727 2684; x_wconf 88' lang='lat' dir='ltr'><strong>seculo</strong></span> <span class='ocrx_word' id='word_1_273' title='bbox 753 2649 923 2685; x_wconf 88' lang='lat' dir='ltr'><strong>omnium</strong></span> 
     </span>
     <span class='ocr_line' id='line_1_33' title="bbox 113 2711 914 2763; baseline 0.005 -17"><span class='ocrx_word' id='word_1_274' title='bbox 113 2711 325 2749; x_wconf 75' lang='lat' dir='ltr'><strong>maximam</strong></span> <span class='ocrx_word' id='word_1_275' title='bbox 342 2711 583 2750; x_wconf 73' lang='lat' dir='ltr'><strong>existimatam</strong></span> <span class='ocrx_word' id='word_1_276' title='bbox 599 2725 676 2750; x_wconf 85' lang='lat' dir='ltr'><strong>esse</strong></span> <span class='ocrx_word' id='word_1_277' title='bbox 688 2742 698 2760; x_wconf 82' lang='lat'><em>‚</em></span> <span class='ocrx_word' id='word_1_278' title='bbox 723 2712 830 2763; x_wconf 86' lang='lat' dir='ltr'><strong>longe</strong></span> <span class='ocrx_word' id='word_1_279' title='bbox 843 2714 914 2750; x_wconf 88' lang='lat' dir='ltr'><strong>mi-</strong></span> 
     </span>
     <span class='ocr_line' id='line_1_34' title="bbox 114 2775 916 2829; baseline 0.002 -16"><span class='ocrx_word' id='word_1_280' title='bbox 114 2789 184 2814; x_wconf 87' lang='lat' dir='ltr'><strong>nus</strong></span> <span class='ocrx_word' id='word_1_281' title='bbox 196 2775 363 2814; x_wconf 80' lang='lat' dir='ltr'><strong>fidelium</strong></span> <span class='ocrx_word' id='word_1_282' title='bbox 377 2791 531 2815; x_wconf 90' lang='lat' dir='ltr'><strong>numero</strong></span> <span class='ocrx_word' id='word_1_283' title='bbox 544 2806 556 2825; x_wconf 94' lang='lat'>,</span> <span class='ocrx_word' id='word_1_284' title='bbox 573 2776 617 2815; x_wconf 87' lang='lat' dir='ltr'><strong>de</strong></span> <span class='ocrx_word' id='word_1_285' title='bbox 630 2790 703 2829; x_wconf 90' lang='lat' dir='ltr'><strong>quo</strong></span> <span class='ocrx_word' id='word_1_286' title='bbox 724 2785 814 2815; x_wconf 85' lang='lat' dir='ltr'><strong>tunc</strong></span> <span class='ocrx_word' id='word_1_287' title='bbox 825 2786 916 2816; x_wconf 86' lang='lat' dir='ltr'><strong>tem-</strong></span> 
     </span>
     <span class='ocr_line' id='line_1_35' title="bbox 116 2843 917 2893; baseline 0.005 -16"><span class='ocrx_word' id='word_1_288' title='bbox 116 2843 210 2890; x_wconf 86' lang='lat' dir='ltr'><strong>poris</strong></span> <span class='ocrx_word' id='word_1_289' title='bbox 224 2855 308 2879; x_wconf 87' lang='lat' dir='ltr'><strong>cum</strong></span> <span class='ocrx_word' id='word_1_290' title='bbox 323 2856 364 2880; x_wconf 87' lang='lat' dir='ltr'><strong>ea</strong></span> <span class='ocrx_word' id='word_1_291' title='bbox 386 2843 605 2882; x_wconf 84' lang='lat' dir='ltr'><strong>contendere</strong></span> <span class='ocrx_word' id='word_1_292' title='bbox 625 2845 824 2893; x_wconf 86' lang='lat' dir='ltr'><strong>potuissent</strong></span> <span class='ocrx_word' id='word_1_293' title='bbox 839 2844 917 2882; x_wconf 85' lang='lat' dir='ltr'><strong>aliae</strong></span> 
     </span>
     <span class='ocr_line' id='line_1_36' title="bbox 113 2904 916 2961; baseline 0.006 -19"><span class='ocrx_word' id='word_1_294' title='bbox 113 2904 285 2956; x_wconf 80' lang='lat' dir='ltr'><strong>quaedam</strong></span> <span class='ocrx_word' id='word_1_295' title='bbox 316 2907 512 2955; x_wconf 67' lang='lat' dir='ltr'><strong>Ecclesiae,</strong></span> <span class='ocrx_word' id='word_1_296' title='bbox 550 2923 663 2961; x_wconf 85' lang='lat' dir='ltr'><strong>quam</strong></span> <span class='ocrx_word' id='word_1_297' title='bbox 692 2912 916 2949; x_wconf 75' lang='lat' dir='ltr'><strong>auctoritatis</strong></span> 
     </span>
     <span class='ocr_line' id='line_1_37' title="bbox 111 2971 915 3028; baseline 0.01 -22"><span class='ocrx_word' id='word_1_298' title='bbox 111 2971 381 3024; x_wconf 81' lang='lat' dir='ltr'><strong>amplitudine3</strong></span> <span class='ocrx_word' id='word_1_299' title='bbox 407 2978 447 3011; x_wconf 84' lang='lat'><strong>2⁰</strong></span> <span class='ocrx_word' id='word_1_300' title='bbox 476 2973 664 3012; x_wconf 81' lang='lat' dir='ltr'><strong>Omnium</strong></span> <span class='ocrx_word' id='word_1_301' title='bbox 690 2976 915 3028; x_wconf 67' lang='lat' dir='ltr'><strong>antiquissi-</strong></span> 
     </span>
     <span class='ocr_line' id='line_1_38' title="bbox 110 3035 915 3095; baseline 0.012 -24"><span class='ocrx_word' id='word_1_302' title='bbox 110 3048 226 3074; x_wconf 84' lang='lat' dir='ltr'><strong>mam.</strong></span> <span class='ocrx_word' id='word_1_303' title='bbox 247 3035 371 3088; x_wconf 73' lang='lat' dir='ltr'><strong>Quod⁷</strong></span> <span class='ocrx_word' id='word_1_304' title='bbox 394 3041 422 3077; x_wconf 91' lang='lat' dir='ltr'><strong>si</strong></span> <span class='ocrx_word' id='word_1_305' title='bbox 447 3041 491 3078; x_wconf 85' lang='lat' dir='ltr'><strong>ad</strong></span> <span class='ocrx_word' id='word_1_306' title='bbox 517 3040 742 3079; x_wconf 72' lang='lat' dir='ltr'><strong>fundationis</strong></span> <span class='ocrx_word' id='word_1_307' title='bbox 770 3049 915 3095; x_wconf 84' lang='lat' dir='ltr'><strong>tempus</strong></span> 
     </span>
    </p>
   </div>
   <div class='ocr_carea' id='block_1_5' title="bbox 982 2459 1799 3103">
    <p class='ocr_par' dir='ltr' id='par_1_7' title="bbox 982 2459 1799 3103">
     <span class='ocr_line' id='line_1_39' title="bbox 983 2459 1796 2513; baseline 0.006 -15"><span class='ocrx_word' id='word_1_308' title='bbox 983 2460 1158 2499; x_wconf 76' lang='lat' dir='ltr'><strong>reseratur</strong></span> <span class='ocrx_word' id='word_1_309' title='bbox 1185 2489 1195 2507; x_wconf 87' lang='lat'><em>‚</em></span> <span class='ocrx_word' id='word_1_310' title='bbox 1230 2459 1467 2499; x_wconf 80' lang='lat' dir='ltr'><strong>falsissimum</strong></span> <span class='ocrx_word' id='word_1_311' title='bbox 1512 2464 1611 2513; x_wconf 83' lang='lat' dir='ltr'><strong>erit3</strong></span> <span class='ocrx_word' id='word_1_312' title='bbox 1652 2463 1796 2503; x_wconf 90' lang='lat' dir='ltr'><strong>dudum</strong></span> 
     </span>
     <span class='ocr_line' id='line_1_40' title="bbox 984 2524 1799 2579; baseline 0.006 -16"><span class='ocrx_word' id='word_1_313' title='bbox 984 2528 1085 2564; x_wconf 84' lang='lat' dir='ltr'><strong>enim</strong></span> <span class='ocrx_word' id='word_1_314' title='bbox 1109 2535 1215 2564; x_wconf 83' lang='lat' dir='ltr'><strong>antea</strong></span> <span class='ocrx_word' id='word_1_315' title='bbox 1241 2524 1612 2579; x_wconf 75' lang='lat' dir='ltr'><strong>Hierosolymitanam</strong></span> <span class='ocrx_word' id='word_1_316' title='bbox 1628 2560 1641 2577; x_wconf 95' lang='lat'>,</span> <span class='ocrx_word' id='word_1_317' title='bbox 1668 2529 1799 2568; x_wconf 77' lang='lat' dir='ltr'><strong>Antio·-</strong></span> 
     </span>
     <span class='ocr_line' id='line_1_41' title="bbox 987 2591 1795 2646; baseline 0.006 -18"><span class='ocrx_word' id='word_1_318' title='bbox 987 2592 1143 2630; x_wconf 84' lang='lat' dir='ltr'><strong>chenam</strong></span> <span class='ocrx_word' id='word_1_319' title='bbox 1173 2599 1209 2629; x_wconf 86' lang='lat' dir='ltr'><strong>et</strong></span> <span class='ocrx_word' id='word_1_320' title='bbox 1231 2591 1320 2629; x_wconf 86' lang='lat' dir='ltr'><strong>alias</strong></span> <span class='ocrx_word' id='word_1_321' title='bbox 1347 2592 1590 2632; x_wconf 82' lang='lat' dir='ltr'><strong>fundaverant</strong></span> <span class='ocrx_word' id='word_1_322' title='bbox 1616 2595 1795 2646; x_wconf 83' lang='lat' dir='ltr'><strong>Apostoli.</strong></span> 
     </span>
     <span class='ocr_line' id='line_1_42' title="bbox 989 2656 1797 2708; baseline 0.006 -14"><span class='ocrx_word' id='word_1_323' title='bbox 989 2656 1046 2694; x_wconf 83' lang='lat' dir='ltr'><strong>Ad</strong></span> <span class='ocrx_word' id='word_1_324' title='bbox 1079 2657 1293 2708; x_wconf 79' lang='lat' dir='ltr'><strong>dignitatem</strong></span> <span class='ocrx_word' id='word_1_325' title='bbox 1330 2659 1441 2708; x_wconf 85' lang='lat' dir='ltr'><strong>igitur</strong></span> <span class='ocrx_word' id='word_1_326' title='bbox 1473 2662 1675 2698; x_wconf 86' lang='lat' dir='ltr'><strong>necessario</strong></span> <span class='ocrx_word' id='word_1_327' title='bbox 1699 2660 1797 2700; x_wconf 87' lang='lat' dir='ltr'><strong>refe-</strong></span> 
     </span>
     <span class='ocr_line' id='line_1_43' title="bbox 990 2722 1797 2778; baseline 0.006 -19"><span class='ocrx_word' id='word_1_328' title='bbox 990 2722 1147 2760; x_wconf 87' lang='lat' dir='ltr'><strong>rendum</strong></span> <span class='ocrx_word' id='word_1_329' title='bbox 1172 2731 1227 2761; x_wconf 79' lang='lat' dir='ltr'><strong>est</strong></span> <span class='ocrx_word' id='word_1_330' title='bbox 1244 2752 1254 2769; x_wconf 86' lang='lat'>‚</span> <span class='ocrx_word' id='word_1_331' title='bbox 1268 2731 1310 2760; x_wconf 85' lang='lat' dir='ltr'><strong>ut</strong></span> <span class='ocrx_word' id='word_1_332' title='bbox 1323 2724 1405 2761; x_wconf 89' lang='lat' dir='ltr'><strong>ideo</strong></span> <span class='ocrx_word' id='word_1_333' title='bbox 1421 2727 1590 2762; x_wconf 85' lang='lat' dir='ltr'><strong>omnium</strong></span> <span class='ocrx_word' id='word_1_334' title='bbox 1612 2725 1797 2778; x_wconf 85' lang='lat' dir='ltr'><strong>antiquis·-</strong></span> 
     </span>
     <span class='ocr_line' id='line_1_44' title="bbox 983 2786 1796 2843; baseline 0.005 -20"><span class='ocrx_word' id='word_1_335' title='bbox 983 2788 1076 2825; x_wconf 78' lang='lat' dir='ltr'><strong>sima</strong></span> <span class='ocrx_word' id='word_1_336' title='bbox 1108 2801 1257 2826; x_wconf 86' lang='lat' dir='ltr'><strong>romana</strong></span> <span class='ocrx_word' id='word_1_337' title='bbox 1309 2786 1453 2827; x_wconf 84' lang='lat' dir='ltr'><strong>dicatur</strong></span> <span class='ocrx_word' id='word_1_338' title='bbox 1486 2789 1672 2838; x_wconf 80' lang='lat' dir='ltr'><strong>Ecclesia,</strong></span> <span class='ocrx_word' id='word_1_339' title='bbox 1712 2802 1796 2843; x_wconf 82' lang='lat' dir='ltr'><strong>quae</strong></span> 
     </span>
     <span class='ocr_line' id='line_1_45' title="bbox 984 2854 1792 2907; baseline 0.005 -18"><span class='ocrx_word' id='word_1_340' title='bbox 984 2854 1149 2890; x_wconf 85' lang='lat' dir='ltr'><strong>omnium</strong></span> <span class='ocrx_word' id='word_1_341' title='bbox 1175 2854 1345 2904; x_wconf 83' lang='lat' dir='ltr'><strong>princeps</strong></span> <span class='ocrx_word' id='word_1_342' title='bbox 1369 2862 1421 2892; x_wconf 84' lang='lat' dir='ltr'><strong>est</strong></span> <span class='ocrx_word' id='word_1_343' title='bbox 1446 2863 1481 2892; x_wconf 82' lang='lat' dir='ltr'><strong>et</strong></span> <span class='ocrx_word' id='word_1_344' title='bbox 1509 2858 1702 2907; x_wconf 82' lang='lat' dir='ltr'><strong>praecipua.</strong></span> <span class='ocrx_word' id='word_1_345' title='bbox 1747 2854 1792 2892; x_wconf 80' lang='lat'><strong>3⁰</strong></span> 
     </span>
     <span class='ocr_line' id='line_1_46' title="bbox 987 2915 1794 2970; baseline 0.005 -16"><span class='ocrx_word' id='word_1_346' title='bbox 987 2915 1180 2956; x_wconf 77' lang='lat' dir='ltr'><strong>Omnibus</strong></span> <span class='ocrx_word' id='word_1_347' title='bbox 1218 2920 1409 2969; x_wconf 65' lang='lat' dir='ltr'><strong>cognitam</strong></span> <span class='ocrx_word' id='word_1_348' title='bbox 1446 2922 1571 2958; x_wconf 79' lang='lat' dir='ltr'><strong>asserit</strong></span> <span class='ocrx_word' id='word_1_349' title='bbox 1612 2920 1794 2970; x_wconf 85' lang='lat' dir='ltr'><strong>Irenaeus‚</strong></span> 
     </span>
     <span class='ocr_line' id='line_1_47' title="bbox 982 2986 1796 3036; baseline 0.005 -16"><span class='ocrx_word' id='word_1_350' title='bbox 982 2989 1107 3034; x_wconf 78' lang='lat' dir='ltr'><strong>utpote</strong></span> <span class='ocrx_word' id='word_1_351' title='bbox 1143 2997 1253 3036; x_wconf 87' lang='lat' dir='ltr'><strong>quam</strong></span> <span class='ocrx_word' id='word_1_352' title='bbox 1292 2986 1420 3022; x_wconf 83' lang='lat' dir='ltr'><strong>ceteris</strong></span> <span class='ocrx_word' id='word_1_353' title='bbox 1456 2986 1708 3024; x_wconf 86' lang='lat' dir='ltr'><strong>sublimiorem</strong></span> <span class='ocrx_word' id='word_1_354' title='bbox 1753 2999 1796 3025; x_wconf 87' lang='lat' dir='ltr'><strong>ac</strong></span> 
     </span>
     <span class='ocr_line' id='line_1_48' title="bbox 982 3048 1798 3103; baseline 0.005 -17"><span class='ocrx_word' id='word_1_355' title='bbox 982 3048 1272 3088; x_wconf 78' lang='lat' dir='ltr'><strong>excellentiorem</strong></span> <span class='ocrx_word' id='word_1_356' title='bbox 1304 3049 1389 3088; x_wconf 72' lang='lat' dir='ltr'><strong>aliae</strong></span> <span class='ocrx_word' id='word_1_357' title='bbox 1401 3064 1528 3090; x_wconf 83' lang='lat' dir='ltr'><strong>omnes</strong></span> <span class='ocrx_word' id='word_1_358' title='bbox 1558 3055 1602 3089; x_wconf 87' lang='lat' dir='ltr'><strong>ut</strong></span> <span class='ocrx_word' id='word_1_359' title='bbox 1631 3058 1798 3103; x_wconf 79' lang='lat' dir='ltr'><strong>caputet</strong></span> 
     </span>
    </p>
   </div>
  </div>
 </body>
</html>
