2028 3354
385 235 508 279 mar.
547 237 578 266 1.
614 234 735 266 saer.
774 235 825 265 11.
865 234 962 265 cn.
999 236 1032 265 1.
1071 235 1127 265 na
1162 235 1290 264 parm
1326 233 1548 265 PRtMA'rU.
1734 215 1829 264 303

122 354 396 401 universum
415 367 580 416 corpus
602 358 799 414 regeret,
821 350 1102 416 principem,
1118 350 1196 415 qui
1219 349 1488 397 societatem
1506 346 1832 396 moderaretur

122 448 285 489 suam,
319 446 370 476 ac
393 429 461 476 sui
492 428 636 494 ipsius
669 429 719 474 in
750 429 921 475 coelum
951 428 1168 474 abeuntis
1208 443 1457 492 personam
1496 427 1547 473 in
1583 425 1655 472 his
1693 426 1830 473 terris

120 516 326 572 gererem,
359 522 501 571 quem
533 521 590 553 ex
618 505 867 569 Scripturis
897 522 992 551 non
1025 504 1171 550 alium
1193 503 1285 549 nisi
1312 505 1503 550 Petrum
1530 519 1629 550 esse
1661 501 1833 568 depre-

120 583 386 631 hendimus.

192 660 303 708 453.
340 660 445 708 Sive
471 660 612 723 igitur
634 657 776 707 verba
805 665 1095 723 spectemus,
1123 655 1291 720 quibus
1320 654 1531 702 Christus
1562 657 1699 702 Petro
1722 673 1836 721 pro-

127 738 367 785 missiones
404 736 712 801 amplissimas
739 734 847 782 fecit
879 734 928 779 in
964 733 1209 798 praemium
1247 731 1547 778 confessionis
1575 730 1835 779 divinitatis

124 831 246 874 suae,
268 815 394 880 apud
409 814 709 869 Mattliaeum3
736 811 831 859 sive
860 808 1022 867 verba7
1046 807 1215 874 quibus
1239 808 1287 854 in
1315 807 1564 873 praemium
1591 808 1836 872 peculiaris

124 891 314 951 amoriS,
334 908 477 956 quem
498 893 661 937 Petrus
677 895 783 952 post
803 887 1194 934 resurrectionem
1217 885 1371 932 eidem
1393 885 1579 932 Christo
1600 885 1840 949 professus

122 977 221 1028 est,
253 968 414 1028 solvit,
438 965 564 1032 quod
592 964 837 1030 promisit„
861 963 989 1028 apud
1019 965 1284 1023 Joannem3
1319 963 1417 1010 sive
1447 962 1622 1009 Christi
1651 970 1838 1025 specte-

123 1063 227 1092 mus
270 1044 563 1109 propositum
590 1042 640 1088 in
672 1040 917 1088 condenda
945 1040 1144 1088 Ecclesia
1183 1057 1295 1096 sua,
1335 1048 1477 1105 atque
1511 1039 1722 1102 ejusdem
1753 1040 1838 1086 Ec·-

123 1122 272 1170 clesiae'
301 1119 686 1166 constitutionem
708 1134 759 1164 ac
792 1126 1040 1176 naturam3
1067 1117 1165 1164 sive
1194 1117 1416 1177 demum,
1440 1132 1543 1181 quae
1582 1116 1642 1164 de
1671 1115 1840 1163 eodem

125 1200 263 1245 Petro
276 1196 411 1243 nobis
425 1195 674 1260 Scriptura:
689 1195 918 1255 referunt,
943 1203 1145 1254 constat,
1161 1193 1288 1259 quod
1300 1194 1649 1258 proposuimus,
1663 1209 1839 1257 nempe

67 1276 69 1279 ’
126 1274 365 1321 Christum
417 1271 669 1319 contulisse
729 1274 868 1318 Petro
925 1272 1183 1336 primatum
1225 1269 1419 1317 honoris
1458 1279 1506 1317 et
1550 1269 1842 1333 jurisdictio-

124 1350 196 1397 nis
237 1350 288 1396 in
323 1349 595 1397 universam
625 1347 903 1408 Ecclesiam,
943 1365 1147 1414 eumque
1169 1356 1421 1414 propterea
1448 1346 1516 1395 illi
1549 1355 1690 1411 caput
1723 1363 1842 1412 prae-

125 1426 300 1475 fecisse.

798 1546 1178 1580 DIFFICULTATES

194 1670 306 1717 454.
341 1669 453 1732 obj.
502 1669 670 1735 prima.
725 1670 776 1715 10
814 1669 997 1716 Prolata
1044 1686 1101 1717 ex
1138 1670 1389 1735 Scripturis
1436 1671 1704 1719 testimonia
1744 1691 1841 1721 non

127 1747 354 1794 evincunt
406 1746 496 1793 nisi
546 1744 801 1810 quamdam
846 1746 1142 1811 personalem
1186 1748 1234 1793 B.
1276 1747 1400 1794 Petri
1434 1749 1842 1813 praeeminentiam

128 1823 245 1870 meri
277 1822 481 1884 ordinis,
523 1840 622 1870 non
651 1831 810 1870 autem
850 1840 1018 1871 verum
1056 1841 1108 1871 ac
1139 1825 1328 1889 proprie
1367 1824 1547 1872 dictum
1583 1813 1843 1892 primatum

126 1899 373 1966 potestatis
423 1917 476 1947 ac
519 1898 855 1961 jurisdictionis
906 1917 1048 1966 super
1097 1900 1340 1966 Apostolos
1377 1902 1610 1968 reliquos.'
1637 1904 1692 1951 2⁰
1732 1906 1842 1963 Quae

130 1976 322 2042 quidem
350 1975 608 2042 personalis
639 1977 995 2041 praeeminentia
1022 1977 1161 2025 Petro
1189 1976 1355 2042 obtigit
1381 1988 1463 2026 aut
1481 1979 1541 2027 ob
1568 1983 1665 2043 ejus
1689 1980 1842 2028 zelum

130 2064 178 2102 et
207 2052 508 2108 dilectionem
541 2071 648 2118 erga
688 2054 926 2102 Christum
946 2091 958 2114 7
994 2054 1054 2101 ob
1085 2054 1348 2103 exantlatos
1373 2074 1459 2121 pro
1491 2056 1677 2104 Christo
1709 2056 1843 2106 labo-

131 2149 204 2179 res
223 2169 235 2191 .,
269 2132 338 2179 uti
367 2133 696 2180 existimarunt
718 2134 762 2179 S.
787 2133 1078 2196 ‘Augustinus
1113 2141 1160 2181 et
1190 2134 1236 2180 S.
1268 2133 1465 2198 Cyrillus
1490 2135 1590 2199 (l);
1621 2144 1703 2182 aut
1734 2136 1843 2200 quia

135 2208 297 2255 ceteris
321 2219 421 2256 erat
447 2205 677 2274 Apostolis
708 2218 824 2256 natu
852 2212 1026 2272 major,
1058 2218 1110 2256 ut
1133 2209 1309 2275 placuit
1341 2211 1657 2275 Hieronymo,
1692 2212 1843 2277 Chry-

137 2292 338 2331 sostomo
362 2295 407 2332 et
438 2287 656 2333 Cassiano
690 2286 793 2350 (2);
836 2296 917 2333 aut
948 2286 1053 2351 quia
1075 2290 1274 2349 primm
1304 2288 1428 2335 inter
1452 2298 1629 2335 ceteros
1655 2298 1843 2336 vocatus

137 2359 227 2405 fuit
247 2361 409 2409 Petrus
431 2362 490 2410 acl
516 2362 856 2429 apostolatum,
887 2364 955 2410 uti
975 2363 1185 2410 sentiunt
1209 2363 1523 2429 Epiphanius,
1552 2365 1842 2432 Cyprianus,

140 2435 343 2483 Hilarius
362 2474 375 2498 ,
400 2439 593 2487 Basilius
612 2477 625 2500 ,
656 2441 902 2504 Gregorius
929 2441 992 2486 M.
1019 2448 1065 2487 et
1090 2441 1448 2507 Chrysostomus
1470 2443 1573 2506 (3)3
1604 2452 1685 2490 aut
1705 2443 1846 2491 deni-

139 2531 230 2578 que
263 2513 322 2560 ob
356 2518 452 2576 ejus
485 2516 719 2580 publicam
760 2517 1099 2564 confessionem
1130 2518 1331 2579 Christi,
1365 2520 1434 2566 uti
1463 2520 1551 2566 rati
1582 2529 1695 2567 sunt
1727 2522 1848 2570 Gre*

137 2591 292 2654 gorius
329 2591 391 2637 M.
415 2626 427 2648 ‚
466 2592 657 2639 Basilius
680 2629 692 2652 a
741 2594 1028 2660 Epiphanius
1057 2630 1069 2653 7
1110 2596 1310 2659 Optatus
1352 2605 1399 2644 et
1441 2595 1711 2645 Ambrosius
1752 2598 1842 2662 (4).

141 2665 195 2712 30
207 2667 327 2713 Sane
346 2667 582 2733 Scriptura
597 2668 836 2733 Apostolos
856 2686 1020 2716 omnes
1044 2659 1233 2720 exhibet
1247 2690 1382 2738 pares
1395 2683 1441 2720 et
1453 2691 1671 2739 suprema
1693 2683 1847 2739 potes-

142 2750 238 2790 tate
268 2744 514 2808 praeditos‚
538 2743 651 2791 dum
675 2746 787 2810 ipsis
809 2745 1020 2793 Christus
1038 2747 1136 2795 sive
1164 2748 1405 2799 collective
1429 2750 1527 2800 sive
1549 2751 1848 2801 distributive

203 2919 255 2969 (l)
285 2918 394 2971 Apud
420 2892 480 2959 Du
493 2920 562 2959 Pin
577 2951 587 2968 ‚
616 2920 674 2959 De
690 2922 816 2974 antiq.
830 2921 963 2962 eccles.
1034 2933 1062 2961 ιι
1078 2952 1088 2970 ,
1103 2936 1186 2976 pag.
1209 2937 1249 2964 2.

146 2983 382 3036 disciplina,
408 2986 495 3025 edit.
538 2984 640 3027 1686
656 3017 666 3035 ‚
692 3002 772 3040 pag.
801 2988 896 3028 312.
1088 2989 1141 3041 (3)
1173 2990 1235 3030 Du
1260 2991 1330 3030 Pin
1347 3021 1358 3038 ,
1382 2990 1601 3046 Tournely,
1632 2992 1726 3031 ibid.

205 3050 256 3101 (ἢ)
286 3050 385 3090 Ibid.
406 3050 614 3106 Tournely,
630 3052 694 3092 De
707 3052 857 3093 Ecclee.
872 3059 963 3094 tom.
1088 3055 1145 3108 (h)
1174 3056 1385 3111 Tournely‚
1412 3057 1509 3100 ibid.
1536 3072 1621 3111 pag.
1652 3070 1712 3097 12.
