2028 3354
118 197 215 245 524

608 213 761 246 rRAc'r.
798 215 853 245 DE
887 215 1006 247 LOCIS
1039 215 1338 253 'minume-mrs-

183 328 296 378 774.
336 328 405 377 Ad
430 328 513 386 5¹¹¹,
536 328 664 375 Dist.
698 328 745 399 Si
773 336 995 393 praeterea
1023 331 1268 378 auctoritas
1294 333 1372 381 illa
1388 338 1466 397 jus
1491 321 1588 382 non
1618 333 1813 383 haberet

117 405 312 469 cogendi
336 404 396 451 ad
425 404 697 451 interiorem
727 422 968 452 assensum
1000 415 1048 454 et
1078 406 1391 459 obedientiam
1421 411 1691 475 dogmaticis
1716 411 1811 459 suis

117 479 496 540 definitionibus7
526 489 681 527 trans.
718 480 795 529 vel
827 498 984 535 conc.,·
1019 483 1056 529 si
1088 486 1165 544 jus
1195 483 1322 532 istud
1360 484 1582 535 divinitus
1611 486 1811 547 habeat,

116 576 220 622 ⁷269-
266 560 408 605 Porro
445 558 719 607 adversariis
761 559 872 624 ipsis
914 559 1167 607 fatentibus
1189 598 1201 621 7
1247 570 1295 609 et
1338 567 1568 611 constanti
1605 564 1814 613 Ecclesiae

115 634 250 700 praxi
272 634 581 698 suffragante,
608 634 768 683 fideles
798 653 961 683 omnes
991 644 1213 684 tenentur
1246 655 1303 685 ex
1326 638 1498 686 Christi
1523 641 1815 688 institutione

116 709 307 758 obedire
344 710 553 759 Ecclesiae
588 711 751 775 capiti,
790 711 847 759 de
882 711 974 758 fide
1010 712 1185 777 aliquid
1216 714 1488 763 solemniter
1516 715 1812 776 decernenti3

116 803 224 834 cum
247 805 357 837 vero
390 804 446 835 ex
482 787 615 835 dictis
647 787 876 849 eJusmodi
919 787 1209 850 obedientia,
1253 800 1304 837 ut
1346 808 1457 839 vera
1496 793 1558 839 sit
1592 829 1605 853 .,
1646 792 1815 840 debeat

116 880 217 912 esse
247 881 303 911 ex
352 863 517 923 corde7
551 864 748 910 interior
778 864 950 912 scilicet
990 873 1037 911 et
1065 865 1241 912 sincera
1262 903 1274 925 7
1310 877 1467 931 patet,
1507 869 1720 934 quamvis
1757 868 1816 917 dc

115 939 208 987 fide
231 949 390 1005 aperte
418 958 515 987 non
538 939 600 986 sit
617 957 736 986 rom.
762 939 1033 987 Pontificem
1060 940 1390 990 infallibilitate
1419 944 1596 1008 pollere
1612 981 1626 1003 ,
1652 962 1815 992 omnes

116 1024 278 1064 tamen
315 1017 413 1079 cogi
446 1014 506 1062 ad
542 1031 782 1062 assensum
815 1015 1089 1062 interiorem
1118 1015 1387 1078 dogmaticis
1422 1021 1670 1082 pontificiis
1699 1020 1817 1068 defi-

115 1091 375 1140 nitionibus
401 1090 739 1157 praebendum3
770 1108 825 1138 eo
850 1091 926 1141 vel
948 1091 1093 1154 magis
1121 1090 1247 1157 quod
1273 1092 1575 1142 infallibilitas
1603 1098 1690 1144 ista
1722 1114 1818 1144 mo-

113 1168 202 1216 rali
237 1167 518 1215 certitudine
553 1177 737 1215 constet
757 1203 770 1227 ‚
798 1176 845 1215 et
870 1186 926 1216 ex
956 1167 1043 1215 hac
1070 1169 1170 1232 ipsa
1207 1168 1439 1215 interioris
1464 1169 1670 1236 obsequii
1698 1173 1821 1220 obli-

118 1247 330 1308 gatione,
362 1262 453 1309 qua
483 1243 644 1292 fideles
676 1261 840 1292 omnes
851 1248 986 1306 juxta
1006 1246 1128 1310 ipsos
1147 1244 1437 1292 adversarios
1467 1244 1825 1311 adstringuntur·

114 1321 177 1368 ad
204 1322 486 1386 dogmaticas
513 1321 774 1386 pontificias
800 1322 1155 1368 constitutiones
1179 1320 1553 1387 amplectendas,
1576 1339 1659 1369 nos
1682 1340 1819 1371 erua-

114 1415 220 1445 mus
242 1407 574 1462 argumentum
608 1398 669 1445 ad
704 1416 808 1445 eam
837 1397 1217 1445 infallibilitatem
1244 1397 1553 1446 evincendam
1581 1399 1663 1462 (1).
1689 1400 1738 1446 Si
1761 1399 1822 1447 de

115 1475 208 1522 fide
243 1484 364 1522 esset
396 1474 471 1522 hic
505 1474 756 1533 articulus,
784 1478 884 1537 jam
922 1473 1046 1521 illico
1082 1472 1301 1521 formales
1340 1473 1545 1522 haeretici
1585 1485 1726 1541 atque
1763 1475 1823 1522 ab

115 1549 315 1598 Ecclesia
345 1561 551 1599 extorres
578 1551 667 1598 hoc
695 1551 795 1617 ipso
824 1560 999 1611 essent,
1032 1551 1315 1616 quicumque
1345 1550 1436 1598 illis
1466 1550 1816 1600 definitionibus

116 1627 478 1693 refragarentur.

181 1704 295 1753 775.
339 1704 412 1753 Ad
454 1705 540 1766 611¹,
576 1706 701 1753 Disc.
744 1706 790 1753 Si
825 1706 1134 1771 praerogativa
1172 1704 1516 1753 infallibilitatis
1561 1722 1662 1752 non
1699 1713 1821 1754 esset

115 1902 238 1951 rium,
254 1900 443 1953 quamdiu
450 1914 529 1940 non
546 1900 726 1941 reclamet
738 1900 933 1952 Ecclesia,

117 1968 216 2019 apud
243 1967 421 2007 Ballerin.
446 1969 486 2005 in
507 1967 690 2021 Append.
716 1968 761 2006 de
782 1967 935 2019 infalli-

116 2031 264 2072 bilitate
299 2031 414 2072 Pom.
455 2047 563 2085 prop.
605 2032 628 2072 5
644 2063 656 2082 ,
695 2042 775 2073 not.
811 2034 833 2072 3
849 2063 859 2082 ‚
893 2032 933 2084 4.

119 2098 263 2137 Exinde
285 2099 460 2151 profluxit
479 2098 571 2137 illud
595 2099 712 2152 quod,
743 2096 933 2147 Schenkl,

117 2162 139 2215 g
155 2162 252 2215 234,
268 2167 466 2217 vocatjus‚
485 2178 558 2217 quo
576 2165 712 2203 fruitur
730 2179 824 2203 rom.
840 2164 937 2204 Pon-

115 2230 222 2279 tifex,
238 2229 373 2267 edendi
393 2230 541 2268 decreta
560 2230 776 2281 doqmalica
795 2231 934 2282 provi-

114 2296 234 2335 soria.
251 2295 304 2334 Ita
321 2296 559 2348 decipiuntur
580 2296 771 2334 homines!
799 2294 936 2335 Provi-

116 2363 215 2399 sorie
229 2375 419 2413 possemus
430 2364 564 2401 mentis
578 2370 612 2400 et
625 2362 744 2400 cordis
756 2361 934 2414 obsequio

115 2426 302 2465 adhaerere
326 2428 438 2465 errori
466 2429 507 2465 in
530 2427 604 2465 fide
618 2457 628 2475 ‚
646 2428 762 2478 idque
785 2441 828 2466 ex
846 2441 935 2478 prae-

115 2501 221 2545 cepto
236 2492 392 2539 Christi,
411 2493 529 2532 donec
542 2492 588 2531 ab
606 2507 649 2533 eo
663 2493 936 2532 abduceremur

114 2572 182 2611 per
193 2572 345 2597 examen
356 2558 645 2612 Episcoporum,
664 2561 728 2612 qui
748 2559 795 2598 ad
807 2574 933 2598 sanam

116 2632 153 2664 et
173 2624 397 2663 catholicam
418 2625 627 2664 doctrinam
655 2640 751 2665 rom.
774 2624 932 2664 Pontifi-

117 2704 198 2730 cem
229 2705 400 2730 revocare
420 2699 586 2744 possent.
613 2690 749 2744 Ecquis
781 2691 934 2731 devoret

115 2756 196 2795 haec
218 2755 408 2794 absurda?

171 2822 228 2872 (l)
258 2820 438 2874 Alioquin
473 2820 625 2860 difficile
658 2823 812 2860 omnino
850 2830 932 2870 est,

118 2902 168 2927 ne
190 2887 417 2940 impossibile
441 2888 564 2927 dicam
580 2918 590 2937 ,
615 2889 812 2927 conciliare
838 2890 936 2941 ejus-

120 2954 225 2992 modi
243 2953 505 3006 obligationem
527 2953 736 2992 adhaerendi
760 2962 882 2993 mente
901 2963 937 2993 et

120 3019 230 3059 corde
258 3034 357 3060 rom.
383 3019 606 3060 Pontificum
631 3019 847 3072 dogmaticis
871 3020 937 3059 de-

1005 1904 1111 1942 cretis
1118 1917 1204 1941 cum
1217 1903 1367 1942 illorum
1383 1904 1578 1950 sententia,
1591 1903 1655 1953 qui
1669 1907 1800 1940 tenent
1810 1930 1822 1950 ,

1003 1982 1100 2006 rom.
1117 1968 1349 2017 Pontificem,
1365 1969 1559 2007 docentem
1577 1982 1619 2006 ex
1636 1966 1814 2006 cathedra

1003 2036 1211 2072 universam
1251 2033 1456 2072 Ecclesiam
1474 2062 1485 2080 ‚
1533 2034 1645 2071 errori
1693 2040 1818 2071 contra

1002 2098 1115 2138 fidem
1147 2098 1354 2137 obnoxium
1386 2112 1478 2139 esse.
1513 2097 1706 2150 Quomodo
1739 2097 1818 2135 haec

1001 2166 1097 2203 inter
1121 2178 1163 2203 se
1186 2163 1384 2203 adversarii
1405 2177 1626 2216 componere
1648 2162 1814 2210 valeant,

1002 2230 1177 2282 profiteor
1205 2244 1264 2268 me
1294 2243 1378 2268 vere
1402 2230 1547 2281 assequi
1571 2227 1672 2265 haud
1695 2240 1813 2278 posse.

1001 2294 1123 2343 Addo,
1143 2297 1183 2333 in
1204 2297 1309 2347 praxi
1324 2308 1517 2346 nunquam
1530 2294 1628 2331 licite
1642 2291 1819 2331 obsistere

1002 2364 1213 2415 quempiam
1242 2375 1348 2413 posse
1374 2360 1573 2412 pontificiis
1599 2359 1818 2411 dogmaticis

998 2427 1148 2480 judiciis
1162 2455 1173 2473 ‚
1196 2426 1266 2465 sub
1291 2425 1448 2463 obtentu
1464 2425 1565 2477 quod
1579 2423 1744 2463 Ecclesia
1754 2426 1820 2478 ju-

1001 2493 1116 2531 ridice
1143 2491 1394 2530 contradicere
1427 2499 1539 2543 queat
1569 2490 1739 2529 Pontifici
1768 2492 1821 2528 sic

1001 2558 1208 2597 definienti.
1229 2557 1326 2596 Nam
1351 2557 1414 2595 hic
1438 2570 1545 2595 casus
1571 2564 1625 2595 est
1648 2558 1823 2608 impossi-

1001 2623 1116 2668 bilis,
1154 2637 1241 2662 cum
1277 2622 1437 2661 Ecclesia
1472 2624 1641 2661 universa
1671 2634 1817 2673 semper

1001 2689 1193 2728 adhaeserit
1225 2697 1261 2727 et
1289 2689 1465 2726 adhaereat
1491 2692 1604 2740 atque
1628 2686 1818 2726 adhaesura

999 2768 1145 2807 semper
1187 2757 1232 2793 sit
1270 2756 1420 2793 unitatis
1456 2752 1543 2792 fidei
1579 2761 1733 2799 centro,
1786 2757 1822 2789 et

1000 2821 1175 2861 Ecclesiae
1208 2823 1318 2860 unice
1351 2820 1556 2873 apostolicae
1576 2850 1587 2868 ,
1624 2832 1688 2857 seu
1722 2830 1821 2856 rom.

1001 2888 1174 2927 Pontifici
1199 2889 1309 2940 capiti
1334 2900 1421 2927 suo.
1447 2887 1641 2938 Propterea
1668 2886 1733 2937 qui
1764 2898 1824 2924 re-

1003 2954 1221 3006 fragantur,
1243 2954 1316 2992 hoe
1343 2955 1423 3005 ipso
1447 2963 1484 2990 se
1508 2949 1663 2990 rebelles
1689 2963 1733 2990 ac
1762 2963 1821 2990 re-

1004 3019 1193 3059 fractarios
1218 3019 1460 3072 patefaciunt.
