2028 3354
1661 197 1757 244 269

401 214 527 253 PART,
564 212 594 242 1.
637 211 735 243 CAP·
772 211 836 243 lv.
872 211 927 241 DE
960 210 1181 243 ECCLESIAE
1215 211 1418 244 nonnus.

139 326 249 375 409.
290 328 404 375 Inst.
442 327 615 375 Saltem
645 326 863 376 Zosimus
891 328 1025 375 Rom.
1052 328 1265 375 Pontifex
1300 328 1517 394 probavit
1545 326 1759 378 libellum

73 402 159 449 sibi
179 422 203 450 a
227 403 439 451 Coelestio
460 404 669 451 oblatum
685 440 697 462 ,
720 413 946 469 tanquam
966 404 1243 452 catholicum
1259 441 1272 467 ,
1303 422 1410 453 cum
1441 415 1599 454 tamen
1617 406 1762 472 pluri-

72 478 159 526 bus
189 480 419 527 erroribus
444 480 641 527 refertus
661 490 793 528 esset.
823 482 955 544 Ergo.

138 556 249 603 410.
288 558 425 621 Resp.
457 559 579 603 Dz'st.
609 574 712 604 cum
733 558 777 604 S.
800 557 1053 620 Augustino
1072 592 1085 615 ,
1118 556 1312 620 probata
1341 566 1411 604 est
1432 575 1456 604 a
1482 559 1663 607 Zosimo
1680 577 1762 610 vo-

71 633 225 680 luntas
255 632 596 680 emendationis
615 670 627 693 ,
656 650 817 688 conc.,·
844 632 1017 679 falsitas
1042 633 1299 695 dogmatis,
1331 651 1434 697 neq.
1461 636 1577 681 Cum
1607 638 1759 696 enim,

71 708 235 756 eodem
265 710 497 757 referente
521 711 799 773 Augustino,
831 707 1065 755 Caelestius
1096 708 1326 773 professus
1353 718 1497 769 esset,
1530 728 1577 757 se
1603 712 1653 757 in
1676 713 1763 760 hoc

67 784 225 832 libello
250 802 300 831 ea
320 786 541 850 posuisse,
563 785 620 833 de
644 784 809 850 quibus
826 783 979 832 adhuc
1001 782 1261 846 dubitaret,
1283 793 1330 831 et
1355 784 1412 832 de
1433 785 1600 850 quibus
1621 787 1764 836 vellet

69 878 93 907 a
123 862 347 908 Pontifice
383 862 578 919 instrui,
611 878 716 907 cum
752 869 972 925 praeterea
1013 860 1118 907 viva
1148 878 1259 908 voce
1290 860 1532 922 adjecisset
1566 879 1615 909 se
1648 880 1764 910 con-

68 938 241 984 sentire
273 938 357 996 iis,
394 954 496 1001 quae
528 936 586 982 ab
623 936 897 984 Innocentio
932 937 980 982 in
1022 937 1277 1002 quaestione
1308 937 1551 1003 pelagiana
1592 939 1763 1005 scripta

71 1013 256 1059 fuerant
273 1049 284 1071 ,
311 1013 414 1060 ideo
437 1015 569 1059 Rom.
592 1012 806 1060 Pontifex
834 1012 1048 1060 libellum
1073 1013 1269 1060 Caelestii
1298 1014 1582 1063 catholicum
1614 1015 1760 1077 dixit,

70 1089 175 1153 quia
194 1098 237 1134 et
255 1089 338 1134 hoc
360 1089 601 1135 catholica·
623 1092 797 1136 mentis
815 1098 903 1146 est,
940 1098 992 1135 ut
1013 1089 1139 1138 idem
1159 1090 1365 1155 loquitur
1388 1093 1433 1138 S.
1455 1092 1761 1155 Augustinus,

69 1168 116 1211 si
138 1182 233 1226 qua
252 1166 376 1226 forte
402 1165 545 1211 aliter·
573 1167 727 1227 sapit,
763 1182 912 1229 qua-m
941 1168 1117 1213 veritas
1148 1170 1347 1230 miqui...
1389 1168 1564 1215 detecta
1593 1185 1651 1216 ac
1680 1169 1762 1216 de-

69 1249 332 1287 monstrata
357 1257 576 1303 respuere
596 1242 684 1304 (l).

722 1395 1028 1439 ARTICULUS
1060 1398 1137 1440 ΠΙ.

593 1548 661 1591 De
688 1546 971 1591 auctoritate
998 1544 1238 1592 Ecclesiae.

135 1716 251 1763 411.
289 1716 375 1764 Hic
400 1721 702 1764 auctoritatis
722 1734 884 1766 vocem
906 1735 1184 1783 usurpamus
1203 1718 1253 1765 in
1281 1717 1443 1767 ordine
1468 1719 1527 1768 ad
1554 1721 1761 1785 regimen

69 1790 457 1853 ecclesiasticum,
497 1797 630 1855 juxta
672 1810 723 1840 ea
754 1810 857 1858 quae
897 1793 1032 1856 hujus
1062 1794 1223 1859 capitis
1254 1795 1389 1843 initio
1430 1797 1752 1861 praemisimus.

69 1868 329 1916 Auctoritas
362 1870 560 1935 proinde
584 1870 646 1917 sic
675 1878 860 1933 accepta
889 1888 975 1935 pro
1004 1868 1184 1932 objecto
1211 1870 1353 1918 habet
1381 1882 1660 1937 potestatem
1682 1877 1762 1922 Ec-

68 1941 213 1991 elesiae
244 1946 556 2008 leyislativam
586 1955 633 1993 et
653 1951 930 1993 coactivam.
960 1947 1166 1993 Potestas
1190 1946 1445 2011 legislativa
1464 1959 1533 1997 est
1555 1960 1760 2015 potestas

70 2020 252 2068 ferendi
270 2020 393 2085 leges
416 2021 535 2082 illas,
551 2039 652 2087 quae
670 2023 754 2069 Dei
773 2022 1001 2087 populum
1021 2040 1100 2070 seu
1115 2022 1273 2070 fideles
1292 2034 1459 2088 regunt
1481 2044 1533 2074 ac
1554 2026 1761 2091 dirigunt

69 2095 119 2141 in
155 2096 209 2143 iis
253 2097 501 2158 omnibus,
542 2115 641 2163 quae
686 2098 745 2144 ad
782 2099 1056 2147 exteriorem
1092 2099 1386 2165 disciplinam
1435 2119 1515 2149 seu
1550 2102 1760 2168 politiam

71 2271 287 2322 opponendo
318 2274 373 2325 qli
396 2275 638 2321 eutichiani,
672 2288 692 2312 e
711 2273 766 2325 9Ιί
788 2272 880 2312 altri

72 2335 310 2375 condamnati
333 2340 398 2377 nel
435 2341 682 2379 calcedonese
701 2370 712 2387 ,
748 2339 815 2377 che
842 2339 880 2378 la

71 2400 199 2439 chiesa
213 2414 372 2442 romana
393 2408 497 2444 erasi
516 2407 669 2444 re'tirata
684 2405 733 2443 da
755 2412 879 2456 questo

72 2478 143 2504 con
171 2480 381 2519 approvare
408 2469 439 2507 il
462 2470 882 2521 Constantinopolitano

69 2533 231 2571 secondo
252 2534 312 2583 (id
329 2542 381 2572 est
394 2537 561 2586 quintam
584 2536 806 2587 synodum).
823 2535 884 2574 Or

72 2597 117 2637 S.
143 2597 330 2650 Greqorio
366 2604 412 2638 in
441 2601 517 2651 pia
540 2600 671 2652 Iuoqlzi
696 2614 743 2638 va
764 2602 882 2641 dissi-

69 2664 198 2716 pando
220 2673 352 2716 questa
374 2673 581 2717 apparente
603 2669 847 2720 rr'puqnanza
865 2695 877 2712 ‚

77 2743 97 2766 e
117 2728 376 2769 dimostrando
388 2731 453 2768 che
466 2739 608 2783 quanto
621 2732 696 2770 alla
713 2732 883 2770 doetrina

76 2796 351 2835 accordavansi
366 2798 449 2849 que’
475 2798 548 2835 due
571 2796 740 2836 Concilii
759 2799 805 2836 in
828 2798 884 2835 ri-

72 2859 195 2911 fiuear
207 2860 350 2902 l'eresie
372 2863 428 2901 ole'
443 2869 497 2902 tre
522 2864 714 2903 nominati
735 2863 883 2915 (Theo-

78 2924 160 2963 dori
180 2955 190 2972 ‚
210 2926 435 2967 Theodoreti
460 2937 496 2967 et
521 2929 639 2980 Ibae).
668 2927 704 2967 E
725 2930 788 2968 cio
807 2942 884 2967 me-

74 2988 150 3041 qlio
161 2990 228 3030 che
240 2990 379 3032 altr-ove
397 2993 574 3033 dichiara
594 2994 669 3046 eqli
683 2993 880 3034 scrivendo

945 2287 970 2313 a
998 2271 1186 2313 Costanzo
1212 2288 1364 2314 vescovo
1385 2277 1427 2313 di
1458 2277 1614 2315 Alilano
1630 2305 1642 2325 ,
1670 2279 1762 2317 dove

948 2353 1095 2378 asserva
1111 2338 1199 2393 (cio
1218 2340 1286 2378 che
1303 2341 1509 2393 dicemmo)
1524 2343 1561 2381 la
1580 2343 1761 2384 diversit&

945 2404 1142 2444 consistere
1166 2419 1244 2444 non
1266 2407 1414 2446 intorno
1447 2407 1483 2445 a’
1512 2409 1667 2460 doymi,
1696 2424 1761 2449 ma

948 2471 1100 2509 intorno
1113 2471 1186 2510 alle
1197 2485 1359 2523 persone,
1376 2504 1386 2520 ‚
1412 2472 1505 2512 delle
1526 2474 1633 2525 quali
1651 2475 1681 2513 ,ς’
1695 2489 1761 2515 era

947 2541 1097 2574 trattato
1116 2537 1179 2574 nel
1203 2537 1376 2577 Concilio
1395 2537 1641 2581 Calcedonese
1666 2542 1760 2594 dopo

948 2613 1058 2638 avere
1091 2604 1343 2651 interamente
1386 2605 1557 2643 ,stabilita
1601 2606 1638 2645 la
1676 2608 1759 2645 dot-

948 2666 1055 2704 trina
1065 2680 1082 2715 ‚·
1098 2669 1192 2706 ande
1211 2682 1289 2708 non
1310 2683 1375 2708 era
1389 2670 1507 2721 quello
1527 2685 1583 2709 un
1605 2673 1761 2712 arcicolo

949 2731 992 2769 di
1007 2731 1117 2781 fede,
1139 2747 1159 2771 e
1179 2734 1245 2772 che
1265 2743 1528 2787 appartenesse
1543 2736 1621 2776 alla
1637 2739 1759 2790 infal-

948 2796 1093 2836 libila&
1108 2798 1208 2837 della
1226 2800 1368 2843 chiesa.
1393 2801 1533 2841 videsis
1554 2802 1665 2855 hujus
1689 2805 1760 2842 loci

949 2864 1150 2902 versionem
1167 2865 1317 2904 latinam
1332 2865 1378 2904 ad
1398 2866 1533 2905 calcem
1547 2868 1759 2907 voluminis.

1003 2929 1055 2980 (l)
1084 2929 1193 2970 Cant.
1227 2932 1326 2970 duos
1351 2930 1499 2984 epistol.
1527 2932 1760 2987 Pelagiano-

946 3007 1048 3043 rum‚
1070 2994 1138 3034 lib.
1171 3010 1223 3045 11,
1253 3010 1338 3048 cap.
1368 2995 1421 3047 4,
1437 3010 1479 3037 n.
1504 2993 1544 3037 5.
