2028 3354
239 199 332 247 466

725 208 885 240 TRAGT.
925 208 979 236 DE
1015 206 1132 235 LOCIS
1166 207 1464 238 THEOLOGIGIS·

308 330 419 376 681.
459 326 564 371 Haec
605 323 760 369 omnia
799 320 1083 387 permiscens
1133 319 1314 368 Palmer
1351 322 1580 386 professor
1628 320 1929 378 Oxoniensis,

241 400 509 453 contendit,
541 397 923 445 infallibilitatem
943 394 1133 443 Concilii
1152 397 1423 443 oecumenici
1445 397 1648 460 legitime
1678 395 1928 453 celebrati,

241 490 288 528 et
315 475 580 526 confirmati
609 491 634 521 a
663 474 761 521 solo
787 490 906 520 rom.
947 471 1170 518 Pontifice
1194 507 1207 530 .,
1247 487 1349 517 rem
1386 489 1483 519 esse
1517 489 1658 519 merce
1690 473 1932 534 opinionis
1996 515 1998 519 ,
2024 498 2028 499 ⁷

239 558 288 603 in
312 553 517 602 Ecclesiis
545 553 749 599 romanis
770 550 870 614 (l):,
903 565 1055 614 neque
1081 546 1253 594 habere
1280 548 1503 609 ejusmodi
1533 548 1793 596 Concilium
1821 565 1932 595 auc-

240 632 480 678 toritatem
508 628 884 692 irrefragibilem
913 624 1088 688 absque
1122 623 1334 671 Ecclesiae
1370 624 1643 671 universalis
1678 640 1933 683 consensu;

242 708 341 755 haec
372 722 483 754 vero
512 702 790 751 universalis
825 701 1020 748 Ecclesia
1038 736 1050 758 7
1076 703 1211 764 juxta
1233 699 1374 764 ipsius
1399 708 1621 762 systema,
1649 700 1857 747 coalescit
1878 716 1934 747 ex

242 782 459 831 omnibus
479 777 885 827 communionibus
900 813 913 834 ,
944 792 1046 840 quae
1062 775 1228 821 saltem
1247 775 1452 822 retinent
1471 775 1822 823 ecclesiasticam
1839 775 1936 822 hie-

240 859 496 915 rarchiam,
523 856 681 922 quales
705 855 890 920 praecise
907 861 1017 899 sunt
1051 850 1245 898 Ecclesia
1279 868 1420 915 graeca
1438 888 1451 911 ,
1478 853 1648 899 russica
1676 860 1816 916 atque
1850 869 1935 899 an-

242 935 419 1001 glicana
449 934 537 997 (2).

242 1091 475 1131 ubbidienza
490 1117 501 1137 ,
530 1101 594 1125 ma
609 1098 690 1124 una
701 1083 955 1136 persuasione
968 1079 1059 1119 illu-

243 1161 394 1197 minata
407 1187 416 1204 ‚
433 1156 479 1194 ed
493 1168 548 1192 mi
562 1150 800 1206 reqionevole
813 1163 964 1188 assenso
981 1146 1059 1186 alla

237 1223 375 1277 parola
396 1222 441 1259 di
464 1218 547 1258 Dio
560 1235 575 1268 ‚-
605 1227 641 1256 et
670 1217 691 1270 ἓ
723 1230 741 1253 L
765 1231 775 1253 ι
804 1215 892 1253 Non
917 1213 1061 1252 avendo

250 1290 303 1328 G.
332 1289 379 1328 C.
408 1287 527 1338 leqato
551 1284 582 1322 il
603 1280 808 1336 privileyio
837 1279 933 1318 della
956 1281 1060 1317 iner-

245 1367 370 1393 ranza
390 1366 414 1390 a
437 1364 492 1389 un
516 1356 614 1388 certo
633 1360 794 1386 numero
812 1345 1062 1383 determinato

246 1420 287 1458 di
322 1416 449 1470 queqli
465 1447 475 1462 ‚
514 1415 581 1453 che
614 1427 704 1452 sono
739 1411 804 1449 ‘nel
838 1424 926 1448 seno
964 1408 1061 1447 della

245 1485 392 1527 chiesa,
411 1496 475 1519 ma
489 1495 513 1519 α
527 1487 621 1518 tutto
637 1478 669 1516 il
680 1490 792 1529 corpo
806 1476 904 1514 della
915 1475 1058 1522 chiesa,

245 1550 321 1601 eylz·
337 1561 410 1601 per
429 1553 696 1597 consequenza*
709 1556 786 1581 non
806 1542 857 1579 ha
869 1553 1062 1594 promesso

246 1615 312 1653 che
337 1612 438 1653 nella
461 1612 651 1650 divisione
682 1608 737 1646 de’
756 1608 977 1646 sentimenti
1001 1607 1062 1643 sia

246 1694 394 1732 sempre
419 1678 450 1715 il
463 1676 540 1730 piis
555 1674 722 1729 picciolo
736 1704 746 1721 ‚
776 1689 796 1711 o
817 1673 848 1711 il
865 1674 945 1724 piic
963 1684 1063 1724 qran

246 1759 405 1785 numero
427 1744 493 1782 che
519 1743 634 1781 abbia
654 1741 828 1791 ragione.
853 1740 999 1778 Videsis
1017 1738 1062 1775 ad

248 1811 388 1850 calcem
405 1809 604 1847 voluminis
627 1807 761 1844 horum
791 1804 957 1842 locorum
979 1816 1062 1841 ver-

251 1878 394 1915 sionem
408 1874 574 1912 latinam.
591 1871 731 1910 Eadem
745 1870 906 1908 inculcat
919 1868 940 1921 §
954 1881 1040 1906 txm
1050 1898 1060 1915 ,

249 1952 285 1982 et
316 1943 406 1982 alibi
437 1942 588 1993 passim.
620 1938 707 1976 Haec
735 1945 863 1975 autem
898 1935 1064 1974 doctrina

249 2008 385 2060 pendet
406 2020 447 2044 ex
471 2006 677 2057 principio,
700 2002 801 2053 quod
821 2015 906 2039 cum
933 1999 1065 2039 Riche-

248 2075 361 2111 rianis
386 2071 604 2124 profitentur
624 2068 838 2106 Jansenistae
855 2096 865 2113 ‚
903 2066 948 2104 de
971 2078 1062 2103 con-

252 2140 441 2178 stitutione
464 2137 636 2175 Ecclesiae
657 2134 909 2173 democratica.
931 2131 1065 2179 Quoad

251 2207 460 2244 doctrinam
495 2202 668 2241 Fehronii
703 2199 771 2237 cfr.
800 2198 994 2246 Zaccaria‚
1026 2199 1066 2234 in

252 2269 547 2322 Antisebrom'o,
561 2276 652 2305 tom.
666 2279 714 2310 n,
729 2264 817 2302 diss.
838 2278 866 2301 u
877 2294 888 2312 ‚
904 2277 986 2315 cap.
1004 2275 1065 2310 12,

253 2336 274 2389 ἓ
301 2350 348 2386 2,
374 2349 456 2387 pag.
484 2328 546 2371 cit.
572 2331 664 2371 edit.
688 2329 782 2369 318.

310 2403 362 2452 (l)
391 2399 464 2451 Op.
479 2400 543 2437 cit.
558 2405 653 2449 part.
669 2409 729 2444 iv,
745 2409 827 2447 cap.
854 2409 874 2447 7
894 2425 904 2442 ,
931 2403 1019 2432 sect.
1035 2407 1065 2432 t.

255 2467 373 2505 Valde
401 2466 461 2503 hic
483 2463 773 2516 improbandum
800 2462 893 2499 illud
919 2463 964 2499 in
988 2459 1067 2500 Ec-

255 2532 382 2571 clesiis
399 2531 571 2567 romanis
583 2546 598 2576 ;
613 2544 701 2567 nam
723 2530 753 2566 si
773 2530 822 2566 ita
842 2528 1067 2565 disseruisset

258 2599 304 2637 de
334 2596 485 2636 coetibus
514 2593 800 2646 protestantibus
826 2601 889 2630 aut
907 2593 1067 2644 anglica-

255 2666 314 2702 nis
327 2693 339 2713 ,
361 2662 429 2700 bac
440 2661 625 2699 locutione
639 2661 734 2698 bene
747 2672 834 2696 usus
850 2666 961 2705 esset,
978 2659 1066 2711 quia

257 2731 374 2781 reipsa
389 2727 510 2780 plnres
527 2733 633 2771 sunt,
649 2732 736 2763 sunt
754 2725 855 2762 enim
878 2723 1065 2775 acephali3

255 2803 293 2834 at
317 2794 411 2832 male
434 2793 566 2837 nimis,
590 2791 680 2829 dum
698 2789 744 2828 de
766 2803 918 2827 romana
943 2790 1066 2841 agitur

257 2861 440 2906 Ecclesia,
468 2871 550 2910 quae
570 2870 651 2895 una
670 2869 814 2908 prorsus
836 2863 900 2893 est.

312 2926 364 2978 (2)
395 2923 474 2962 Hac
497 2923 544 2961 de
563 2935 688 2970 causa,
711 2920 875 2969 ibidem,
898 2934 978 2972 cap.
1010 2932 1032 2970 7
1049 2949 1060 2967 ‚

257 3007 333 3033 non
364 2990 527 3042 agnoscit
553 2989 623 3026 nisi
655 2999 719 3026 seat
751 2988 871 3037 priora
899 2985 1061 3025 eoncilia
1129 2985 1321 3035 opiniones
1355 2981 1587 3033 theologicas,
1615 2991 1696 3032 quae
1723 2992 1850 3018 omnes
1872 2977 1938 3016 ad·
1978 2971 2028 3050 ’ἔξ

1125 1080 1180 1117 uti
1202 1081 1430 1118 oecumenica
1445 1092 1457 1129 3
1472 1082 1615 1133 reliqua
1641 1090 1764 1121 autem
1781 1081 1829 1120 ab
1842 1094 1942 1119 oecu-

1127 1147 1357 1183 menicorum
1375 1158 1488 1183 censu
1502 1176 1514 1193 ‚
1540 1150 1737 1198 praesertim
1753 1161 1839 1186 vero
1855 1146 1942 1185 Flo-

1126 1212 1318 1249 rentinum
1345 1218 1380 1248 et
1404 1210 1665 1250 Tridentinum
1681 1240 1693 1254 .
1728 1227 1770 1250 ex
1798 1213 1944 1251 defectu

1127 1277 1378 1315 consensionis
1392 1281 1598 1315 ceterarum
1611 1280 1915 1315 communionum
1929 1307 1940 1324 ‚

1126 1345 1261 1396 rejicit.
1285 1343 1339 1381 De
1357 1342 1525 1381 Concilio
1554 1343 1771 1382 Tridentino
1800 1346 1941 1395 specia-

1126 1411 1194 1447 tim
1216 1409 1375 1446 affirmat
1398 1408 1542 1446 Palmer
1556 1438 1566 1456 ,
1593 1409 1661 1446 loc.
1687 1409 1750 1447 cit.
1771 1422 1853 1460 cap.
1873 1422 1941 1455 12,

1126 1474 1222 1512 illud
1247 1476 1361 1512 varias
1386 1474 1572 1512 doctrinas
1589 1475 1644 1512 uti
1666 1473 1835 1512 articulos
1856 1474 1944 1512 fidei

1128 1539 1340 1578 definivisse
1353 1566 1365 1587 ‚
1392 1552 1474 1592 quae
1493 1540 1686 1591 Anglicani
1708 1539 1859 1590 probare
1869 1553 1945 1577 non

1128 1615 1280 1658 possunt
1300 1619 1311 1658 ς
1340 1606 1445 1657 plura
1473 1607 1573 1645 illius
1594 1607 1737 1644 decreta
1761 1620 1837 1644 esse
1858 1605 1945 1643 lau-

1128 1671 1277 1710 dabilia
1292 1700 1306 1723 ‚
1341 1672 1410 1710 alia
1433 1687 1519 1711 vero
1544 1673 1736 1710 admittere
1756 1684 1860 1723 posse
1880 1675 1945 1708 in-

1127 1738 1435 1791 terpretationem
1482 1737 1725 1776 catholicam.
1771 1736 1947 1775 Ceterum

1128 1804 1222 1843 illud
1248 1803 1416 1842 absolute
1441 1802 1581 1855 rejicit,
1613 1809 1649 1840 1⁰
1675 1803 1761 1853 quia
1778 1800 1858 1852 ejus
1877 1800 1942 1838 de-

1129 1878 1227 1919 creta
1268 1883 1345 1908 non
1375 1870 1477 1907 fuere
1502 1867 1642 1920 judicia
1673 1867 1844 1905 Ecclesiae
1883 1879 1942 1904 ca-

1129 1936 1303 1984 tholicae;
1334 1942 1378 1972 2⁰
1409 1937 1495 1987 quia
1528 1949 1605 1972 non
1630 1933 1779 1972 fuerunt
1802 1933 1941 1985 judicia

1128 2014 1299 2040 romanae
1313 2000 1549 2039 obedientia).
1570 2000 1736 2037 Primum
1757 2000 1942 2050 potissime

1130 2069 1298 2106 evincere
1333 2068 1493 2111 nititur,
1529 2068 1616 2117 quia
1645 2080 1665 2103 a
1699 2062 1941 2102 schismaticis
2007 2067 2028 2085 ³

1131 2131 1333 2184 anglicanis
1348 2160 1359 2178 ‚
1387 2145 1407 2169 a
1426 2130 1667 2169 schismaticis
1679 2130 1803 2179 graecis
1821 2136 1856 2166 et
1869 2129 1942 2166 hae-

1131 2199 1252 2236 reticis
1273 2196 1480 2235 lutheranis
1514 2204 1549 2234 et
1578 2194 1780 2233 calvinistis
1809 2195 1941 2246 rejecta

1132 2263 1293 2300 fuerunt.
1316 2260 1457 2299 Verum
1485 2260 1636 2313 quidem
1663 2266 1738 2305 est,
1770 2258 1942 2297 adversa-

1130 2330 1228 2365 rium
1249 2328 1407 2365 inficiari
1436 2326 1549 2364 coetus
1575 2324 1789 2375 anglicanos
1810 2353 1821 2371 ,
1851 2336 1940 2375 grae-

1130 2407 1192 2431 cos
1221 2422 1233 2442 ,
1279 2393 1434 2430 russicos
1481 2398 1547 2428 aut
1589 2397 1827 2441 protestantes
1865 2402 1942 2427 esse

1131 2458 1411 2498 communiones
1444 2457 1693 2495 schismaticas
1717 2463 1781 2494 aut
1807 2454 1952 2494 haereti-

1131 2538 1205 2563 cas.
1231 2523 1295 2561 Ast
1320 2537 1432 2575 quam
1458 2537 1590 2574 parum
1618 2521 1688 2560 sibi
1714 2522 1753 2559 in
1780 2521 1852 2559 hoc
1871 2520 1950 2570 ipso

1130 2591 1333 2636 colim-eat,
1364 2597 1400 2626 et
1424 2603 1539 2641 quam
1562 2588 1699 2626 falsum
1726 2583 1950 2625 absurdum—

1131 2670 1204 2709 que
1217 2658 1261 2694 sit
1275 2655 1457 2708 ejusmodi
1471 2662 1662 2708 systema,
1689 2654 1729 2690 in
1752 2651 1862 2703 priori
1878 2648 1949 2687 hu—

1130 2720 1190 2774 jus
1214 2729 1388 2761 tractatus
1413 2723 1572 2759 sectione
1590 2718 1830 2758 ostendimus.
1844 2715 1944 2753 Alte·
1989 2701 2028 2770 f}

1991 2756 2016 2806 {lt

1984 2809 2028 2828 που

1982 2829 2028 2948 ³}

1977 2925 2028 3006 ff}

1130 2802 1214 2826 rum
1228 2802 1314 2827 vero
1331 2788 1461 2825 nititur
1475 2786 1666 2825 ostendere
1685 2796 1728 2820 ex
1752 2795 1794 2820 eo
1816 2781 1938 2833 quod,

1130 2867 1217 2891 cum
1237 2852 1464 2892 celebratum
1489 2859 1541 2890 est
1560 2847 1767 2888 Concilium
1784 2846 1941 2884 Triden-

1127 2920 1272 2967 tinum,
1287 2917 1534 2957 invaluerint
1523 2930 1564 2954 m
1570 2914 1611 2952 E
1611 2912 1758 2951 celestis
1767 2912 1938 2950 romanie

1980 3068 2028 3088 *¹⁸³5

1984 3042 2009 3073 ,2

1983 3107 1986 3114 ¹
1995 3099 1999 3109 l

1995 3128 1997 3135 ,
2012 3124 2022 3132 .

1977 3116 2028 3163 ἐμὲ

1980 3168 1982 3174 >
1994 3167 2003 3184 r
2015 3165 2028 3182 ῑ

1984 3185 2002 3212 s
2011 3183 2028 3232 Ξ

1976 3210 2014 3254 'af-2·

1916 3252 1919 3262 ¹
1968 3245 2005 3285 5252

2012 3089 2028 3106 fi

2015 3107 2028 3114 -u

2014 3116 2024 3124 >
