2028 3354
269 193 363 241 460

753 216 905 246 TRAG'r.
943 218 995 246 DE
1031 220 1149 250 Locts
1182 222 1479 256 THEOLOGICIS.

268 335 392 373 rente
416 327 517 389 (1);
555 334 602 372 et
634 335 762 390 patet
791 344 848 375 ex
878 330 975 394 ipsa
1025 331 1209 394 Synodo
1244 334 1326 398 (2).
1361 336 1494 395 Quod
1539 353 1647 385 vero
1681 336 1848 385 attinet
1886 337 1946 385 ad

267 401 522 448 Concilium
566 402 626 460 V,
660 403 897 465 cujusdam
926 408 1194 455 oeconomiae
1228 425 1358 457 causa
1385 411 1548 458 maluit
1574 411 1757 475 vigilius
1792 413 1945 478 potius

271 478 533 523 Constituto
560 495 642 524 suo
678 496 818 543 quam
852 484 1098 544 praesentia
1131 483 1333 531 Concilio
1365 486 1504 534 robur
1531 488 1807 550 adjungere3
1839 506 1945 537 cum

263 561 422 599 tamen
455 569 512 599 ex
547 556 644 615 ejus
675 553 882 602 absentia
909 556 994 603 sibi
1028 559 1250 606 timerent
1280 562 1463 620 Patres,
1498 564 1617 610 trina
1645 564 1872 626 legatione
1896 565 1950 611 il-

261 626 361 673 lum
393 628 652 675 invitarunt
667 666 679 688 ,
721 639 771 675 ut
797 630 857 676 ad
881 633 1110 695 synodum
1130 634 1366 682 accederet
1384 673 1396 694 ,
1421 637 1554 701 eique
1571 639 1835 703 praesideret
1854 640 1943 706 (3).

328 703 437 750 670.
474 704 544 751 Ad
571 704 655 764 lim„
682 707 819 770 Resp.
854 707 1088 755 conciliari
1107 710 1199 756 duo
1224 710 1300 757 illa
1326 712 1449 759 inter
1474 730 1521 759 se
1550 714 1677 761 facile
1712 733 1847 779 posse
1868 753 1880 776 ,
1907 717 1946 763 si

262 779 476 827 dicantur
504 781 714 845 Episcopi
746 798 843 828 esse
877 785 1146 845 conjudices
1186 802 1290 832 cum
1318 805 1435 834 rom.
1478 790 1696 836 Pontifice
1716 826 1729 849 a
1771 793 1943 857 quippe

261 855 341 919 qui
370 855 465 901 sint
505 855 667 902 eadem
714 856 936 904 divinitus
966 868 1193 922 potestate
1221 860 1459 921 judicandi
1505 864 1684 927 praediti
1720 866 1769 912 in
1805 866 1941 914 rebus

262 930 383 977 fidei.
413 933 572 995 Neque
593 931 764 989 obstat,
786 949 882 978 non
901 950 1034 997 posse
1054 935 1302 999 Episcopos
1322 937 1565 987 dissentire
1594 940 1651 987 ab
1676 958 1729 987 eo
1752 941 1939 1003 judicio,

258 1005 384 1070 quod
412 1009 511 1067 jam
552 1006 757 1053 emiserit
798 1024 915 1053 rom.
952 1009 1162 1056 Pontifex
1186 1045 1198 1067 a
1241 1027 1351 1058 nam
1370 1013 1530 1074 judicii
1559 1017 1755 1064 essentia
1796 1018 1945 1082 posita

257 1081 452 1128 minime
484 1090 554 1129 est
592 1082 642 1127 in
674 1081 891 1130 facultate
927 1083 1267 1141 dissentiendi,
1305 1087 1387 1133 sed
1414 1089 1464 1134 in
1503 1093 1730 1139 sententia
1753 1093 1944 1141 ferenda

256 1174 365 1204 cum
414 1158 672 1221 cognitione
735 1174 893 1206 causae.
940 1159 1022 1205 Illa
1066 1169 1223 1207 autem
1276 1177 1420 1209 causae
1469 1166 1666 1227 cognitio
1714 1153 1943 1216 sufficiens

258 1234 487 1281 censenda
515 1243 613 1293 est7
649 1250 750 1300 quae
787 1234 968 1282 elicitur
989 1245 1095 1300 post
1122 1236 1390 1301 suffragium
1420 1256 1539 1286 rom.
1569 1242 1821 1305 pontificis,
1863 1245 1942 1310 qui

255 1311 478 1359 nimirum
505 1312 634 1359 testis
665 1322 736 1360 est
755 1312 1016 1360 traditionis
1039 1314 1246 1362 Ecclesiae
1276 1333 1495 1376 romanae‚
1518 1336 1629 1365 cum
1648 1337 1743 1381 qua
1760 1357 1772 1378 ‚
1807 1331 1858 1368 ut
1879 1322 1942 1369 lo-

255 1388 413 1452 quitur
429 1389 476 1435 S.
510 1389 708 1436 Irenaeus
731 1425 744 1449 ⁷
772 1406 945 1437 necesse
971 1399 1038 1437 est
1072 1408 1257 1438 omnem
1288 1396 1533 1440 convenire
1560 1395 1820 1444 Ecclesiam
1845 1396 1935 1460 (4).

307 1564 361 1614 (l)
391 1563 502 1603 Hist.
528 1564 619 1603 eccl.
644 1565 708 1603 lib.
734 1579 766 1613 ι,
785 1579 866 1617 cap.
893 1565 944 1616 4,
972 1566 1060 1604 edit.

252 1629 398 1671 Valesii.

310 1695 362 1745 (Q)
393 1695 436 1733 In
466 1704 536 1735 act.
571 1708 607 1741 Ι,
637 1697 702 1734 ubi
727 1696 815 1746 ¹haec
840 1697 1023 1736 habentur
1050 1712 1060 1736 t

251 1758 424 1813 Κυρίλλου
455 1760 747 1815 Ἀλεξανδρείας,
784 1759 968 1805 διέποντος
1000 1761 1061 1802 καὶ

250 1822 305 1865 τὶν
329 1824 434 1865 τᾶπον
458 1830 521 1866 τοῦ
544 1825 748 1874 αἱγιωτοῖτου
782 1826 843 1868 na}
870 1828 1059 1868 ὅσιωτοῖτου

249 1889 531 1944 ἐρχιεπιτκέπου
567 1899 632 1937 τῆς
669 1892 829 1944 Ρωμαίων
866 1893 1059 1938 ἐκκλησίας

253 1955 480 1997 Kame-vluna.
510 1957 680 2009 Cyrillus
693 1959 969 2008 Alemandrioe,
993 1964 1063 2012 qui

249 2027 287 2060 et
296 2022 490 2061 Caelestini
509 2037 653 2075 quoque
670 2027 911 2063 sanctissimi
927 2040 1058 2064 sacra-

251 2089 466 2140 tissimique
493 2103 663 2128 romanoe
691 2090 878 2129 Ecclesiae
910 2092 1056 2130 archie-

240 2155 393 2207 piscopi-
422 2155 544 2194 locum
578 2156 781 2195 obtinebat.
810 2157 917 2209 Apud
946 2158 1056 2196 Hard.

246 2219 351 2257 Acta
376 2219 493 2259 Conc.
517 2229 608 2260 tom.
637 2236 675 2269 ι,
703 2222 774 2260 col.
806 2221 919 2272 1354.

301 2285 353 2335 (3)
386 2285 503 2338 Cujus
537 2289 586 2324 rei
624 2289 720 2326 testis
753 2287 1056 2339 locupletissimus

244 2352 321 2401 ipse
345 2350 503 2402 vigilius
524 2360 577 2390 est
593 2382 603 2399 ‚
626 2354 689 2404 qui
706 2354 928 2404 respondens
940 2354 1054 2406 Euty-

244 2416 327 2453 chio
342 2424 376 2453 et
390 2416 577 2468 Episcopis
589 2418 657 2455 sub
677 2432 720 2456 eo
738 2421 955 2469 constitutis,
973 2422 1023 2457 ait
1043 2434 1054 2458 :

247 2479 428 2531 Poposcit
454 2488 576 2519 vestra
598 2482 824 2533 fraternitas
840 2515 850 2529 ‚
876 2492 918 2521 ut
949 2485 1057 2522 nobis

239 2545 537 2596 prce-sidentibus
578 2548 623 2585 de
663 2549 784 2586 tribus
820 2551 1051 2601 capitalia..

247 2610 561 2661 confhratur.Cf1-.
576 2614 675 2664 apud
690 2613 786 2652 Hard
794 2616 871 2653 uin.
887 2623 976 2653 tom.
993 2630 1054 2664 ιιι,

245 2676 318 2714 col.
344 2674 423 2717 62.
456 2676 535 2717 Csr.
569 2681 677 2716 etiam
712 2679 804 2717 ibid.
839 2679 910 2719 col.
941 2679 996 2730 64
1024 2690 1058 2720 et

246 2756 350 2793 seqq.
376 2757 455 2793 quae
479 2751 575 2794 gesta
598 2745 806 2783 referuntur
822 2746 861 2783 in
880 2747 1002 2785 collat.
1020 2760 1057 2785 2.

246 2806 332 2844 Vid.
357 2810 466 2845 etiam
483 2808 717 2857 Mmzzuelli,
737 2825 797 2861 op.
819 2812 879 2849 cit.
900 2820 990 2850 tom.
1005 2826 1054 2859 ιι,

247 2886 327 2922 cap.
342 2885 382 2925 9,
407 2871 427 2924 §
450 2871 490 2919 ά.
505 2873 733 2926 Quapropter
751 2875 853 2913 nulla
868 2885 920 2915 est
941 2879 1053 2927 ratio,

246 2949 360 2990 quare
380 2937 496 2976 Pinel.
513 2941 551 2976 in
573 2954 633 2990 op.
667 2939 793 2979 [seber
814 2940 885 2978 den
901 2942 1058 2980 Primat

243 3005 308 3043 des
321 3004 494 3057 Pasicles,
513 3019 574 3044 seu
586 3004 643 3045 De
651 3009 826 3059 primatu
835 3005 1054 3060 Pontificis,

1129 1582 1211 1619 pag.
1250 1580 1346 1620 192,
1383 1568 1544 1616 exultet,
1575 1573 1628 1608 uti
1657 1578 1753 1609 recte
1778 1572 1940 1610 observat

1128 1632 1366 1686 Roskovany‚
1399 1648 1457 1685 op.
1484 1636 1548 1673 cit.
1578 1648 1645 1687 71,
1670 1649 1753 1687 pag.
1786 1636 1873 1676 133.

1182 1698 1234 1748 (4)
1264 1698 1342 1737 Cfr.
1364 1699 1535 1738 Ballerin.
1559 1699 1621 1737 De
1633 1707 1810 1751 potestat.
1824 1700 1939 1740 eccle-

1127 1764 1237 1802 siast.
1262 1778 1344 1816 cap.
1371 1777 1419 1813 2,
1447 1762 1467 1816 §
1496 1778 1508 1802 1
1530 1795 1540 1812 ,
1563 1779 1668 1803 num.
1692 1764 1715 1802 3
1732 1795 1742 1813 ,
1771 1768 1835 1818 qui
1855 1766 1940 1817 plu-

1125 1828 1228 1867 ribus
1242 1831 1398 1876 evincit,
1422 1831 1556 1881 judicis
1577 1832 1754 1868 rationem
1765 1833 1804 1868 in
1822 1831 1933 1870 liber-

1125 1902 1196 1931 tate
1227 1894 1466 1933 dissentiendi
1498 1898 1651 1934 minime
1680 1896 1931 1935 collocandam

1125 1973 1223 2008 esse,
1251 1962 1300 1998 ita
1331 1970 1371 1999 ut
1394 1963 1589 1999 consistere
1615 1956 1821 2013 non'possit
1846 1976 1931 2001 cum

1124 2025 1342 2077 obligatione
1364 2027 1604 2065 assentiendi.
1629 2026 1743 2078 ldque
1776 2028 1933 2066 ostendit
1996 2026 2028 2054 ²³

1124 2098 1201 2128 tum
1228 2105 1271 2128 ex
1287 2091 1452 2130 Concilio
1466 2091 1778 2138 chalcedonensi,
1798 2094 1839 2129 in
1856 2106 1930 2145 quo
1996 2116 1999 2118 >
2021 2102 2024 2106 ’

1123 2155 1321 2207 Episcopi,
1353 2160 1438 2210 ipsis
1469 2158 1664 2196 fatentibus
1688 2156 1929 2206 adversariis,

1125 2225 1196 2261 veri
1221 2223 1365 2275 judices
1398 2225 1574 2271 fuerunt,
1601 2224 1667 2261 etsi
1693 2237 1769 2261 non
1800 2233 1930 2275 potue-

1122 2290 1195 2326 rint
1222 2288 1352 2327 Leonis
1378 2289 1584 2328 desmitioni
1618 2289 1868 2329 contradicere
1891 2291 1931 2328 in

1122 2353 1298 2404 Eutychis
1322 2367 1481 2393 errorem
1517 2362 1625 2392 antea
1649 2354 1780 2405 editae,
1817 2364 1853 2394 et
1885 2354 1931 2393 ab
1983 2355 1985 2357 ’
2025 2342 2028 2343 ⁷

1122 2417 1308 2469 Episcopis
1335 2427 1415 2456 tum
1438 2418 1596 2457 Orientis
1620 2428 1700 2457 tum
1723 2418 1930 2459 Occidentis

1121 2484 1353 2534 subscriptae,
1391 2492 1425 2522 et
1455 2485 1505 2521 ita
1541 2484 1727 2523 catholicae
1762 2484 1928 2524 Ecclesioe

1121 2564 1196 2588 non
1227 2550 1346 2588 solum
1368 2552 1476 2589 tacito
1494 2580 1504 2598 ‚
1526 2552 1590 2590 sed
1621 2554 1731 2590 etiam
1759 2562 1926 2603 expresso

1122 2629 1298 2654 consensu
1324 2616 1547 2668 approbatae.
1576 2617 1618 2656 Id
1642 2620 1765 2669 ipsum
1793 2614 1928 2656 evincit

1123 2695 1165 2719 ex
1203 2680 1276 2719 illis
1306 2684 1417 2720 totius
1456 2680 1564 2720 Orbis
1590 2683 1798 2735 Episcopis,
1823 2682 1925 2733 qui,
1991 2676 2028 2726 Ϊ

1122 2746 1243 2785 Leone
1259 2745 1429 2798 Imperat.
1456 2748 1660 2799 postulante
1677 2776 1686 2793 ,
1710 2759 1849 2784 novum
1867 2745 1928 2797 ju-

1120 2812 1260 2850 dicium
1276 2814 1460 2864 protulere
1474 2813 1617 2859 litteris,
1637 2823 1718 2864 quae
1731 2813 1771 2849 in
1791 2810 1928 2850 Codice

1122 2877 1303 2929 encyclio.
1326 2882 1560 2917 continentur
1577 2906 1588 2923 ,
1621 2878 1666 2914 de
1695 2890 1738 2915 eo
1768 2878 1866 2930 quod
1887 2880 1925 2915 in

1123 2942 1236 2981 Cone.
1247 2943 1534 2983 Chalcedonensi
1546 2942 1662 2981 fuerat
1683 2945 1925 2995 peremptoria

1123 3008 1336 3049 definitione
1356 3010 1534 3049 decisum.
1550 3007 1717 3048 Ostendit
1727 3009 1824 3065 idem
1837 3021 1926 3062 prae-
