2028 3354
323 224 448 252 PART.
485 223 516 252 1.
556 221 652 250 car.
693 219 725 248 1.
766 219 818 247 ms
853 216 1025 248 cmusrl
1060 217 1177 246 noct.
1215 215 1435 245 mswrrur.
1474 215 1526 244 ΕΤ
1561 213 1681 244 onia.
1788 196 1848 243 13

172 335 389 385 omnibus
408 331 698 380 naturalibus
717 328 1077 397 proprietatibus
1097 330 1346 376 instructus
1364 337 1434 375 est
1450 363 1463 386 .‚
1484 343 1596 392 quas
1617 333 1848 374 crescente

156 422 307 467 ,aetate
330 410 474 458 exerit
494 417 541 456 et
562 407 718 473 prodit
733 442 746 466 ‚
771 408 834 453 sic
858 405 1078 466 Ecclesia,
1099 406 1191 452 suis
1215 401 1531 451 essentialibus
1552 401 1851 468 proprietati·

173 490 260 537 bus
287 485 479 552 praedita
509 484 567 531 ab
593 485 692 549 ipsa
722 500 801 530 sua
827 482 1119 528 institutione
1135 516 1147 539 ‚
1177 480 1400 543 temporis
1433 477 1565 543 lapsu
1586 494 1636 524 ae
1654 493 1850 543 poscen-

174 564 296 612 tibus
321 578 480 609 rerum
508 559 736 621 adjunctis
760 575 835 605 eas
865 558 912 603 in
945 556 1082 621 plena
1107 552 1208 601 luce
1232 553 1387 620 posuit
1413 561 1460 600 et
1490 552 1681 602 evolvit.
1714 552 1849 612 Quod

176 656 261 687 nec
291 636 577 686 adversarius
600 635 724 700 ipse,
767 649 905 698 quem
940 631 1267 695 impugnamus
1286 663 1300 688 ‚
1325 628 1577 693 diffitetur,
1616 628 1710 675 imo
1739 645 1851 676 con—

175 714 327 763 tendit
346 712 431 777 (1).
1853 718 1856 720 ·

240 791 319 838 26.
356 788 530 836 Exinde
548 787 642 834 ruit
658 802 742 850 per
761 801 809 831 se
827 818 839 842 7
871 782 997 847 quod
1016 781 1074 829 de
1091 780 1263 846 triplici
1285 780 1502 828 distincta
1527 779 1717 845 periodo
1731 817 1744 841 .,
1775 797 1856 828 seu

174 876 230 914 ut
256 864 542 914 adversarius
567 861 770 924 loquitur
787 895 799 918 7
825 858 882 906 de
905 857 1074 923 triplici
1102 856 1307 904 Ecclesiae
1335 856 1468 923 phasi
1494 856 1726 919 adJectum
1756 865 1824 903 est
1841 893 1853 916 ,

175 960 257 990 seu
275 941 426 989 verius
452 937 588 1001 gratis
612 945 658 983 et
684 935 743 982 ad
763 933 1008 981 arbitrium
1029 932 1086 980 ab
1104 951 1157 981 eo
1175 934 1439 981 confictum.
1459 932 1642 980 Etenim
1666 933 1847 989 Petrus,

177 1017 343 1065 Paulus
369 1025 416 1062 et
442 1015 645 1060 Joannes
666 1010 785 1058 nihil
813 1011 939 1058 aliud
958 1011 1277 1075 praestiterunt
1291 1045 1307 1067 ,
1329 1026 1472 1074 quam
1499 1008 1623 1073 quod
1648 1007 1857 1055 Christus

170 1098 267 1156 jam
295 1091 521 1138 effecerat.
550 1088 758 1135 Christus
786 1087 951 1150 dogma
969 1091 1069 1149 Jam
1094 1086 1428 1151 praedicaverat
1450 1086 1509 1133 de
1530 1086 1688 1132 futuro
1715 1101 1858 1148 regno

176 1185 256 1214 suo
279 1163 539 1212 inchoando
569 1164 618 1210 in
647 1163 782 1211 terris
814 1173 862 1210 et
889 1161 1172 1228 perficiendo
1198 1162 1246 1208 in
1276 1162 1420 1209 altera
1451 1163 1548 1211 vita
1569 1197 1581 1221 ‚
1598 1156 1599 1159 ¹
1617 1159 1860 1227 complen-

176 1242 326 1307 doque
354 1258 439 1306 per
471 1249 764 1287 mortuorum
790 1239 1205 1296 resurrectionem3
1233 1238 1383 1302 legem
1412 1254 1462 1285 ae
1493 1237 1709 1284 vaticinia
1736 1236 1786 1283 in
1813 1254 1861 1284 se

175 1317 535 1384 implementum
565 1315 779 1365 habuisse
804 1333 899 1363 non
931 1314 1073 1362 semel
1108 1323 1304 1361 testatus
1333 1323 1428 1373 est;
1461 1316 1623 1361 Petrus
1651 1313 1861 1361 omnium

175 1395 352 1460 primus
381 1410 610 1440 accessum
638 1391 845 1439 Ecclesiae
869 1428 881 1450 a
916 1409 999 1455 pro
1031 1390 1198 1438 collata
1226 1390 1312 1437 sibi
1341 1391 1644 1450 auctoritate,
1673 1389 1861 1454 gentili·-

175 1470 261 1517 bus
292 1469 421 1517 dedit
441 1470 510 1533 (2)
532 1489 544 1527 ς
575 1468 741 1514 Paulus
757 1504 770 1528 .,
791 1467 1001 1532 pluribus
1019 1466 1299 1531 ubicumque
1325 1466 1572 1513 exantlatis
1597 1466 1832 1515 laboribus
1846 1504 1860 1529 ,

176 1545 416 1609 gentilium
444 1553 491 1591 et
510 1546 536 1590 J
543 1544 778 1590 udaeorum
801 1543 1151 1590 conversionem
1179 1543 1429 1608 promovit.
1457 1544 1661 1590 Joannes
1685 1543 1865 1593 obstitit

177 1619 473 1685 gliscentibus
490 1619 741 1666 haeresibus
760 1618 1001 1666 docetismi
1014 1628 1061 1665 et
1074 1618 1442 1666 cerinthianismi
1457 1655 1470 1678 ,
1493 1636 1691 1683 quarum
1714 1620 1858 1669 altera

176 1697 547 1754 humanitatem,
581 1695 724 1742 altera
763 1693 1058 1742 divinitatem
1096 1694 1278 1741 Christo
1315 1694 1604 1744 detrahebat.
1641 1697 1863 1745 Doctrina

176 1790 315 1839 porro
351 1772 423 1818 his
454 1770 670 1817 omnibus
706 1770 937 1817 erroribus
976 1772 1205 1818 contraria
1249 1780 1353 1819 tum
1384 1772 1434 1818 in
1466 1772 1719 1836 Evangeliis
1757 1782 1861 1821 tum

176 1850 226 1895 in
262 1846 465 1913 epistolis
500 1845 629 1893 Pauli
666 1863 718 1892 ac
750 1845 1037 1911 reliquorum
1060 1847 1388 1912 Apostolorum
1409 1886 1422 1908 ‚
1466 1848 1566 1913 ipso
1597 1848 1861 1898 adversario

176 1924 351 1972 fatente
374 1923 443 1987 (3)
457 1958 470 1982 ,
491 1922 830 1970 continebatur.
853 1922 942 1969 Ubi
961 1923 1099 1987 igitur
1125 1924 1358 1989 reperitur
1375 1925 1682 1989 mysticismus
1704 1927 1858 1992 primo

176 2003 384 2049 invectus
412 2018 438 2047 a
471 2001 650 2047 Joanne
669 1999 691 2044 Ρ
732 2000 820 2046 Ubi
858 2001 1094 2065 protensio
1121 2002 1553 2063 personifioatz'onis
1595 2000 1857 2065 symbolicae

180 2077 348 2124 Christi
374 2076 520 2124 Jesu?

238 2221 290 2273 (1)
318 2221 379 2260 Sic
399 2223 499 2260 enim
524 2221 651 2259 scribit
668 2250 679 2269 ‚
696 2235 759 2272 op.
775 2223 839 2259 cit.
855 2229 948 2259 tom.
961 2234 989 2268 1,

182 2300 219 2338 p.
260 2285 312 2337 45
337 2301 348 2325 :
375 2288 476 2325 Sans
504 2286 615 2324 doute
639 2285 670 2323 Ie
699 2286 985 2324 christianisme

185 2350 277 2388 n’est
306 2354 416 2404 point
447 2365 601 2405 apparu
634 2358 714 2389 tout
746 2352 771 2390 ὰ
803 2365 900 2404 coup
939 2351 993 2388 tel

185 2414 287 2466 qu'il
306 2429 343 2453 se
368 2418 567 2469 manifeste
592 2418 701 2470 apres
722 2417 896 2469 quelques
919 2418 993 2455 sit}-

185 2478 258 2517 cles
290 2480 336 2517 de
362 2480 475 2520 duree
500 2497 513 2525 ς
542 2496 585 2521 aa
615 2483 773 2535 perinde
809 2482 993 2534 d’oriqine

185 2544 390 2584 elle-meme
418 2548 603 2586 embrasse
632 2547 831 2599 plusieurs
852 2548 994 2600 phasea

186 2611 476 2650 tres-distincte&
492 2641 504 2662 ‚
520 2613 615 2651 dam
637 2614 805 2653 chacmw
828 2614 993 2665 desquel-

187 2678 243 2715 Ies
268 2690 317 2715 on
347 2678 426 2716 voit
461 2690 517 2715 vm
542 2684 670 2730 aspect
689 2679 920 2730 particulier
947 2680 993 2718 de

188 2741 347 2793 l’edifice
369 2755 407 2780 se
433 2741 653 2797 developper
670 2756 757 2781 sous
778 2744 993 2796 Pinfluence

188 2806 280 2846 d'un
290 2821 530 2861 personnaqe
545 2808 762 2860 principal.

239 2872 291 2923 (2)
321 2873 402 2912 Act.
426 2873 553 2926 Apost.
570 2887 596 2912 x
613 2904 623 2922 ,
647 2889 708 2923 xv,
738 2887 773 2928 7.

246 2936 299 2988 (3)
314 2937 368 2977 En
380 2941 458 2991 ejus
477 2939 588 2980 verba
597 2953 640 2979 ex
653 2939 727 2978 vol.
744 2940 787 2988 xi,
812 2953 896 2992 pag.
919 2939 985 2979 181

190 3009 224 3039 ot
249 3015 327 3056 seq.
354 3002 481 3043 Entre
510 3003 561 3043 lec
582 3011 696 3044 sectos
717 3007 806 3044 πέεε
834 3018 921 3045 sous
942 3005 996 3045 10⁸

1058 2233 1157 2272 yeux
1171 2220 1232 2258 des
1247 2219 1399 2274 ap6tre3
1416 2252 1427 2270 ‚
1443 2222 1476 2260 il
1485 2235 1510 2274 y
1523 2235 1570 2261 en
1580 2224 1687 2261 avait
1705 2236 1781 2262 une
1794 2227 1865 2276 qui

1059 2289 1333 2327 reconnaissait
1346 2288 1379 2326 le
1401 2288 1489 2326 Fils
1508 2288 1554 2327 de
1575 2289 1707 2328 Marie
1717 2291 1865 2342 pourle

1066 2352 1223 2401 Christ,
1261 2366 1304 2391 sa
1335 2353 1475 2391 morale
1497 2367 1601 2406 pour
1624 2368 1699 2393 une
1726 2356 1865 2395 morale

1061 2417 1217 2466 alwine,-
1244 2419 1343 2456 mais
1376 2432 1428 2457 au
1455 2418 1532 2457 lieu
1571 2419 1615 2457 de
1634 2420 1802 2472 prendre
1827 2421 1865 2460 la

1060 2485 1315 2521 resurrection
1346 2484 1409 2521 des
1428 2490 1542 2522 murts
1574 2485 1598 2522 ὰ
1627 2483 1666 2523 Ia
1690 2484 1792 2524 lettre
1830 2494 1868 2525 et

1061 2548 1160 2586 dans
1172 2562 1239 2586 son
1251 2562 1335 2586 sem
1346 2548 1529 2597 matariel,
1543 2548 1610 2588 elle
1623 2553 1867 2603 seproposait

1062 2613 1107 2651 de
1134 2613 1171 2652 Ia
1192 2614 1341 2654 reduioe
1360 2613 1689 2666 alleqoriquement
1711 2629 1863 2668 aupac-

1062 2691 1148 2730 saqe
1169 2681 1239 2731 qui
1270 2678 1586 2733 s'accomplissait
1609 2680 1753 2734 chaque
1766 2682 1866 2732 jour

1062 2750 1166 2782 entre
1199 2743 1305 2782 I’elat
1339 2745 1384 2783 de
1413 2745 1578 2784 tenebre-3
1606 2753 1641 2784 et
1666 2746 1712 2784 de
1739 2754 1836 2785 mort
1852 2778 1862 2794 ‚

1062 2810 1111 2847 οὐ
1141 2808 1193 2848 les
1225 2811 1328 2848 ames
1360 2823 1399 2848 se
1436 2812 1653 2849 trouvaient
1689 2820 1806 2851 avant
1826 2812 1865 2849 Ia

1062 2888 1185 2914 verme
1219 2877 1264 2914 de
1296 2876 1589 2926 ,lesus-Christ,
1620 2867 1763 2917 et'leur
1790 2882 1866 2916 &eat

1062 2940 1245 2981 ultoriam
1276 2941 1472 2981 d'accivite
1502 2950 1539 2981 et
1566 2944 1611 2982 de
1632 2946 1705 2983 vie.
1731 2943 1791 2982 Or
1814 2943 1866 2982 les

1063 3006 1166 3057 chefe
1181 3006 1227 3045 de
1238 3014 1328 3046 cette
1339 3015 1434 3047 secte
1440 3008 1572 3058 furem
1592 3007 1738 3047 bientde
1745 3022 1865 3061 pour-
