2028 3354
198 191 296 237 510

671 207 824 238 TRAGT.
866 208 921 237 ΠΕ
955 207 1076 239 Locis
1110 210 1410 244 THROLOGlcls.

265 322 293 369 7
299 321 378 368 49.
418 321 511 367 Nec
533 318 687 365 minus
714 321 871 366 Patres
895 330 1154 368 consonant
1172 321 1221 368 in
1243 324 1498 373 adserenda
1519 325 1729 372 unanimi
1746 342 1885 372 sensu

197 396 472 446 'inconcussa
496 411 617 441 rom.
646 395 925 442 Pontificum
954 396 1064 445 fidei
1099 399 1321 446 firmitate
1349 417 1402 448 ex
1431 401 1599 449 Matth.
1624 402 1741 449 XVI.
1767 402 1886 449 Sane

200 475 438 536 Origenes7
456 470 710 536 explanans
730 471 873 519 verba
896 471 972 520 illa
997 491 1008 518 τ
1032 474 1144 521 Non
1158 477 1490 537 praevalebant
1507 479 1733 524 adversus
1751 495 1857 524 eam
1870 513 1885 534 ,

198 552 451 612 interrogat
480 566 492 594 :
528 549 686 612 Quam
711 557 876 596 ‘autem
903 550 1047 597 eam?
1074 552 1154 598 Αφι
1178 555 1307 598 enim
1326 560 1513 614 petram
1527 589 1543 611 ,
1570 572 1717 617 super
1738 571 1889 618 quam

203 627 422 675 Christus
461 625 668 687 oedzficat
691 624 986 685 Ecclesiam,
1014 644 1081 673 an
1112 627 1416 675 Ecclesiam?
1438 629 1683 694 Ambz'yua
1713 634 1890 694 quippe

198 705 368 751 locutio
397 710 463 749 est
490 717 507 748 τ
535 719 602 748 an
624 703 769 765 quasi
791 720 945 749 unam
970 706 1275 769 eamdemque
1298 723 1425 760 rem,
1453 715 1634 768 petram
1661 716 1705 753 ec
1728 708 1891 755 Eccle—

198 783 325 828 siam
350 778 375 825 Ρ
415 776 519 826 Hoc
562 794 670 841 eqo,
714 779 988 840 respondet,
1022 797 1188 826 veram
1222 798 1313 828 esse
1347 774 1563 828 existimo
1587 802 1605 837 ,·
1653 800 1733 830 nec
1761 786 1890 830 enim

198 859 425 904 adversus
443 863 655 917 petram,
682 871 827 918 super
844 872 993 916 quam
1017 855 1235 902 Christus
1260 857 1526 905 Ecclesiam
1545 860 1779 922 (edificat,
1811 875 1893 904 nec

196 935 428 980 adversus
455 932 721 978 Ecclesiam
755 939 906 991 portoe
938 933 1092 992 inferi
1116 934 1450 1001 prcevalehunt
1478 935 1565 998 (l).
1600 934 1772 982 Eadem
1807 935 1893 981 ha-

198 1009 316 1058 bent
347 1009 426 1054 SS.
464 1005 665 1052 Hilarius
684 1041 696 1063 .,
733 1004 1033 1065 Ambrosius,
1067 1007 1370 1069 Augustinus,
1408 1011 1488 1074 qui
1516 1021 1741 1074 praeterea
1771 1028 1890 1058 rom.

198 1085 481 1134 Pontificum
520 1081 636 1129 serie
668 1089 1062 1141 commemorata,
1098 1081 1258 1129 subdit
1291 1100 1300 1128 :
1332 1083 1447 1157 Ipsa
1476 1095 1543 1133 est
1562 1097 1723 1149 petra,
1746 1094 1895 1150 qaam

199 1180 298 1211 non
325 1164 526 1209 vincant
564 1159 780 1222 superba?
815 1161 1093 1223 inferorum·
1124 1168 1278 1223 portoe
1312 1159 1501 1222 (2).1ta
1527 1165 1668 1210 etiam
1700 1163 1895 1229 Cyrillus

200 1239 358 1297 Alex.7
390 1238 479 1283 Leo
506 1236 591 1292 Μ.,
625 1234 886 1300 Simplicius
917 1237 1067 1300 Papa,
1101 1236 1309 1283 Gelasius
1335 1236 1773 1299 (3).

265 1315 378 1362 750.
418 1311 672 1360 Luculenta
693 1312 869 1376 pariter
888 1321 1022 1373 sunt,
1049 1329 1153 1377 quae
1178 1315 1337 1360 Patres
1352 1312 1528 1360 habent
1539 1313 1597 1361 de
1617 1315 1896 1362 adstruenda

200 1392 471 1439 inconcussa
496 1388 602 1436 fidei
630 1389 852 1435 firmitate
879 1390 930 1435 in
955 1391 1092 1436 Petro
1116 1392 1307 1454 ejusque
1332 1390 1667 1438 successoribus
1684 1426 1696 1450 ,
1728 1408 1897 1456 expen-

202 1467 366 1516 dentes
400 1464 540 1513 verba
584 1464 756 1511 Christi
786 1466 924 1511 Joan.
960 1466 1080 1513 XXI.
1120 1466 1191 1511 Sic
1224 1465 1347 1513 inter
1382 1475 1561 1514 ceteros
1599 1467 1646 1513 S.
1689 1468 1897 1530 Augusti—

201 1560 290 1590 nus
325 1541 421 1605 (4),
459 1542 504 1588 S.
548 1542 778 1588 Maximus
818 1541 1115 1588 Taurinensis
1154 1542 1250 1606 (5),
1294 1559 1345 1589 ac
1384 1542 1549 1607 reliqui
1589 1544 1780 1602 Patres,
1819 1544 1899 1607 qui

201 1617 342 1666 simul
373 1621 661 1680 conjungere
690 1627 782 1665 tres
817 1617 1105 1681 evangelicos
1139 1617 1310 1665 relatos
1343 1628 1498 1665 textus
1530 1628 1897 1678 consueverunt,

201 1705 255 1742 ut
294 1697 431 1742 Petro
485 1697 674 1758 ejusque
717 1692 1055 1741 successoribus
1097 1700 1209 1741 tum'
1243 1695 1503 1760 primatum
1541 1695 1589 1741 in
1635 1695 1900 1742 universam

201 1770 478 1829 Ecclesiam,
515 1779 619 1817 tum
648 1769 939 1818 immobilem
968 1770 1017 1817 in
1053 1770 1145 1817 fide
1176 1771 1449 1818 firmitatem
1481 1770 1539 1818 ad
1570 1770 1814 1818 Ecclesiam
1850 1772 1899 1817 in

202 1846 366 1895 eadem
397 1846 490 1894 fide
519 1846 811 1893 solidandam
847 1846 1139 1894 vindicarent
1172 1847 1260 1910 (6).

259 2067 314 2120 (l)
343 2066 454 2106 Tom.
476 2079 545 2115 xn,
561 2064 616 2103 In
628 2063 772 2102 Matth.
788 2078 828 2102 n.
858 2077 870 2101 1
887 2064 1018 2103 1.edit.

202 2135 324 2174 Maur.
356 2147 443 2186 opp.
468 2141 560 2171 tom.
596 2144 661 2179 111,
698 2145 783 2182 pag.
811 2127 905 2168 526.
933 2129 1021 2168 Haec

203 2201 374 2253 Origenis
399 2199 507 2238 verba
537 2197 647 2250 paulo
679 2197 785 2235 aliter
813 2194 1022 2234 redduntur

205 2266 252 2304 ab
273 2268 427 2317 antiquo
450 2264 669 2315 intcrprete,
697 2274 829 2312 nempe
849 2274 860 2299 :
884 2261 1023 2299 Mani-

198 2334 342 2384 festum
365 2338 439 2378 est,
460 2332 554 2382 qnia
580 2342 649 2367 nec
673 2328 856 2367 adversus
876 2335 1023 2381 petram

203 2398 313 2437 ‘illam
329 2428 339 2446 ‚
362 2410 478 2449 super
504 2409 620 2447 quam
645 2394 863 2445 oedificatm·
887 2392 1022 2432 Eccle-

203 2466 283 2510 sia,
299 2477 369 2502 nec
383 2463 565 2502 adversus
583 2460 812 2508 Ecclesiam,
825 2474 910 2512 quae
922 2460 1020 2499 oedi-

198 2531 343 2582 fleatur
354 2542 470 2582 super
481 2527 707 2580 hujusmodi
711 2534 864 2579 petram
875 2556 886 2570 ‚
899 2535 1021 2579 portas

197 2595 465 2649 praevalebant
489 2594 718 2645 inferorum.
738 2591 815 2631 Cfr.
840 2592 936 2631 ibid.

261 2660 314 2712 (Ξ)
345 2660 395 2698 In>
414 2658 563 2697 Psalm.
577 2665 678 2696 cont.
687 2664 837 2709 partem
858 2655 1018 2696 Donati.

259 2724 314 2775 (3)
345 2725 452 2776 Apud
464 2724 599 2763 Baller.
614 2737 674 2776 op.
689 2725 750 2761 cit.
767 2736 851 2774 cap.·
867 2722 934 2770 15,
951 2721 1019 2775 §2-

209 2807 212 2809 “
259 2790 314 2842 (h)
346 2790 435 2829 Loc.
456 2792 520 2828 cit.
539 2790 604 2827 ubi
621 2789 775 2827 laudata
794 2788 1020 2827 Pontificum

206 2858 298 2896 serie
319 2856 475 2908 subjicit
499 2869 509 2893 z
535 2854 633 2908 Ipsa
649 2861 704 2892 est
710 2859 845 2906 petra,
862 2862 933 2892 etc.
946 2867 1020 2907 quo

206 2922 367 2963 ostendit
385 2935 462 2960 non
488 2921 534 2959 ad
551 2933 671 2959 unum
687 2919 857 2965 Petrum,
889 2920 953 2958 sed
978 2920 1025 2958 ad

208 2999 436 3028 successores
450 2987 560 3025 etiam
576 2986 691 3036 ipsius
704 2986 743 3022 in
762 2997 914 3024 romana
931 2983 1026 3024 Sede

1090 2077 1172 2102 eam
1203 2062 1339 2101 Christi
1378 2066 1658 2115 promissionem
1691 2066 1899 2116 pertinere,

1091 2131 1144 2167 uti
1171 2130 1340 2168 observat
1365 2129 1498 2169 Baller.
1518 2130 1592 2169 loc.
1617 2132 1680 2169 cit.

1148 2198 1197 2248 (5)
1215 2197 1333 2238 Serm.
1347 2212 1447 2247 mxiv,
1460 2213 1503 2237 ac
1515 2198 1578 2237 De
1588 2203 1669 2236 nat.
1681 2195 1714 2236 S
1716 2197 1759 2235 S.
1770 2197 1906 2251 Apost.

1093 2262 1203 2302 Petri
1225 2271 1262 2302 ee
1286 2261 1431 2311 Pauli,
1452 2278 1507 2311 ιν,
1528 2264 1615 2302 edit.
1641 2263 1752 2302 Rom.
1778 2261 1901 2317 1784,

1092 2331 1161 2369 col.
1188 2329 1284 2383 578.
1557 2369 1559 2371 ,

1148 2395 1203 2446 (6)
1233 2396 1345 2432 Plura
1370 2395 1440 2433 alia
1461 2395 1613 2433 Patrum
1635 2398 1674 2434 in
1695 2394 1804 2434 hunc
1821 2408 1906 2434 sen-

1092 2475 1175 2499 sum
1207 2468 1290 2499 test.
1332 2461 1402 2500 cfr.
1441 2462 1541 2513 apud
1570 2461 1703 2502 Bauer.
1730 2463 1804 2501 loc.
1843 2463 1905 2500 cit.

1090 2540 1240 2565 necnon
1260 2528 1359 2578 apud
1386 2527 1499 2566 Card.
1525 2526 1634 2576 Orsi,
1675 2527 1735 2566 De
1752 2527 1906 2578 irrefor-

1090 2578 1231 2630 mabili
1261 2605 1358 2631 rom.
1393 2592 1574 2645 Pontific.
1602 2594 1646 2630 in
1674 2590 1906 2644 definiendis

1085 2657 1183 2709 fidei
1200 2666 1428 2698 controvers.
1439 2658 1618 2711 judicio,
1637 2659 1763 2697 Romae
1779 2656 1880 2709 1739
1892 2686 1903 2704 ,

1091 2733 1185 2763 tom.
1210 2737 1262 2771 ιι,
1288 2724 1357 2763 lib.
1384 2738 1445 2771 iv,
1469 2738 1553 2777 cap.
1581 2737 1605 2764 α
1621 2753 1633 2773 ,
1660 2731 1729 2763 art.
1755 2735 1770 2759 1
1791 2735 1802 2771 ;
1832 2722 1902 2761 cfr.

1091 2791 1203 2829 etiam
1235 2787 1444 2830 Salmeron.
1479 2791 1627 2829 Comm.
1661 2789 1708 2827 in
1743 2785 1904 2839 Evanq.

1091 2854 1222 2894 Colon.
1234 2854 1381 2908 Agripp.
1394 2853 1496 2906 1604
1506 2883 1519 2904 ‚
1529 2863 1617 2893 tom.
1627 2865 1663 2892 xl
1675 2874 1694 2901 ‚>
1702 2861 1806 2891 tract.
1819 2865 1905 2900 xxx,

1091 2933 1176 2973 pag.
1198 2919 1279 2971 24²
1300 2930 1336 2960 et
1359 2935 1463 2974 seqq.
