2028 3354
162 220 253 266 172

642 242 797 272 TRACT.
836 244 890 273 nn
919 229 1043 277 'Locis
1077 248 1378 282 Tnnomcmls.

159 350 275 398 Cum
292 350 414 398 falsae
436 368 572 416 porro
592 352 686 399 sint
704 352 954 411 adversarii
971 360 1219 421 praemissae
1232 397 1244 420 7
1263 372 1392 428 patet
1409 399 1421 422 7
1446 380 1717 413 evanescere
1737 366 1833 425 ejus

157 426 522 485 conclusionem,
560 429 674 491 quin
703 429 876 477 diutius
897 431 945 477 in
968 431 1092 480 hisce
1113 434 1430 486 immoremur.

220 503 330 549 272.
375 502 442 549 Ad
458 503 542 563 6¹1²,
565 506 691 551 Dz'sc.
717 506 933 554 Miracula
948 507 1070 568 sola,
1096 518 1271 565 trans.;
1293 514 1524 577 miracula,
1545 531 1645 580 quae
1668 516 1717 562 in
1737 524 1833 563 tes-
1858 538 1861 541 ·

155 577 404 624 timonium
422 579 677 627 sanctitatis
702 591 948 646 patrantur
964 621 976 643 ,
999 602 1099 648 neq.
1121 587 1149 632 J
1152 603 1228 632 am
1249 603 1358 635 vero
1377 589 1661 638 Christianus
1679 593 1834 655 Lupus

154 653 220 699 nil
243 652 369 700 aliud
388 654 643 718 significare
672 657 876 705 intendit
892 695 904 718 7
943 677 1084 724 quam
1112 662 1237 726 quod
1263 663 1313 709 in
1341 666 1473 729 praxi
1493 666 1546 713 fit
1572 667 1622 713 in
1643 666 1835 714 Ecclesia

154 746 377 789 romana,
406 731 579 797 quippe
611 749 710 798 quae
740 751 837 790 non
871 746 1087 784 movetur
1109 737 1168 783 ad
1197 738 1514 788 decernendos
1536 742 1666 789 alicui
1686 760 1835 790 sacros

153 805 378 865 honores,
402 808 515 872 quin
534 809 662 873 prius
687 826 771 874 per
791 810 1118 874 rigidissimum
1145 830 1342 861 examen
1369 825 1468 862 tum
1493 817 1554 863 de
1581 817 1835 865 orthodoxa

154 885 249 944 ejus
264 881 472 930 doctrina
488 920 501 943 7
519 893 621 931 tum
643 885 701 932 de
726 886 899 934 virtute
921 887 969 933 in
985 887 1131 952 gradu
1154 890 1380 937 eminenti
1403 892 1545 958 plane
1562 893 1834 941 constiterit.

153 958 327 1023 Siquid
344 968 590 1026 propterea
610 962 897 1009 obstativum
905 997 922 1020 ,
942 973 994 1009 ut
1014 973 1181 1011 vocant
1197 1000 1210 1022 7
1229 966 1279 1011 in
1298 966 1519 1015 doctrinae
1540 985 1593 1015 ac
1612 969 1839 1017 virtutum

151 1051 368 1100 processu
391 1053 491 1084 sese
514 1037 680 1085 offerat
697 1074 709 1097 7
742 1038 938 1086 ulterius
965 1041 1254 1104 congregatio
1279 1059 1371 1089 sac.
1406 1044 1582 1090 rituum
1613 1062 1710 1091 non
1731 1061 1838 1109 pro·

151 1111 389 1174 greditur,
422 1129 723 1178 quaecumque
753 1114 945 1161 demum
975 1116 1304 1165 miraculorum
1338 1117 1653 1182 percrebuerit
1686 1120 1807 1165 fama
1825 1153 1838 1177 7

151 1196 292 1252 prout
323 1205 420 1235 non
458 1188 608 1236 solum
635 1191 685 1236 in
723 1189 923 1239 Roberto
955 1191 1227 1240 Licolniensi
1246 1229 1259 1253 7
1287 1193 1371 1241 sed
1407 1195 1455 1240 in
1493 1193 1706 1259 pluribus
1739 1195 1838 1240 aliis

151 1265 369 1312 usuvenit
391 1264 477 1327 (1).

217 1340 328 1388 273.
367 1340 436 1388 Ad
456 1342 550 1402 71¹³,
584 1342 705 1406 Ney.
730 1345 833 1390 Non
853 1343 1003 1390 solum
1034 1346 1160 1392 enim
1186 1346 1236 1391 in
1259 1346 1361 1394 loco
1385 1345 1444 1393 ab
1471 1346 1731 1394 adversario
1754 1345 1841 1393 ob·-

147 1419 271 1478 jecto
304 1416 467 1465 Baillet
496 1417 563 1464 nil
591 1419 818 1480 ejusmodi
844 1420 983 1480 dicit,
1015 1438 1179 1468 verum
1209 1422 1350 1468 etiam
1381 1422 1664 1469 contrarium
1703 1421 1841 1486 plane

153 1491 313 1539 scribit
335 1493 418 1557 (2).

217 1569 333 1617 274.
372 1570 443 1618 Ad
463 1571 530 1618 8m
548 1608 560 1631 7
583 1572 705 1619 Disc.
740 1573 929 1621 Fatetur
946 1572 1211 1634 Salmeron,
1232 1573 1343 1621 falsa
1365 1572 1582 1621 miracula
1610 1590 1743 1638 posse
1762 1591 1843 1639 pa·-

152 1646 267 1693 trari
283 1647 333 1693 in
351 1647 464 1695 falsa
483 1647 701 1710 Ecclesia,
720 1666 876 1704 conc.;
896 1666 1002 1698 vera
1020 1686 1032 1709 7
1053 1668 1156 1714 neq.
1181 1651 1300 1698 Nam
1317 1648 1405 1697 hoc
1422 1658 1688 1697 constanter
1706 1649 1844 1698 dene-

153 1730 230 1785 gat
260 1722 500 1771 Salmeron
525 1723 617 1787 (3),
645 1742 696 1772 ac
716 1743 801 1790 pro
822 1734 948 1772 certo
980 1727 1172 1772 assumit
1192 1761 1204 1785 7
1228 1726 1416 1773 nonnisi
1445 1726 1495 1772 in
1512 1743 1622 1774 vera
1646 1724 1843 1773 Ecclesia

154 1814 263 1846 vera
284 1798 359 1847 edi
387 1799 606 1847 miracula
634 1818 767 1866 posse
797 1800 894 1865 (4);
930 1818 1074 1866 eaque
1094 1802 1423 1849 commendare
1448 1801 1743 1848 sanctitatem·
1763 1794 1842 1849 eo·

211 1941 265 1993 (1)
295 1942 391 1982 Sanc
409 1942 639 1982 Christianus
650 1943 788 1995 Lupus,
807 1943 877 1982 loc.
893 1944 957 1982 cit.

154 2014 282 2059 praetcr
320 2008 531 2061 exemplum
564 2008 714 2046 Roberti
754 2009 857 2061 plura
889 2009 960 2046 alia

155 2073 331 2121 adducit,
352 2086 434 2126 quae
464 2075 560 2112 nihil
589 2074 729 2112 habent
763 2088 961 2113 commune

154 2151 241 2176 cum
269 2141 495 2190 oppositione
519 2139 565 2177 ad
582 2138 700 2177 Rom.
734 2139 930 2178 Pontifices
947 2169 957 2185 7

155 2215 238 2256 quae
251 2211 377 2243 tamen
389 2204 615 2243 adversarius
627 2203 832 2242 dissimulat
848 2232 859 2251 ‚
873 2206 959 2256 quia

155 2283 231 2307 non
248 2270 486 2309 conferebant
507 2269 555 2308 ad
579 2283 731 2320 scopum
749 2283 878 2315 suum.

212 2334 266 2387 (Ξ)
290 2335 372 2388 Agit
399 2337 500 2375 enim
535 2338 576 2375 in
607 2337 755 2389 objecto
794 2336 873 2374 loco
914 2336 960 2375 de

155 2400 320 2449 Sanctis,
339 2404 404 2453 qui
428 2402 613 2440 schismati
638 2401 815 2440 materiali
844 2401 963 2439 adhae-

156 2474 295 2506 serunt.
318 2467 460 2507 Verum
495 2469 588 2507 illud
612 2469 724 2519 magis
754 2469 880 2505 mirari
901 2481 962 2505 su-

156 2532 236 2571 best
251 2562 261 2580 7
285 2533 386 2585 quod
399 2534 553 2582 Palmer,
573 2547 656 2584 pag.
680 2530 753 2582 143
768 2562 778 2580 7
800 2540 876 2571 not.
892 2533 957 2582 (ι),

157 2598 315 2637 adducat
342 2602 599 2638 auctoritatem
621 2597 753 2636 Baillet
783 2611 826 2636 cx
857 2601 962 2637 testi*

158 2666 284 2702 monio
321 2662 405 2701 Van
443 2664 591 2716 Espenii
617 2664 658 2701 in
694 2661 792 2701 Jure
817 2675 957 2702 canon.

157 2737 251 2781 part.
278 2741 311 2776 1,
333 2730 389 2767 tit.
411 2741 483 2766 xxn
501 2759 511 2777 ,
535 2742 618 2781 cap.
639 2741 661 2780 7
680 2758 691 2777 7
717 2735 805 2767 sect.
833 2741 853 2781 7
874 2742 885 2779 3
909 2737 961 2768 at-

158 2803 283 2833 tamen
314 2808 391 2833 non
423 2795 541 2832 solum
589 2796 630 2832 in
669 2795 734 2833 cit.
771 2802 859 2834 sect.
897 2794 959 2833 sed

159 2873 280 2913 neque
301 2861 342 2898 in
364 2855 440 2898 toto
460 2861 578 2912 capite
597 2859 712 2898 ullam
739 2857 822 2897 Van
838 2858 963 2912 Espcn

160 2927 388 2965 mentionem
406 2925 493 2964 facit
504 2925 645 2963 Bailleti
659 2952 672 2973 ,
691 2923 817 2963 saltem
837 2927 876 2963 in
890 2925 965 2963 edi-

160 2993 259 3031 tione
276 2992 371 3044 ,quii
384 2999 489 3042 utor,
508 3003 593 3043 quae
617 2998 671 3029 est
691 2990 829 3029 Lovan.
851 3003 966 3044 ¹7⁰0·

169 3057 287 3097 Multo
298 3072 382 3098 vero
393 3059 516 3098 minus
527 3057 620 3097 ibid.
633 3059 881 3109 reperiuntur,
890 3069 971 3110 quae

1031 1943 1176 1982 Palmer
1199 1944 1372 1982 adscribit
1391 1943 1559 1983 Bailleto.

1082 2008 1141 2059 (3)
1170 2009 1246 2046 Cfr.
1270 1997 1349 2061 ejus
1381 2009 1593 2048 Commeat.
1620 2008 1665 2046 in
1683 2019 1844 2059 evanqe·

1029 2073 1145 2112 licam
1174 2073 1262 2111 hist.
1285 2073 1421 2111 Colon.
1445 2074 1594 2125 Agripp.
1620 2087 1682 2111 an.
1714 2070 1810 2110 1602
1831 2101 1842 2119 ,

1031 2134 1124 2177 tom.
1153 2152 1206 2184 iv,
1235 2153 1315 2190 par.
1338 2152 1392 2186 ιι,
1424 2146 1532 2176 tract.
1564 2150 1587 2175 2
1603 2167 1614 2185 7
1633 2151 1717 2189 pag.
1740 2134 1815 2174 262
1831 2164 1844 2185 ‚

1030 2205 1102 2243 col.
1129 2218 1168 2252 2,
1193 2205 1258 2242 ubi
1288 2217 1397 2256 agens
1422 2204 1467 2242 de
1480 2202 1682 2249 haereticis,
1702 2203 1767 2254 qui
1784 2216 1843 2240 re-

1030 2270 1117 2308 licto
1150 2282 1236 2308 vero
1260 2270 1404 2308 Christo
1428 2282 1566 2307 novum
1592 2267 1662 2306 sibi
1689 2267 1843 2307 effinxe-

1031 2343 1117 2373 runt
1131 2362 1145 2384 ‚
1170 2334 1297 2374 subdit
1320 2348 1332 2373 :
1355 2334 1463 2373 Nam
1484 2336 1555 2372 iste
1573 2346 1705 2372 eorum
1722 2346 1843 2371 novus

1035 2399 1211 2438 Christus
1254 2401 1355 2437 sicut
1397 2397 1551 2437 nullum
1583 2399 1844 2436 testimonium

1032 2464 1143 2503 habet
1174 2478 1198 2502 a
1240 2464 1411 2503 doctrina
1439 2463 1666 2517 prophetica
1690 2469 1728 2502 et
1755 2476 1845 2516 apo·

1029 2530 1161 2569 stolica
1180 2531 1292 2582 (nam
1313 2530 1373 2569 illi
1394 2539 1574 2583 repugnat
1603 2538 1638 2569 et
1655 2528 1839 2569 contradi-

1031 2600 1129 2649 cit),
1152 2597 1301 2635 nullum
1324 2596 1555 2635 miraculum
1580 2598 1708 2648 potuit
1733 2593 1840 2645 apud

1035 2677 1097 2702 eos
1119 2663 1243 2703 edere.

1084 2729 1256 2782 (14)T0m.
1270 2744 1321 2779 ix,
1334 2737 1384 2769 tr.
1395 2729 1440 2770 51
1451 2759 1461 2777 ,
1472 2743 1554 2780 pag.
1568 2724 1663 2777 406,
1673 2725 1802 2764 scribit
1821 2756 1830 2773 ‚

1033 2791 1209 2835 miracula
1224 2826 1234 2844 ,
1256 2796 1303 2834 de
1322 2796 1459 2848 quibus
1473 2795 1635 2846 loquitur
1647 2790 1815 2829 Christus
1829 2820 1839 2838 7

1036 2860 1169 2900 Matth.
1196 2875 1281 2900 xxiv
1296 2892 1308 2911 7
1326 2869 1362 2899 et
1376 2859 1569 2909 Apostolus
1581 2870 1607 2895 ιι
1618 2856 1749 2896 Thess.
1784 2869 1813 2895 11
1830 2886 1840 2903 7

1038 2927 1116 2964 fore
1123 2925 1224 2976 falsa
1242 2923 1436 2963 miracula
1456 2952 1467 2970 ,
1487 2922 1628 2961 edenda
1644 2936 1776 2973 nempe
1797 2921 1845 2960 ab

1039 2991 1264 3030 Antichristo
1308 2991 1461 3041 ejusque
1501 2987 1657 3026 asseclis.
1704 2985 1846 3040 Quippe

1043 3068 1175 3094 verum
1195 3057 1352 3106 siqnum
1372 3066 1396 3093 α
1410 3051 1486 3092 solo
1507 3052 1592 3093 Deo
1607 3053 1697 3104 fieri
1710 3057 1845 3104 potest.
