2028 3354
157 222 265 288 Δ162

643 228 800 260 TRACT.
839 227 892 255 DE
928 226 1049 256 LOCIS
1085 223 1390 256 THEOLOGICIS.

172 356 366 404 dicatur.
392 350 641 397 Innumera
660 358 771 390 vero
789 339 1051 399 commoda,
1069 354 1170 403 quae
1182 356 1239 386 ex
1252 334 1676 385 sanctimonialium
1692 333 1864 398 pietate

172 441 221 481 et
246 427 469 478 charitate
491 419 566 468 vel
584 420 682 484 ipsa
710 417 904 464 societas
928 414 1115 479 politica
1140 415 1319 462 derivat
1337 450 1349 472 .‚
1376 411 1618 459 notissima
1645 418 1757 457 sunt
1775 445 1787 469 ,
1813 426 1865 457 ac

173 525 269 556 non
296 499 438 550 semel
462 494 829 544 acatholicorum
860 490 1085 538 invidiam
1112 490 1373 536 excitarunt
1399 491 1415 536 (
1424 490 1487 550 1).

238 580 350 627 262.
391 574 461 624 Ad
487 573 550 620 3¹¹¹
570 608 581 630 ,
610 573 731 618 Dz'sc.
759 566 987 617 Nonnulli
1005 565 1274 619 Pontifices,
1299 572 1378 610 aut
1398 564 1538 611 etiam
1560 561 1769 628 Episcopi
1792 560 1869 608 de-

175 672 364 723 generes
388 652 578 699 fuerunt
594 683 608 708 ‚
629 664 755 694 conc.
774 653 914 709 ‚·quot
935 641 1223 707 amplificant
1251 642 1563 687 protestantes
1577 675 1589 698 ,
1611 656 1712 702 neq.
1734 636 1870 684 Haud.

177 730 544 785 dissimulamus„
572 722 825 771 nonnullos
849 720 1054 767 extitisse
1079 718 1323 764 Pontifices
1339 752 1351 773 ,
1381 714 1460 779 qui
1494 732 1578 779 pro
1601 723 1871 779 temporum

176 809 438 859 calamitate
465 803 679 849 humanae
693 795 953 845 infirmitati
976 793 1325 851 succubuerint,
1347 808 1402 838 ex
1421 790 1474 836 iis
1496 791 1770 854 praesertim,
1792 788 1871 853 qui

176 887 433 934 factionum
461 879 508 927 vi
535 878 584 923 in
607 875 730 923 Petri
755 872 1025 920 cathedram
1053 868 1446 916 obtrudebantur.
1487 867 1655 913 Verum
1678 875 1872 930 praeter«

178 978 320 1028 quam
347 956 473 1024 quod
496 954 637 1001 Petri
660 952 875 1014 digym'tas
900 951 955 994 in
979 947 1184 1009 indiqno
1213 944 1394 992 haerede
1418 960 1512 990 non
1546 943 1725 1004 deficit,
1741 945 1874 1003 juxta

176 1037 450 1106 praeclarum
475 1033 521 1078 S.
543 1029 706 1076 Leonis
721 1026 914 1074 effatum
932 1023 1006 1087 (2)
1026 1059 1038 1082 .,
1060 1019 1327 1087 paucissimi
1342 1018 1393 1064 hi
1414 1026 1540 1076 sunt,
1567 1018 1606 1064 si
1629 1034 1735 1064 cum
1763 1016 1878 1063 serie

177 1123 249 1162 tot
269 1110 547 1161 Pontificum
564 1111 914 1169 comparentur,
941 1099 1021 1164 qui
1045 1107 1092 1145 et
1110 1097 1296 1146 virtutis
1310 1103 1355 1141 et
1376 1093 1596 1140 doctrinae
1618 1093 1755 1139 laude
1775 1109 1878 1139 eam

175 1190 340 1257 quovis
358 1184 512 1234 seculo
533 1181 832 1229 illustrarunt
852 1176 942 1239 (3).
966 1173 1100 1232 Quod
1120 1190 1229 1221 vero
1244 1171 1421 1217 dictum
1440 1178 1509 1216 est
1530 1169 1586 1215 de
1608 1171 1742 1215 Rom.
1761 1170 1878 1214 Pon-

177 1265 379 1315 tificibus
403 1298 414 1321 ,
453 1259 608 1307 debita
632 1254 935 1322 proportione
960 1253 1098 1297 etiam
1123 1248 1180 1296 de
1204 1246 1441 1313 Episcopis
1457 1281 1469 1304 ,
1501 1246 1679 1291 ratione
1708 1259 1879 1307 nempe

179 1343 341 1392 habita
382 1337 441 1386 ad
476 1336 666 1383 illorum
709 1328 1062 1379 multitudinem
1077 1362 1091 1387 ,
1132 1323 1355 1372 affirmari
1395 1321 1552 1369 debet.
1596 1318 1881 1368 Sanctissimi

180 1416 404 1468 Praesules
434 1427 678 1476 nunquam
711 1425 809 1454 non
840 1404 1101 1451 floruerunt
1132 1402 1181 1447 in
1207 1399 1404 1447 Ecclesia
1431 1399 1514 1445 Dei
1538 1396 1625 1459 (4).
1656 1396 1784 1443 Idem
1807 1395 1882 1442 di-

126 1552 131 1554 ,
180 1493 381 1543 cendum
405 1489 463 1536 de
492 1483 815 1534 Sacerdotibus
831 1517 844 1540 ,
873 1480 988 1545 quin
1012 1477 1225 1544 pluribus
1252 1476 1340 1522 hoc
1366 1482 1697 1538 argumentum
1717 1487 1879 1537 perse-

185 1586 400 1637 quamul'.

243 1714 294 1764 (1)
324 1711 461 1764 Ecquis
476 1707 631 1746 summis
657 1702 829 1742 laudibus
845 1713 922 1738 non
939 1712 1001 1737 ce-

195 1780 353 1819 lebravit
377 1787 520 1814 sorores
535 1803 545 1820 ,
579 1783 669 1823 quas
699 1776 831 1807 vocant
852 1766 897 1803 de
911 1764 1001 1803 cha-

190 1847 326 1892 ritate,
354 1841 539 1891 religiosas
561 1851 586 1875 a
620 1836 664 1874 S.
683 1832 829 1874 Ursula
853 1845 1001 1869 nuncu-

193 1919 297 1964 patas
316 1937 328 1959 ,
365 1907 456 1945 honi
481 1902 652 1956 pastoris
673 1931 683 1948 ,
713 1908 754 1937 ut
783 1899 916 1937 eximia
935 1896 1004 1933 alia

195 1976 362 2015 instituta
374 2000 387 2021 ‚
405 1970 541 2023 quibus
553 1968 684 2006 referta
699 1973 750 2004 est
766 1964 926 2002 Ecclesia
939 1975 1002 1999 ca-

197 2041 359 2087 tholica,
394 2036 538 2075 silentio
567 2033 812 2085 praeteream?
840 2028 937 2080 Quot
965 2029 1005 2064 in

196 2105 386 2153 Africam,
422 2101 464 2139 in
496 2099 701 2137 Americam
718 2126 728 2143 ,
764 2095 860 2134 inter
884 2092 1005 2146 sylve-

200 2179 290 2210 stres
313 2177 349 2209 et
371 2167 543 2207 barbaras
562 2171 686 2216 gentes
709 2176 747 2200 se
768 2174 815 2199 ex
834 2161 893 2198 his
908 2172 1007 2197 acon-

196 2237 364 2276 tulerunt
392 2263 403 2283 ,
441 2240 482 2271 ut
514 2231 647 2283 partim
686 2227 865 2279 sequioris
902 2238 1007 2263 sexus

154 2338 159 2341 ⁴
202 2301 426 2341 institutioni
444 2327 455 2346 ‚
472 2298 606 2349 partim
619 2293 840 2332 nosocomiis
850 2304 887 2328 se
903 2304 1009 2327 man-

201 2370 389 2419 ciparent,
425 2372 460 2403 et
485 2361 659 2402 omnibus
683 2389 693 2406 ‚
722 2370 873 2411 quoquo
896 2356 1006 2393 modo

200 2439 373 2485 possent,
402 2429 587 2481 suppetias
616 2426 777 2471 ferrent,
805 2422 936 2474 puellae
967 2429 1007 2459 ut

200 2496 404 2550 plurimum
429 2495 561 2532 divites
580 2520 590 2538 ,
619 2489 762 2528 nobiles
776 2517 787 2535 ,
821 2487 980 2525 delicata}
994 2516 1004 2533 ‚

200 2577 246 2602 ex
259 2563 332 2601 sola
350 2562 527 2599 charitate
540 2560 579 2595 in
599 2556 720 2594 Deum
731 2561 767 2592 et
778 2552 1007 2604 proximum?

200 2628 304 2667 Talia
330 2624 496 2675 exempla
513 2622 696 2674 proferant
722 2626 958 2671 protestantes
973 2626 1009 2655 et

198 2692 393 2733 acatholici
424 2689 626 2727 universim
646 2716 657 2733 ,
683 2687 712 2723 si
741 2692 915 2736 possunt3
941 2697 1008 2722 nos

199 2759 303 2811 plura
325 2754 440 2794 millia
461 2765 735 2791 enumeramus.

256 2821 313 2874 (Ξ)
343 2821 458 2860 Serm.
484 2832 525 2855 ni
545 2848 556 2865 ,
583 2815 640 2854 De
660 2813 798 2854 Natali
809 2815 934 2866 ipsius
949 2827 1006 2861 ιιι,

202 2903 285 2941 cap.
312 2887 350 2939 4.
369 2886 462 2924 edit..
489 2882 667 2921 Ballerin.

255 2944 315 3006 (3)
345 2952 479 2991 Divina
515 2948 677 3001 profecto
701 2946 935 2984 Providentia
961 2945 1010 2982 fa-

197 3028 298 3058 ctum
320 3027 397 3066 est,
430 3023 470 3054 ut
489 3017 583 3053 inter
603 3010 682 3052 258
703 3011 898 3050 Pontifices
913 3038 924 3054 ‚
947 3010 1012 3063 qui

1075 1711 1095 1734 a
1118 1695 1158 1734 S.
1184 1695 1289 1733 Petro
1322 1692 1369 1730 ad
1404 1691 1620 1742 Gregorium
1661 1703 1722 1728 xvi
1759 1689 1882 1728 sedem

1077 1758 1315 1812 apostolicam
1352 1759 1492 1809 ingenti
1541 1756 1632 1794 xvni
1677 1755 1884 1794 seculorum

1076 1827 1181 1877 lapsu
1210 1830 1437 1875 occuparunt
1453 1852 1463 1869 ‚
1488 1824 1548 1860 vix
1563 1822 1689 1859 decem
1707 1820 1789 1872 plus
1813 1822 1886 1858 mi-

1078 1904 1148 1929 nus
1161 1893 1424 1933 numerentur,
1445 1901 1604 1940 quorum
1622 1889 1693 1924 vita
1706 1886 1887 1924 maculata

1077 1956 1188 1995 fuerit
1203 1984 1214 2002 ,
1241 1958 1380 2007 quique
1402 1962 1441 1992 ut
1463 1953 1666 2004 plurimum
1682 1951 1887 1990 factionum

1078 2023 1326 2074 ingruentium
1352 2033 1460 2071 opera
1483 2019 1530 2056 ad
1558 2018 1652 2057 Petri
1675 2017 1888 2056 cathedram

1076 2089 1190 2126 evecti
1212 2093 1298 2125 sunt
1316 2098 1328 2135 ς
1347 2084 1416 2122 sub
1438 2082 1577 2135 quibus
1591 2091 1716 2121 tamen
1737 2081 1888 2119 nullum

1077 2167 1245 2206 unquam
1276 2151 1367 2191 fides
1396 2164 1500 2202 passa
1525 2158 1579 2188 est
1607 2150 1887 2187 detrimentum.

1078 2219 1116 2258 Si
1143 2220 1227 2272 quis
1264 2217 1419 2256 aliorum
1455 2215 1667 2272 Principum
1692 2214 1891 2251 successio-

1077 2300 1142 2325 nes
1165 2315 1177 2333 ,
1201 2285 1403 2337 praesertim
1435 2282 1692 2320 haereticorum
1706 2308 1718 2328 ,
1748 2293 1887 2331 expen-

1078 2351 1180 2390 deret
1198 2379 1208 2397 ‚
1243 2363 1358 2402 eaque
1383 2349 1569 2386 severitate
1596 2348 1636 2383 in
1660 2345 1889 2397 singulorum

1078 2425 1174 2470 gesta
1196 2419 1421 2469 inquireret,
1441 2428 1514 2466 qua
1539 2413 1759 2465 inquisitum
1780 2415 1837 2450 est
1850 2412 1890 2448 in

1078 2483 1289 2536 gestaRom.
1302 2480 1540 2527 Pontificum,
1553 2485 1653 2518 certe
1668 2477 1775 2529 longe
1785 2474 1888 2516 aliud

1079 2548 1330 2601 spectaculum
1347 2545 1402 2584 illi
1420 2560 1499 2584 sese
1519 2543 1667 2584 offerret
1682 2545 1777 2581 intra
1799 2554 1890 2593 pau-

1077 2628 1206 2655 corum
1229 2613 1436 2652 seculorum
1460 2618 1634 2650 tractum.
1651 2609 1789 2647 Verum
1808 2606 1889 2643 haec

1080 2681 1204 2718 omnia
1218 2679 1395 2718 levissimi
1419 2677 1571 2729 quidam
1594 2682 1757 2713 auctores
1784 2671 1891 2709 dissi-

1080 2746 1244 2789 mulant,
1267 2753 1308 2782 ut
1332 2743 1439 2782 nobis
1467 2740 1737 2780 nonnullorum
1767 2750 1892 2774 roma-

1081 2826 1216 2850 norum
1262 2810 1465 2849 Praesulum
1507 2804 1678 2845 scandala
1716 2810 1892 2854 perpetuo

1081 2877 1299 2917 obtrudant.
1314 2875 1451 2914 Odium
1465 2871 1657 2910 excaecavit
1672 2882 1734 2907 cor
1748 2881 1891 2907 eorum.

1139 2941 1195 2993 (4)
1222 2942 1271 2980 Ut
1301 2941 1469 2979 sistamus
1492 2937 1532 2974 in
1551 2933 1770 2973 Praesulibus
1786 2962 1797 2981 ,
1830 2932 1896 2985 qui

1086 3016 1171 3061 post
1192 3002 1489 3046 reformationem
1515 3002 1555 3039 in
1580 2998 1742 3039 Ecclesia
1760 2998 1895 3037 florue-
