2028 3354
508 210 633 241 mar.
671 210 706 239 1.
744 209 840 240 cAr.
878 208 947 239 111.
987 208 1041 238 mi
1077 205 1292 238 noeinsm
1324 207 1466 238 nous.
1743 191 1836 239 201

204 330 317 377 311.
356 328 426 376 Ad
453 328 519 376 8ω
535 366 549 389 .,
575 328 693 393 Neq.
716 328 901 376 Etenim
921 327 1009 375 hoc
1027 327 1128 392 ipso
1147 325 1437 375 innovarunt
1455 362 1467 386 7
1499 323 1840 391 quodconten-

136 406 314 464 derint7
336 405 571 454 Christum
590 405 844 452 instituisse
871 404 1117 453 Ecclesiam
1139 401 1410 468 acephalam
1428 438 1440 461 7
1463 410 1687 465 negantes
1707 396 1837 450 Petri

137 498 190 528 ac
215 481 411 547 proinde
431 483 563 529 Rom.
591 482 868 528 Pontificum
893 481 1150 546 primatum
1176 479 1236 527 de
1254 479 1360 541 jure
1380 479 1558 527 divino.
1576 478 1757 526 Verum
1780 478 1842 527 de:

139 557 228 604 hoc
252 566 527 620 argumento
550 557 718 604 idoneo
738 557 853 604 loco.

202 632 312 680 312.
353 633 424 681 Ad
445 635 526 694 9¹1¹,
551 636 678 681 Dist.
704 633 756 680 Id
776 641 860 691 est,
885 628 1101 678 nonnulli
1122 628 1335 695 Episcopi
1358 645 1443 693 per
1459 646 1692 676 summam
1714 631 1842 694 igna-

136 710 260 758 viam
289 718 337 757 et
360 710 746 768 assentationem,
775 717 878 754 tum
897 704 1153 752 honoribus
1177 704 1342 765 illecti,
1369 713 1475 750 tum
1497 705 1637 752 minis
1659 707 1840 768 territi,

134 785 398 850 proditores
416 786 521 832 facti
545 795 655 832 sunt
673 800 817 831 causae
836 781 1073 829 catholicae
1088 817 1101 840 ,
1126 797 1277 836 cone.,·
1290 799 1346 829 ex
1369 797 1478 830 vera
1497 782 1805 845 persuasione
1818 819 1831 842 7

134 862 440 925 ney.Notoriae
453 870 561 908 sunt
571 870 691 907 artes
705 858 1162 923 machinationesque
1175 875 1356 918 omnes,
1372 856 1541 922 quibus
1556 856 1839 921 gubernium

136 938 365 984 russicum
396 954 531 984 usum
554 945 622 983 est
644 935 705 982 ad
734 935 1086 998 graecos-unitos
1119 933 1450 982 convellendos
1473 933 1532 980 ab
1555 934 1739 982 unitate
1767 952 1837 982 ca·

137 1013 319 1060 tholicae
333 1013 540 1060 Ecclesiae
555 1021 693 1076 atque
712 1011 770 1058 ad
786 1011 983 1058 schisma
1003 1010 1360 1076 pertrahendos.
1380 1009 1583 1057 Publicae
1594 1011 1706 1057 item
1722 1020 1834 1058 sunt

137 1090 477 1154 persecutiones
497 1088 814 1147 atrocissimae,
835 1086 1069 1135 violentiae
1090 1095 1265 1151 apertae
1284 1095 1331 1134 et
1349 1086 1582 1145 crudeles,
1600 1085 1838 1134 bonorum

142 1165 500 1230 expoliationes,
522 1164 676 1223 exilia,
706 1163 875 1229 quibus
903 1163 1082 1210 nobiles
1104 1164 1388 1211 confessores
1407 1162 1596 1210 obnoxii
1614 1164 1807 1211 fuerunt
1821 1199 1835 1225 ‚

136 1259 191 1289 eo
214 1240 337 1306 quod
358 1259 543 1288 causam
560 1241 730 1288 Christi
761 1241 957 1305 prodere
982 1239 1165 1287 nollent
1193 1238 1286 1303 (l).
1311 1240 1378 1287 Ne
1397 1238 1481 1286 hos
1508 1240 1835 1301 imitarentur,

137 1316 415 1364 maluerunt
432 1318 588 1381 ignavi
608 1317 673 1363 illi
699 1318 908 1382 Episcopi
931 1318 1106 1364 avitam
1125 1316 1337 1363 deserere
1365 1314 1533 1375 fidem,
1561 1325 1607 1364 et
1629 1316 1839 1366 occidere

135 1393 315 1441 animas
341 1411 446 1440 suas
469 1410 752 1457 suorumque
780 1392 1073 1440 subditorum
1091 1429 1103 1451 a
1138 1410 1279 1457 quam
1302 1391 1484 1457 adeptis
1504 1392 1760 1441 honoribus
1791 1403 1839 1442 et

136 1469 393 1515 commodis
414 1470 640 1514 nuncium
659 1469 898 1516 remittere
914 1506 925 1528 7
943 1469 1022 1534 qui
1035 1466 1147 1513 olim
1170 1468 1434 1515 animarum
1456 1479 1721 1516 nostrarum
1736 1471 1839 1535 Epi-

136 1560 297 1607 scopo7
320 1544 505 1590 Christo
533 1544 733 1603 scilicet,
759 1545 989 1592 rationem
1022 1543 1299 1608 proditionis
1330 1560 1422 1591 suae
1454 1553 1566 1591 sunt
1587 1545 1833 1593 reddituri.

137 1620 311 1667 Motiva
332 1656 344 1679 ‚
378 1636 479 1684 quae
510 1621 584 1666 isti
622 1620 837 1668 homines
872 1620 933 1667 ad
960 1637 1090 1667 suam
1124 1621 1401 1685 apostasiam
1442 1621 1837 1670 cohonestandam

136 1697 186 1743 in
209 1695 418 1744 medium
449 1696 781 1761 protulerunt.
810 1715 907 1744 non
938 1705 1048 1744 sunt
1067 1697 1157 1743 nisi
1177 1697 1525 1761 integumenta,
1558 1715 1662 1763 quae
1684 1715 1859 1764 neque·

137 1773 289 1819 Deum
318 1789 471 1837 neque
498 1772 712 1820 homines
733 1772 891 1821 fallere
910 1781 1124 1839 possunt.
1156 1771 1286 1820 Idem
1316 1772 1404 1820 dici
1433 1773 1574 1821 debet
1595 1774 1655 1821 de
1675 1775 1839 1838 fictitio

136 1848 216 1895 illo
248 1849 445 1914 supplici
475 1848 635 1896 libello
671 1867 763 1896 una
809 1867 915 1896 cum
947 1851 1149 1913 benique
1181 1849 1421 1915 rescripto.
1455 1850 1535 1896 Isti
1562 1859 1684 1897 certe
1710 1868 1838 1896 nun-

138 1943 281 1991 quam
302 1926 514 1990 legerunt
537 1928 586 1973 in
608 1926 856 1991 Evangelio
882 1945 892 1973 :
915 1927 1063 1975 Nihil
1087 1934 1154 1973 est
1174 1935 1414 1989 opertum,
1432 1928 1562 1990 quod
1580 1944 1676 1974 non
1698 1944 1836 1975 reve-

139 2004 326 2049 labitur
342 2039 354 2062 .,
376 2012 420 2049 et
438 2005 668 2050 occultum
688 2040 700 2063 ,
721 2005 850 2066 quod
874 2020 967 2050 non
990 2007 1169 2050 scietur
1187 2002 1258 2068 (2)
1272 2021 1288 2055 ,·
1311 2011 1392 2049 aut
1416 2001 1535 2049 illud
1560 2020 1570 2048 t
1598 2003 1840 2051 Attendite

138 2098 171 2126 a
179 2082 415 2143 fermento
429 2082 786 2144 pharisaeorum
800 2115 817 2139 ,
843 2082 972 2144 quod
978 2088 1045 2128 est
1060 2080 1326 2144 hypocrisis
1339 2079 1427 2146 (3).
1442 2078 1681 2127 Mendacia
1698 2097 1839 2146 porro

194 2274 247 2324 (l)
277 2275 356 2315 cfr.
382 2290 464 2330 quae
494 2278 705 2328 scripsimus
729 2276 775 2314 de
806 2275 952 2315 saevitiis
1018 2281 1216 2324 catorum,
1257 2289 1380 2313 unum
1403 2273 1537 2327 palam
1563 2275 1831 2323 etz-viantium,

142 2342 381 2389 omnimodis,
394 2358 484 2396 quas
507 2344 669 2383 exercuit
682 2351 718 2381 et
737 2351 881 2382 exercet
897 2357 953 2381 re-
1018 2339 1178 2379 alterum
1212 2341 1301 2392 fiete
1324 2339 1679 2393 fraudulenterque
1717 2338 1831 2378 blan-

142 2406 266 2456 gimen
293 2409 474 2446 russicam
503 2409 677 2448 adversus
718 2407 916 2447 catholicos
938 2437 950 2455 ‚
1017 2406 1221 2447 clientium.
1244 2406 1387 2445 Contra
1414 2412 1617 2457 utrumque
1641 2418 1711 2442 ἠοε
1743 2418 1832 2444 ηια-

143 2477 185 2509 ut
210 2484 270 2509 eos
295 2471 455 2511 abducat
481 2474 527 2512 ab
549 2476 690 2513 unitate
705 2480 741 2513 et
768 2474 953 2525 pertrahat
1018 2473 1103 2510 nire
1120 2481 1233 2524 atque
1257 2472 1459 2510 instituere
1480 2470 1606 2509 volens
1629 2468 1824 2520 Salvator,

141 2536 188 2575 ad
208 2537 385 2583 schisma,
406 2552 552 2576 necnon
563 2539 730 2590 exempla
753 2539 956 2577 christianae
1020 2543 1055 2574 et
1077 2551 1195 2590 supra
1220 2538 1268 2576 ab
1295 2537 1494 2590 hypocrisi
1511 2536 1797 2589 pharisaeorum
1819 2565 1831 2584 ‚

144 2602 388 2650 fortitudinis,
417 2616 498 2655 quae
519 2602 758 2654 praebuerunt
774 2604 896 2656 plures
911 2617 956 2642 ex
1021 2609 1055 2641 et
1072 2602 1135 2642 hio
1151 2618 1175 2642 a
1190 2603 1420 2654 carnificum
1443 2602 1737 2655 coedepraecipit
1752 2614 1831 2640 non

141 2667 227 2719 ipsis
239 2697 250 2716 ‚
274 2669 314 2707 in
329 2677 436 2715 tract,
452 2667 509 2707 De
524 2666 775 2708 Matrimonia
787 2698 801 2719 ,
816 2684 896 2721 cap.
911 2667 952 2720 4,
1021 2668 1150 2724 timere
1162 2699 1173 2719 ‚
1195 2670 1291 2722 quia
1314 2667 1486 2707 videlicet
1497 2674 1587 2721 post
1598 2674 1754 2706 mortem
1767 2679 1838 2705 nee
1882 2672 1885 2677 '

144 2731 209 2771 ubi
233 2734 430 2785 agebamus
454 2735 500 2773 de
530 2736 773 2774 matrimoniis
810 2736 952 2774 mixtis.
1021 2732 1154 2772 horum
1183 2733 1391 2773 crudelitas
1421 2747 1493 2773 nec
1518 2733 1674 2772 illorum
1710 2732 1837 2771 valeat

200 2797 251 2848 (2)
281 2799 417 2840 Matth.
440 2814 464 2838 x
481 2830 492 2848 ‚
520 2798 588 2838 25.
1020 2799 1213 2839 simulatio
1238 2800 1392 2838 durare.
1420 2799 1588 2851 Utroque
1613 2799 1833 2850 persecutio-

194 2860 249 2912 (3)
277 2864 371 2905 Luc.
395 2877 448 2905 ¹1¹
464 2894 475 2915 ‚
514 2879 547 2904 1.
575 2865 619 2903 In
647 2879 727 2918 quae
760 2864 954 2904 Salvator-is
1022 2874 1113 2903 num
1139 2855 1273 2917 genere
1294 2864 1413 2903 utitur
1431 2866 1595 2917 regimen
1616 2865 1829 2910 russicam3

144 2932 253 2970 verba
267 2939 375 2971 notus
397 2940 451 2971 est
469 2932 756 2971 commentarius
771 2931 866 2970 Ven.
885 2931 954 2971 Be·
1022 2938 1195 2970 neutrum
1213 2945 1321 2983 porro
1351 2932 1542 2970 sustinere⁴
1562 2928 1761 2968 valuerunt
1776 2927 1832 2978 ig-

143 2997 201 3035 dae
225 3010 237 3036 ς
274 2996 363 3036 Duo
390 3005 516 3037 autem
550 3005 639 3037 sunt
670 3010 811 3050 qenera
830 3011 957 3050 perse·
1023 2997 1108 3034 navi
1144 2990 1199 3034 illi
1223 2996 1424 3036 defectores
1448 2993 1635 3047 Episcopi.
1661 2991 1799 3031 Verum
1817 3019 1830 3038 ,
