2028 3354
205 143 266 190 30
664 163 820 193 macr.
860 163 913 191 nu
947 164 1065 194 roms
1100 166 1396 197 maomemrs.

205 272 461 333 videretur,
474 290 525 320 ac
535 271 774 319 nobiscum.
786 273 926 321 etiam
940 284 1044 339 post
1066 276 1291 326 visibilem
1311 279 1508 325 suumin
1527 279 1697 326 coelum
1719 296 1875 328 ascen-

205 365 308 398 sum
329 348 607 397 conversari.
630 348 737 393 Haec
754 349 1000 413 propterea
1021 352 1208 400 societas
1221 388 1236 414 7
1260 353 1495 401 Christum
1507 372 1602 419 prae
1621 371 1668 402 se
1686 355 1837 402 ferens
1857 394 1868 416 7

203 435 258 473 ut
277 426 363 490 ipsi
378 426 632 487 loquuntur
647 458 660 483 ‚
680 424 1091 472 divino-humana
1102 436 1173 473 est
1188 463 1201 486 7
1222 428 1474 477 subsistens
1491 430 1541 476 in
1569 434 1752 478 unitate
1771 449 1874 496 per-

202 518 323 550 sonae
346 516 451 547 cum
468 499 707 563 utriusque
730 508 905 548 naturae
923 506 1349 551 communicatione
1366 544 1379 561 ‚
1405 524 1501 572 quo
1524 508 1577 553 fit
1596 516 1647 553 ut
1672 508 1872 555 elemen-

201 587 303 624 tum.
320 611 333 635 7
363 584 416 622 ut
435 584 630 633 vocant7
659 574 872 623 divinum
899 578 1125 642 pervadat
1156 595 1208 624 ac
1228 589 1441 642 penetret
1467 582 1752 630 elementum
1782 583 1871 630 hu-

200 669 396 699 manum
418 687 431 711 7
472 651 714 715 ipsumque
749 661 878 716 regat
915 660 976 698 ac'
1004 652 1168 717 dirigat
1190 690 1201 711 7
1238 653 1340 700 alat
1371 672 1423 702 ac
1451 657 1593 705 veluti
1623 659 1870 719 informet7

200 728 521 792 unitatemque
539 745 595 774 ex
619 736 814 793 utroque
831 728 1096 776 constituat.
1118 730 1251 786 Quod
1273 729 1487 778 divinum
1505 732 1555 778 in
1570 734 1655 781 hac
1677 752 1873 800 persona

202 804 365 853 morali
386 821 467 852 seu
485 805 699 851 societate
719 805 867 851 inesse
885 804 1066 865 dicunt7
1092 802 1330 852 constituit
1351 816 1532 870 partem
1547 812 1641 871 ejus
1662 811 1874 859 intimam

201 899 286 930 seu
315 881 548 939 animamg
585 880 711 945 quod
746 897 856 929 vero
885 880 1145 927 humanum
1173 893 1338 929 vocant
1358 919 1369 941 7
1398 885 1634 931 constituit
1662 889 1755 947 ejus
1774 888 1874 935 for-

200 975 329 1006 mam
346 957 624 1004 exteriorem
642 973 692 1003 ac
715 955 947 1005 visibilem
969 957 1064 1005 sive
1082 974 1262 1022 corpus7
1279 975 1370 1023 quo
1387 958 1515 1006 velut
1535 978 1704 1024 organo
1724 963 1877 1010 anima

200 1035 401 1081 exterius
429 1049 476 1079 se
504 1032 662 1098 prodit
686 1049 737 1078 ac
756 1033 1037 1080 manifestat.
1067 1033 1241 1080 Exinde
1262 1034 1313 1079 fit
1340 1043 1390 1081 ut
1414 1035 1608 1082 Ecclesia
1636 1037 1876 1085 invisibilis

201 1127 331 1176 aeque
351 1127 402 1157 ac
423 1109 614 1157 visibilis
635 1111 891 1156 necessario
915 1127 1012 1157 esse
1031 1109 1226 1169 debeat3
1252 1110 1494 1158 invisibilis
1516 1112 1701 1177 quidem
1727 1115 1879 1179 quoad

200 1187 431 1245 animam7
467 1184 659 1232 visibilis
696 1202 806 1234 vero
843 1186 997 1250 quoad
1029 1203 1218 1251 corpus3
1253 1187 1366 1234 item
1396 1189 1448 1234 fit
1478 1197 1529 1234 ut
1561 1188 1754 1236 Ecclesia
1786 1207 1878 1236 una

201 1264 260 1310 sit
274 1299 287 1322 7
320 1269 459 1327 prout
483 1279 601 1308 unus
621 1270 689 1308 est
708 1261 942 1321 Christus,
965 1271 1140 1321 sancta7
1165 1263 1232 1309 uti
1251 1272 1436 1311 sanctus
1459 1273 1528 1310 est
1545 1264 1752 1311 Christus
1770 1300 1782 1323 7
1807 1266 1880 1312 in—

198 1338 487 1398 defectibilis,
503 1337 897 1403 quemadmodum
910 1337 1232 1386 indefectibilis
1251 1350 1320 1387 est
1341 1340 1547 1387 Christus
1560 1378 1572 1400 7
1603 1340 1877 1401 infallibilis„

202 1417 319 1464 sicut
344 1414 595 1462 infallibilis
617 1423 685 1461 est
711 1415 922 1462 Christus
940 1450 952 1473 7
974 1415 1051 1479 qui
1074 1432 1177 1463 eam
1201 1424 1424 1480 tanquam
1447 1417 1605 1465 vivam
1627 1418 1879 1481 imaginem

200 1493 272 1540 sui
300 1492 442 1556 ipsius
473 1499 611 1555 atque
637 1491 890 1555 perfectam
927 1507 1026 1537 esse
1054 1489 1229 1549 voluit7
1269 1491 1364 1537 imo
1397 1508 1481 1556 per
1514 1509 1616 1538 eam
1652 1492 1879 1556 quodam-

201 1567 341 1616 modo
371 1585 419 1614 se
447 1567 496 1612 in
519 1566 590 1612 his
623 1567 756 1612 terris
793 1583 938 1631 usque
966 1566 1028 1612 ad
1058 1567 1506 1614 consummationem
1540 1566 1682 1614 seculi
1711 1584 1881 1632 perpe-

201 1653 332 1692 tuare
354 1638 594 1690 constituit
602 1677 615 1702 7
634 1644 697 1689 ita
713 1651 783 1701 ut7
807 1641 932 1706 quod
949 1641 1156 1688 Christus
1177 1641 1340 1689 habuit
1360 1651 1406 1689 et
1424 1641 1565 1690 habet
1577 1652 1742 1690 natura
1765 1660 1844 1690 sua
1862 1680 1874 1702 7

201 1719 513 1769 communicet
550 1735 634 1783 per
666 1718 860 1781 gratiam
892 1734 942 1764 ac
972 1716 1262 1781 privilegium
1295 1716 1401 1765 huic
1436 1717 1540 1764 filiae
1581 1735 1658 1765 seu
1697 1735 1877 1782 sponsae

203 1812 311 1845 suae.
346 1795 607 1843 Dummodo
643 1794 739 1841 haec
775 1794 865 1841 rite
899 1793 1245 1858 intelligantur,
1283 1803 1421 1858 prout
1461 1803 1625 1841 natura
1656 1793 1881 1841 similitu-

202 1873 366 1920 dinum
389 1872 527 1934 exigit
546 1907 558 1931 7
587 1888 690 1935 quae
720 1869 779 1916 ad
806 1871 964 1919 vivum
996 1871 1186 1917 resecari
1220 1887 1315 1916 non
1339 1870 1513 1917 debent
1530 1907 1542 1930 7
1574 1870 1689 1917 nihil
1721 1888 1882 1935 repre-

203 1948 504 1997 hendendum
524 1948 573 1993 in
595 1948 647 1993 iis
675 1947 981 2010 conspicimus
998 1983 1010 2004 7
1040 1948 1134 1994 imo
1152 1946 1210 1993 ad
1233 1945 1442 1994 Ecclesiae
1466 1955 1683 1993 naturam'
1705 1954 1751 1993 et
1769 1963 1883 1993 con-

204 2024 490 2072 stitutionem
508 2022 833 2088 explicandam
856 2022 990 2069 valde
1002 2022 1288 2071 hancideam
1308 2023 1515 2070 conferre
1537 2022 1851 2071 existimamus
1866 2059 1878 2082 7

206 2117 353 2165 eaque
377 2100 445 2147 uti
473 2117 569 2146 non
592 2098 837 2145 abnuimus
865 2099 948 2163 (l).

262 2286 313 2337 (Ι)
344 2286 401 2326 Ita
420 2284 587 2326 Moehler
601 2314 614 2334 ‚
639 2284 878 2336 Symbolique
895 2315 905 2333 7
922 2293 1009 2323 tom.

206 2360 231 2391 ii
246 2381 258 2401 ,
283 2353 345 2392 ch.
367 2351 390 2391 5
406 2382 417 2397 ,
438 2351 527 2404 §36
558 2360 593 2391 et
615 2366 692 2404 seq.
711 2352 776 2390 ubi
796 2351 924 2389 doctus
953 2365 1012 2388 au-

206 2425 284 2456 ctor
299 2418 396 2456 hane
407 2418 529 2456 ideam
543 2418 621 2456 fuse
634 2420 784 2468 exponit
805 2424 841 2453 et
854 2414 1003 2454 evolvit.

208 2482 318 2521 Haud
329 2496 388 2520 me
398 2483 497 2530 latet,
511 2481 733 2535 quibusdam
746 2482 1012 2531 expositionem

206 2548 306 2587 hanc
332 2549 485 2586 minime
500 2548 658 2586 arridere
675 2575 686 2594 ,
710 2546 919 2585 verentibus
933 2572 945 2592 ‚
968 2560 1015 2584 ne

207 2613 331 2651 nescio
361 2626 473 2664 quem
519 2611 792 2665 pantheismum
838 2609 1014 2649 redoleat.

208 2677 303 2726 Ast,
329 2680 359 2717 si
379 2680 446 2716 rite
469 2686 504 2716 et
527 2679 573 2716 ad
595 2686 758 2716 mentem
776 2679 935 2715 auctoris
961 2679 1014 2714 iu-

207 2743 408 2795 telligatur,
435 2743 585 2781 nullum
601 2742 785 2795 ejusmodi
808 2742 1014 2793 periculum

210 2807 346 2849 subest.
371 2808 464 2846 Nam
499 2808 665 2847 Moe'lzler
693 2811 807 2847 utitur
840 2807 1016 2847 Incarna-

210 2876 310 2913 tione
341 2873 484 2915 iliiDei
518 2874 628 2913 veluti
660 2874 903 2912 similitudine
923 2902 935 2922 ,
967 2874 1013 2912 ad

210 2939 493 2990 significandam
506 2941 676 2978 intimam
689 2942 866 2979 unionem
882 2939 1015 2977 Christi

1082 2298 1167 2324 cum
1192 2281 1442 2336 Ecclesiaper
1468 2286 1618 2337 gratiam
1653 2284 1888 2323 sanctifican-

1081 2360 1153 2389 tem
1169 2379 1182 2399 ,
1209 2364 1291 2403 quae
1314 2348 1419 2402 justis
1445 2351 1617 2389 omnibus
1646 2351 1800 2389 inhaeret
1824 2365 1888 2390 seu

1081 2418 1257 2456 membris
1276 2419 1368 2456 vivis
1384 2418 1548 2470 ejusdem
1570 2418 1755 2457 Ecclesiae.
1783 2417 1888 2457 Mens

1082 2483 1234 2536 proinde
1268 2485 1423 2521 auctoris
1455 2491 1535 2530 est,
1566 2483 1751 2522 Christum
1781 2484 1885 2520 insti-

1082 2550 1192 2587 tuisse
1216 2548 1414 2587 Ecclesiam
1436 2563 1538 2587 suam
1551 2549 1603 2588 ad
1624 2551 1748 2587 instar
1763 2547 1886 2586 Incar-

1083 2616 1267 2661 nationis,
1295 2628 1372 2652 non
1406 2622 1527 2652 autem
1560 2614 1659 2667 quod
1682 2606 1816 2651 'veram
1846 2627 1888 2651 ac

1083 2682 1228 2732 proprie
1246 2680 1381 2718 dietam
1397 2680 1693 2719 Incarnationem
1711 2692 1794 2717 cum
1811 2680 1887 2729 ipsa

1082 2747 1261 2797 peregerit
1284 2774 1294 2791 7
1332 2746 1434 2797 quod
1473 2745 1531 2783 vel
1554 2745 1730 2794 suspicari
1752 2744 1856 2781 nefas
1876 2775 1884 2785 .,

1084 2813 1320 2862 imoimpium
1338 2819 1375 2849 et
1385 2809 1537 2849 stultum
1549 2817 1615 2846 est.
1637 2807 1744 2847 Vera
1765 2816 1886 2847 autem

1083 2877 1177 2913 ratio
1194 2904 1206 2923 7
1228 2888 1295 2915 our
1318 2877 1377 2914 isti
1395 2887 1559 2914 censores
1577 2873 1805 2913 Moe'hlerum
1831 2888 1889 2912 re-

1081 2941 1315 2992 prehendunt
1331 2969 1342 2989 ,
1374 2941 1487 2992 repeti
1521 2939 1628 2979 debet
1650 2939 1695 2978 ab
1724 2938 1890 2992 ipsorum
