2028 3354
535 236 663 268 PART.
704 238 734 266 1.
775 234 872 264 GAP.
906 233 978 262 111.
1019 230 1072 262 DE
1108 228 1323 261 EccmslAE
1351 226 1492 258 NOTlS.

1751 204 1844 254 169

163 366 216 404 ut
236 353 508 403 miraculum
530 388 542 411 ⁷
576 349 699 417 quod
726 348 914 414 singulis
941 347 1073 394 annis
1101 343 1292 409 Neapoli
1318 340 1544 404 contingit,
1563 374 1576 397 ,
1603 336 1660 386 de
1690 336 1842 402 lique-

163 432 359 480 factione
383 439 429 478 et
454 427 726 476 ebullitione
759 423 993 488 sanguinis
1023 422 1171 469 sancti
1196 418 1403 468 Januarii
1419 453 1432 476 ,
1460 415 1573 463 dum
1593 413 1769 461 sistitur
1792 412 1842 458 in

166 516 409 573 conspectu
437 504 598 571 capitis
625 505 671 550 S.
694 502 907 566 Martyris
921 500 1009 564 (1)
1033 499 1138 545 Haec
1165 496 1269 543 talia
1291 502 1418 552 sunt,
1441 501 1493 539 ut
1514 509 1543 538 av
1558 489 1686 538 nulla
1703 504 1846 537 seve-

164 585 271 632 riori
301 583 452 630 critica
483 580 823 628 concutiantur.

162 740 213 775 ita
250 736 310 774 hic
349 744 473 774 auctor
514 731 688 771 describit
726 744 739 768 :
778 726 967 778 Praecepit

163 805 247 853 (rex
282 802 516 840 Hunnericus
534 801 544 849 )
565 797 695 836 comiti
713 794 869 834 cuidam
885 822 895 839 ‚
926 797 969 828 ut

163 870 208 906 in
235 867 358 906 medio
367 868 453 917 foro
473 894 484 913 ‚
501 868 724 915 conqreqata
747 858 840 897 illuc
861 857 970 895 omni

158 934 364 986 provincia
379 961 390 982 ‚
416 931 569 982 linquas
583 929 639 965 eis
659 932 695 964 et
720 936 860 962 neonus
874 922 967 962 dex-

165 1005 264 1036 teras
287 996 474 1035 radicitus
494 991 726 1031 abscidisset.
753 988 866 1041 Quod
881 1000 969 1026 cnm

160 1064 309 1115 factum
331 1063 493 1114 fuisset,
523 1058 676 1111 Spiritu
705 1056 846 1095 Sancto
866 1067 969 1108 γνω-

165 1135 287 1168 stante
303 1158 313 1173 ‚
335 1127 512 1166 italocuti
538 1131 629 1163 sunt
647 1154 657 1172 ‚
680 1130 716 1162 et
734 1122 986 1175 loquuntur,·

167 1193 348 1246 quomodo
379 1200 490 1231 antea
526 1189 788 1242 loquebantur.
821 1186 902 1226 Sed
934 1188 972 1225 si

165 1261 251 1312 quis
275 1258 499 1298 incredulus
527 1270 603 1295 esse
628 1254 817 1303 voluerit,
836 1261 971 1306 perqat

164 1338 267 1364 nunc
293 1321 661 1375 Constantinopolim
690 1350 699 1369 ,
724 1326 759 1359 et
783 1320 841 1358 ibi
867 1332 972 1371 repe-

164 1391 237 1428 riet
277 1402 400 1427 unum
443 1388 488 1426 de
535 1387 615 1426 illis
640 1416 651 1431 ,
694 1385 971 1424 subdiaconum

166 1466 374 1491 REPARATUM
408 1465 596 1491 sermones
614 1450 752 1504 politos
773 1451 858 1487 sine
892 1447 972 1486 ulla

166 1521 372 1572 offensione
419 1519 642 1570 loquentem.
688 1517 827 1556 Eadem
878 1516 973 1554 refe—

168 1593 257 1623 runt
276 1585 473 1636 Procopius
491 1613 500 1632 ,
526 1583 589 1621 lib.
607 1597 620 1620 1
633 1610 647 1632 ‚
669 1581 732 1620 De
745 1580 839 1620 bello
859 1579 906 1618 V
902 1592 974 1617 an-

170 1649 294 1689 dalico
305 1666 323 1699 ,-
346 1649 477 1688 AEueas
505 1647 675 1688 Gazensis
690 1677 701 1695 ‚
737 1652 777 1685 in
809 1646 947 1698 dialogo
963 1674 973 1692 ‚

170 1718 233 1770 qui
255 1715 466 1754 inscribitur
490 1714 774 1765 Theophrastus
787 1727 803 1761 ,·
817 1711 976 1750 Marcel-

170 1782 270 1820 linus
291 1794 414 1820 comes
434 1811 444 1829 ‚
469 1782 511 1818 in
525 1776 716 1818 Chronico
736 1806 747 1827 ‚
763 1778 828 1831 qui
852 1791 889 1816 se
905 1785 974 1815 tes-

164 1856 218 1886 tes
256 1847 302 1885 de
333 1848 413 1885 visu
449 1845 626 1884 exhibent
649 1845 761 1898 hujus
787 1844 974 1882 miraculi.

165 1912 324 1951 istorum
357 1913 562 1950 testimonia
587 1911 736 1949 exhibet
758 1910 975 1948 Ruinartius

166 1980 206 2016 in
236 1977 518 2016 Commentario
541 1977 720 2016 historico
746 1978 974 2029 persecutio·

165 2045 230 2083 nis
252 2042 507 2090 Vandalicas,
530 2051 627 2096 part.
648 2056 676 2081 u
687 2071 701 2092 ,
726 2056 809 2095 cap.
838 2056 859 2096 7
879 2072 890 2090 ‚
909 2042 975 2082 ubi

168 2108 299 2161 adjecit
322 2111 575 2148 auctoritatem
609 2109 648 2148 S.
675 2108 839 2161 Gregorii
862 2108 915 2148 Μ.
940 2117 975 2149 et

169 2174 344 2226 Imperat.
359 2175 560 2214 Justiniani
581 2205 591 2224 ‚
602 2176 667 2227 qui
680 2174 791 2225 hujus
805 2175 975 2213 miraculi

169 2241 338 2279 meminit
363 2243 402 2278 in
421 2243 567 2280 constit.
593 2238 651 2278 De
665 2239 785 2292 officio
802 2240 977 2293 proefecti

171 2304 362 2344 Proetorio
381 2336 393 2356 ‚
412 2306 479 2345 lib.
505 2320 517 2343 ι
532 2335 543 2354 ,
570 2306 654 2345 cod.
679 2305 816 2344 Justin.
839 2308 895 2344 tit.
910 2319 971 2354 xv,

173 2370 238 2422 qui
260 2376 296 2407 et
316 2372 391 2422 ips'e
413 2379 565 2410 testatur
580 2401 590 2419 ,
618 2384 656 2409 se
678 2371 807 2409 vidisse
829 2370 895 2409 hos
912 2385 976 2410 ve-

172 2432 359 2472 nerabiles
391 2435 532 2489 fratres
547 2464 560 2485 ‚
596 2436 664 2488 qui
699 2435 880 2474 abscissis
910 2449 976 2474 ra-

174 2497 318 2537 dicitus
341 2497 485 2550 linquis
503 2513 639 2554 poenas
657 2513 749 2539 suas
775 2500 976 2540 miserabi-

175 2563 262 2602 liter
281 2562 543 2615 loquebantur.
574 2564 652 2603 cfr.
687 2564 868 2604 Historia
892 2578 979 2618 per-

176 2630 381 2668 secutionis
408 2628 620 2667 vandalicas
635 2658 646 2678 ‚
673 2643 783 2681 opera
804 2638 840 2669 et
861 2630 980 2670 studio

176 2695 329 2735 Domini
338 2694 555 2734 Theudorici
564 2694 732 2744 Boin-art,
750 2695 851 2735 Paris
866 2709 879 2735 1
887 2693 977 2750 694.

179 2760 276 2813 Quid
299 2774 406 2814 porro
428 2761 476 2799 ad
494 2760 571 2799 haec
591 2759 728 2812 Paley?

234 2825 288 2876 (l)
315 2825 418 2865 Nihil
452 2828 673 2865 intentatum
708 2826 893 2878 reliquum
923 2826 979 2866 fe-

182 2898 312 2930 cerunt
333 2892 545 2930 heterodoxi
568 2899 603 2930 et
625 2891 833 2939 increduli,
859 2899 901 2931 ut
915 2922 927 2941 ‚
952 2894 982 2931 si

183 2956 326 2996 celebre
349 2957 420 2996 hoc
444 2958 584 2998 factum
603 2971 750 3011 negare·
764 2966 955 3012 nequeunt
970 2988 981 3007 ,

187 3022 315 3062 saltem
353 3024 518 3063 miraculi
553 3026 627 3063 vim
670 3033 733 3063 aut
775 3024 986 3064 inficientur

1037 730 1100 761 aut
1132 726 1348 760 extenuent.
1376 719 1450 758 Sed
1475 720 1633 770 frustra3
1655 691 1852 772 xsiquidem-

1038 801 1114 825 non
1137 787 1246 826 rudes
1271 793 1333 824 aut
1348 784 1482 839 pleheji
1502 785 1674 823 homines
1687 793 1847 834 tantum,

1038 854 1101 893 sed
1126 855 1195 892 viri
1219 853 1385 905 apprime
1401 851 1498 890 docti
1518 859 1597 890 tum
1622 850 1752 889 incolae
1768 858 1848 888 tum

1039 919 1190 959 advenae
1215 933 1262 958 ex
1301 917 1476 958 omnibus
1510 917 1609 956 orbis
1646 916 1811 968 partibus
1836 925 1871 963 ,'

1038 987 1102 1038 qui
1124 986 1215 1024 illuc
1238 984 1432 1024 confluunt
1448 1014 1458 1031 ‚
1483 991 1517 1022 et
1531 990 1750 1035 spectatores
1764 987 1852 1020 sunt

1038 1060 1073 1090 et
1108 1053 1235 1090 critico
1273 1051 1367 1089 illud
1409 1050 1570 1088 examini
1615 1046 1849 1101 subjiciunt,

1039 1118 1199 1169 probant
1216 1117 1512 1169 confirmantque
1521 1113 1851 1165 miraculum.Legi

1041 1198 1082 1223 ex
1111 1182 1381 1237 antiquioribus
1406 1189 1566 1221 meretur
1584 1182 1630 1220 de
1643 1181 1714 1219 hoc
1739 1193 1852 1233 argu-

1040 1258 1164 1289 mento
1179 1250 1382 1289 dissertatio
1404 1248 1850 1295 Bollandianorum‚tom.

1041 1330 1078 1357 vl
1096 1348 1105 1366 ,
1134 1332 1254 1357 mens.
1279 1316 1487 1369 Septembr.
1501 1316 1561 1355 die
1583 1329 1643 1354 xlx
1667 1345 1677 1363 ‚
1694 1327 1852 1368 praeser—

1041 1386 1109 1422 tim
1139 1382 1162 1436 ἓ
1187 1396 1253 1436 29.
1280 1383 1353 1422 Ubi
1377 1381 1611 1421 Bollandiani
1637 1381 1852 1420 luculentis-

1041 1453 1134 1488 sime
1163 1451 1380 1501 multiplicis
1400 1450 1512 1502 hujus
1537 1448 1704 1487 miraculi
1724 1448 1851 1485 verita-

1045 1524 1116 1555 tem
1151 1517 1327 1554 evincunt
1358 1544 1368 1562 ‚
1401 1522 1437 1554 et
1477 1521 1665 1566 proterunt
1706 1514 1852 1564 penitus

1043 1581 1173 1620 stultas
1187 1611 1199 1630 ‚
1221 1595 1268 1620 ne
1297 1580 1420 1619 dicam
1449 1581 1597 1632 impias,
1620 1578 1852 1618 difficultates

1045 1646 1207 1686 Molinaei
1237 1675 1249 1696 ,
1284 1646 1417 1686 Clerici
1453 1645 1684 1697 aliorumque
1706 1644 1854 1683 hetero-

1045 1713 1245 1752 doxorum.
1263 1713 1317 1752 Ex
1338 1711 1603 1751 recentioribus
1615 1711 1683 1750 cfr.
1697 1711 1746 1751 cl.
1761 1710 1855 1749 Ruf-

1045 1779 1112 1817 fini
1138 1780 1179 1816 in
1207 1792 1270 1832 op.
1295 1777 1524 1830 Riflessioni
1555 1776 1712 1815 criticbe
1741 1789 1854 1829 sopra

1044 1844 1078 1883 il
1113 1847 1247 1897 saqqio
1277 1844 1456 1896 filosofico
1494 1845 1649 1883 intorno
1671 1842 1743 1882 alle
1762 1856 1854 1895 pro-

1043 1910 1206 1949 babilita
1230 1910 1291 1949 del
1310 1912 1444 1962 siqnor
1469 1917 1576 1949 conte
1605 1909 1667 1948 La
1694 1907 1816 1947 Place
1839 1937 1851 1957 ,

1045 1976 1204 2015 Modena
1238 1975 1334 2015 1821
1356 2007 1367 2026 ‚
1395 1978 1571 2016 memoria
1599 1989 1652 2023 iv,
1675 1982 1771 2027 part.
1798 1985 1851 2022 11,

1044 2042 1066 2095 g
1097 2043 1142 2081 31
1177 2051 1212 2081 et
1250 2056 1353 2096 seqq.
1394 2042 1459 2082 ubi
1503 2043 1646 2096 egregie
1693 2042 1855 2081 vindicat

1044 2109 1116 2147 hoc
1139 2109 1358 2148 miraculum
1382 2109 1428 2148 ab
1448 2107 1790 2161 impugnationibus
1801 2108 1854 2146 La

1047 2173 1171 2213 Croix.
1195 2173 1273 2213 Cfr.
1304 2176 1393 2213 item
1428 2173 1576 2226 Fergola
1611 2175 1652 2211 in
1674 2171 1857 2211 Discorsov

1046 2238 1273 2292 apoloqetico
1299 2239 1360 2278 sul
1384 2238 1568 2278 miracola
1595 2238 1639 2276 di
1664 2235 1710 2279 S.
1742 2238 1852 2276 Gen-

1044 2318 1140 2343 naro
1158 2335 1169 2353 ‚
1197 2308 1262 2358 qui
1286 2314 1338 2343 est
1362 2305 1410 2343 ad
1433 2305 1570 2343 calcem
1602 2317 1665 2355 op.
1691 2303 1856 2343 Teorica

1046 2370 1101 2408 ‹le'
1123 2369 1327 2418 miracoli,
1353 2368 1487 2421 Napoli
1519 2369 1649 2423 18393
1671 2369 1738 2408 ubi
1765 2383 1853 2409 cum

1046 2436 1175 2475 doctus
1198 2444 1325 2475 auctor
1346 2435 1498 2475 celebris
1519 2435 1690 2488 physicus
1715 2448 1758 2474 ac
1771 2448 1854 2474 ma-

1047 2501 1268 2540 thematicus
1301 2502 1381 2554 ejus
1404 2503 1595 2541 veritatem
1623 2501 1857 2540 adstruxisset

1049 2579 1093 2604 ac
1119 2575 1389 2619 propugnasset
1409 2567 1584 2606 adversus
1615 2566 1823 2605 incredulos
1837 2593 1852 2615 ‚

1051 2634 1115 2684 qui
1142 2632 1376 2672 difficultates
1410 2640 1538 2685 petunt
1571 2646 1614 2672 ex
1637 2632 1794 2686 physica
1818 2639 1855 2671 et

1053 2696 1195 2736 chemia
1223 2727 1234 2745 ‚
1266 2699 1432 2749 apposite
1466 2697 1488 2750 S
1527 2710 1603 2752 29,
1629 2697 1817 2736 concludit
1843 2710 1855 2735 ε

1057 2760 1129 2800 Gli
1142 2764 1219 2801 atei
1230 2761 1322 2801 nell'
1341 2761 1490 2801 eludere
1514 2762 1552 2801 la
1572 2763 1696 2802 verita
1709 2762 1766 2801 de’
1779 2764 1855 2800 mi-

1053 2826 1171 2865 racoli
1196 2827 1240 2866 di
1273 2835 1402 2867 nostra
1432 2827 1616 2881 religione
1634 2859 1646 2877 ‚
1668 2842 1688 2867 e
1715 2827 1779 2866 nel
1797 2839 1858 2865 vo-

1054 2892 1157 2930 Ieme
1187 2895 1366 2932 smentire
1392 2893 1431 2931 la
1451 2900 1644 2942 certezza,
1679 2905 1769 2932 sono
1797 2904 1859 2930 co-

1055 2960 1177 2998 stretti
1185 2973 1209 2998 a
1221 2960 1313 3000 dare
1323 2961 1365 2999 in
1376 2960 1478 2999 mille
1482 2961 1601 3013 sollio.
1606 2959 1674 3001 Ed
1684 2961 1728 2999 in
1739 2960 1863 3012 questi

1057 3025 1211 3066 ridie-oli
1231 3026 1308 3066 loro
1327 3027 1614 3066 sbalordimemi
1641 3041 1660 3066 e
1683 3027 1858 3080 pertina-
