<?xml version="1.0" encoding="UTF-8"?>
<!DOCTYPE html PUBLIC "-//W3C//DTD XHTML 1.0 Transitional//EN"
    "http://www.w3.org/TR/xhtml1/DTD/xhtml1-transitional.dtd">
<html xmlns="http://www.w3.org/1999/xhtml" xml:lang="en" lang="en">
 <head>
  <title>
</title>
<meta http-equiv="Content-Type" content="text/html;charset=utf-8" />
  <meta name='ocr-system' content='tesseract 3.04.00' />
  <meta name='ocr-capabilities' content='ocr_page ocr_carea ocr_par ocr_line ocrx_word'/>
</head>
<body>
  <div class='ocr_page' id='page_1' title='image "./praelectionestheo08perruoft_0395.png"; bbox 0 0 2028 3354; ppageno 0'>
   <div class='ocr_carea' id='block_1_1' title="bbox 1702 222 1797 270">
    <p class='ocr_par' dir='ltr' id='par_1_1' title="bbox 1702 222 1797 270">
     <span class='ocr_line' id='line_1_1' title="bbox 1702 222 1797 270; baseline -0.011 0"><span class='ocrx_word' id='word_1_1' title='bbox 1702 222 1797 270; x_wconf 77' lang='lat'>383</span> 
     </span>
    </p>
   </div>
   <div class='ocr_carea' id='block_1_2' title="bbox 317 236 1536 270">
    <p class='ocr_par' dir='ltr' id='par_1_2' title="bbox 317 236 1536 270">
     <span class='ocr_line' id='line_1_2' title="bbox 317 236 1536 270; baseline 0 -1"><span class='ocrx_word' id='word_1_2' title='bbox 317 242 446 270; x_wconf 76' lang='lat' dir='ltr'>PART.</span> <span class='ocrx_word' id='word_1_3' title='bbox 487 242 518 269; x_wconf 87' lang='lat'>1.</span> <span class='ocrx_word' id='word_1_4' title='bbox 562 239 682 269; x_wconf 83' lang='lat' dir='ltr'>SEC&#39;l&#39;.</span> <span class='ocrx_word' id='word_1_5' title='bbox 722 238 777 267; x_wconf 76' lang='lat'>11.</span> <span class='ocrx_word' id='word_1_6' title='bbox 815 236 914 268; x_wconf 77' lang='lat' dir='ltr'>CAP.</span> <span class='ocrx_word' id='word_1_7' title='bbox 956 236 1004 266; x_wconf 81' lang='lat'>11.</span> <span class='ocrx_word' id='word_1_8' title='bbox 1045 238 1098 266; x_wconf 83' lang='lat' dir='ltr'>DE</span> <span class='ocrx_word' id='word_1_9' title='bbox 1135 238 1319 267; x_wconf 74' lang='lat' dir='ltr'>PRIMAT.</span> <span class='ocrx_word' id='word_1_10' title='bbox 1360 238 1536 269; x_wconf 76' lang='lat' dir='ltr'>PERPET.</span> 
     </span>
    </p>
   </div>
   <div class='ocr_carea' id='block_1_3' title="bbox 97 350 1805 1103">
    <p class='ocr_par' dir='ltr' id='par_1_3' title="bbox 97 350 1805 1103">
     <span class='ocr_line' id='line_1_3' title="bbox 100 350 1799 420; baseline 0.001 -20"><span class='ocrx_word' id='word_1_11' title='bbox 100 371 293 400; x_wconf 84' lang='lat' dir='ltr'>romana</span> <span class='ocrx_word' id='word_1_12' title='bbox 309 353 424 400; x_wconf 87' lang='lat' dir='ltr'>urbe</span> <span class='ocrx_word' id='word_1_13' title='bbox 443 351 777 400; x_wconf 82' lang='lat' dir='ltr'>intellexerunt</span> <span class='ocrx_word' id='word_1_14' title='bbox 802 350 1086 415; x_wconf 81' lang='lat' dir='ltr'>Babylonem</span> <span class='ocrx_word' id='word_1_15' title='bbox 1104 387 1115 410; x_wconf 62' lang='lat'>.,</span> <span class='ocrx_word' id='word_1_16' title='bbox 1137 351 1195 399; x_wconf 89' lang='lat' dir='ltr'>de</span> <span class='ocrx_word' id='word_1_17' title='bbox 1207 368 1296 415; x_wconf 84' lang='lat' dir='ltr'>qua</span> <span class='ocrx_word' id='word_1_18' title='bbox 1314 353 1476 399; x_wconf 89' lang='lat' dir='ltr'>Petrus</span> <span class='ocrx_word' id='word_1_19' title='bbox 1488 352 1695 419; x_wconf 80' lang='lat' dir='ltr'>loquitur</span> <span class='ocrx_word' id='word_1_20' title='bbox 1708 356 1799 420; x_wconf 87' lang='lat' dir='ltr'>(l);</span> 
     </span>
     <span class='ocr_line' id='line_1_4' title="bbox 101 427 1804 493; baseline 0.003 -17"><span class='ocrx_word' id='word_1_21' title='bbox 101 432 195 477; x_wconf 87' lang='lat' dir='ltr'>imo</span> <span class='ocrx_word' id='word_1_22' title='bbox 214 439 261 477; x_wconf 87' lang='lat' dir='ltr'>et</span> <span class='ocrx_word' id='word_1_23' title='bbox 283 430 484 478; x_wconf 84' lang='lat' dir='ltr'>rationes</span> <span class='ocrx_word' id='word_1_24' title='bbox 503 429 783 486; x_wconf 71' lang='lat' dir='ltr'>attulerunt,</span> <span class='ocrx_word' id='word_1_25' title='bbox 806 445 948 493; x_wconf 90' lang='lat' dir='ltr'>quare</span> <span class='ocrx_word' id='word_1_26' title='bbox 964 430 1125 475; x_wconf 87' lang='lat' dir='ltr'>Petrus</span> <span class='ocrx_word' id='word_1_27' title='bbox 1144 429 1337 474; x_wconf 85' lang='lat' dir='ltr'>Romam</span> <span class='ocrx_word' id='word_1_28' title='bbox 1351 427 1596 493; x_wconf 79' lang='lat' dir='ltr'>Babylonis</span> <span class='ocrx_word' id='word_1_29' title='bbox 1610 433 1804 480; x_wconf 86' lang='lat' dir='ltr'>nomine</span> 
     </span>
     <span class='ocr_line' id='line_1_5' title="bbox 100 504 1803 572; baseline 0.002 -20"><span class='ocrx_word' id='word_1_30' title='bbox 100 506 412 571; x_wconf 81' lang='lat' dir='ltr'>designaverit</span> <span class='ocrx_word' id='word_1_31' title='bbox 461 505 547 569; x_wconf 75' lang='lat'>(2).</span> <span class='ocrx_word' id='word_1_32' title='bbox 603 506 657 551; x_wconf 74' lang='lat'>2⁰</span> <span class='ocrx_word' id='word_1_33' title='bbox 708 505 838 551; x_wconf 79' lang='lat' dir='ltr'>idem</span> <span class='ocrx_word' id='word_1_34' title='bbox 896 505 1155 568; x_wconf 72' lang='lat' dir='ltr'>praestitere</span> <span class='ocrx_word' id='word_1_35' title='bbox 1207 504 1409 551; x_wconf 81' lang='lat' dir='ltr'>historici</span> <span class='ocrx_word' id='word_1_36' title='bbox 1459 507 1803 572; x_wconf 85' lang='lat' dir='ltr'>antiquissimi,</span> 
     </span>
     <span class='ocr_line' id='line_1_6' title="bbox 102 579 1801 647; baseline 0.002 -18"><span class='ocrx_word' id='word_1_37' title='bbox 102 583 262 647; x_wconf 79' lang='lat' dir='ltr'>Papias</span> <span class='ocrx_word' id='word_1_38' title='bbox 288 581 385 646; x_wconf 82' lang='lat'>(3),</span> <span class='ocrx_word' id='word_1_39' title='bbox 409 581 625 629; x_wconf 85' lang='lat' dir='ltr'>Clemens</span> <span class='ocrx_word' id='word_1_40' title='bbox 655 580 780 629; x_wconf 81' lang='lat' dir='ltr'>Alex.</span> <span class='ocrx_word' id='word_1_41' title='bbox 806 580 878 642; x_wconf 81' lang='grc'>(4)</span> <span class='ocrx_word' id='word_1_42' title='bbox 895 616 907 639; x_wconf 62' lang='lat' dir='ltr'><strong>a</strong></span> <span class='ocrx_word' id='word_1_43' title='bbox 929 579 1152 627; x_wconf 84' lang='lat' dir='ltr'>Eusebius</span> <span class='ocrx_word' id='word_1_44' title='bbox 1168 580 1265 641; x_wconf 73' lang='lat'>(5),</span> <span class='ocrx_word' id='word_1_45' title='bbox 1288 579 1458 644; x_wconf 85' lang='lat' dir='ltr'>aliique</span> <span class='ocrx_word' id='word_1_46' title='bbox 1485 582 1579 630; x_wconf 91' lang='lat' dir='ltr'>fere</span> <span class='ocrx_word' id='word_1_47' title='bbox 1602 601 1767 633; x_wconf 89' lang='lat' dir='ltr'>omnes</span> <span class='ocrx_word' id='word_1_48' title='bbox 1787 620 1801 644; x_wconf 90' lang='lat'>.‚</span> 
     </span>
     <span class='ocr_line' id='line_1_7' title="bbox 98 654 1805 723; baseline 0.003 -18"><span class='ocrx_word' id='word_1_49' title='bbox 98 659 175 723; x_wconf 87' lang='lat' dir='ltr'>qui</span> <span class='ocrx_word' id='word_1_50' title='bbox 207 658 293 705; x_wconf 90' lang='lat' dir='ltr'>hoc</span> <span class='ocrx_word' id='word_1_51' title='bbox 326 657 384 705; x_wconf 87' lang='lat' dir='ltr'>de</span> <span class='ocrx_word' id='word_1_52' title='bbox 405 667 681 721; x_wconf 81' lang='lat' dir='ltr'>argumento</span> <span class='ocrx_word' id='word_1_53' title='bbox 710 658 997 721; x_wconf 86' lang='lat' dir='ltr'>scripserunt</span> <span class='ocrx_word' id='word_1_54' title='bbox 1022 656 1114 717; x_wconf 73' lang='lat'>(6).</span> <span class='ocrx_word' id='word_1_55' title='bbox 1157 654 1209 702; x_wconf 82' lang='lat'>30</span> <span class='ocrx_word' id='word_1_56' title='bbox 1235 654 1443 719; x_wconf 89' lang='lat' dir='ltr'>Idipsum</span> <span class='ocrx_word' id='word_1_57' title='bbox 1467 657 1726 709; x_wconf 80' lang='lat' dir='ltr'>adstruitur</span> <span class='ocrx_word' id='word_1_58' title='bbox 1743 678 1805 709; x_wconf 81' lang='lat' dir='ltr'>ex</span> 
     </span>
     <span class='ocr_line' id='line_1_8' title="bbox 97 731 1801 800; baseline 0.002 -19"><span class='ocrx_word' id='word_1_59' title='bbox 97 736 382 799; x_wconf 79' lang='lat' dir='ltr'>arg-umentis</span> <span class='ocrx_word' id='word_1_60' title='bbox 420 735 510 799; x_wconf 89' lang='lat' dir='ltr'>ipsi</span> <span class='ocrx_word' id='word_1_61' title='bbox 546 734 752 800; x_wconf 80' lang='lat' dir='ltr'>epistolae</span> <span class='ocrx_word' id='word_1_62' title='bbox 790 731 1080 789; x_wconf 71' lang='lat' dir='ltr'>intrinsecis7</span> <span class='ocrx_word' id='word_1_63' title='bbox 1121 748 1178 777; x_wconf 78' lang='lat' dir='ltr'>ex</span> <span class='ocrx_word' id='word_1_64' title='bbox 1218 747 1309 794; x_wconf 84' lang='lat' dir='ltr'>qua</span> <span class='ocrx_word' id='word_1_65' title='bbox 1330 732 1554 780; x_wconf 90' lang='lat' dir='ltr'>nimirum</span> <span class='ocrx_word' id='word_1_66' title='bbox 1589 746 1801 797; x_wconf 73' lang='lat' dir='ltr'>constat,</span> 
     </span>
     <span class='ocr_line' id='line_1_9' title="bbox 97 805 1805 877; baseline 0.002 -19"><span class='ocrx_word' id='word_1_67' title='bbox 97 813 290 858; x_wconf 84' lang='lat' dir='ltr'>Petrum</span> <span class='ocrx_word' id='word_1_68' title='bbox 323 811 719 858; x_wconf 81' lang='lat' dir='ltr'>commonefacere</span> <span class='ocrx_word' id='word_1_69' title='bbox 747 808 1021 856; x_wconf 87' lang='lat' dir='ltr'>christianos</span> <span class='ocrx_word' id='word_1_70' title='bbox 1047 807 1252 854; x_wconf 86' lang='lat' dir='ltr'>asiaticos</span> <span class='ocrx_word' id='word_1_71' title='bbox 1272 805 1331 853; x_wconf 87' lang='lat' dir='ltr'>de</span> <span class='ocrx_word' id='word_1_72' title='bbox 1359 807 1628 857; x_wconf 86' lang='lat' dir='ltr'>imminenti</span> <span class='ocrx_word' id='word_1_73' title='bbox 1649 830 1805 877; x_wconf 87' lang='lat' dir='ltr'>perse-</span> 
     </span>
     <span class='ocr_line' id='line_1_10' title="bbox 97 883 1804 952; baseline 0.002 -19"><span class='ocrx_word' id='word_1_74' title='bbox 97 888 281 934; x_wconf 86' lang='lat' dir='ltr'>cutione</span> <span class='ocrx_word' id='word_1_75' title='bbox 309 905 368 934; x_wconf 81' lang='lat' dir='ltr'>ex</span> <span class='ocrx_word' id='word_1_76' title='bbox 396 897 528 952; x_wconf 85' lang='lat' dir='ltr'>parte</span> <span class='ocrx_word' id='word_1_77' title='bbox 564 885 860 951; x_wconf 86' lang='lat' dir='ltr'>Imperatoris</span> <span class='ocrx_word' id='word_1_78' title='bbox 891 883 992 948; x_wconf 82' lang='lat'><strong>(7);</strong></span> <span class='ocrx_word' id='word_1_79' title='bbox 1030 883 1156 948; x_wconf 86' lang='lat' dir='ltr'>quod</span> <span class='ocrx_word' id='word_1_80' title='bbox 1192 883 1383 949; x_wconf 88' lang='lat' dir='ltr'>quidem</span> <span class='ocrx_word' id='word_1_81' title='bbox 1416 887 1575 935; x_wconf 85' lang='lat' dir='ltr'>Romae</span> <span class='ocrx_word' id='word_1_82' title='bbox 1600 904 1804 937; x_wconf 87' lang='lat' dir='ltr'>commo-</span> 
     </span>
     <span class='ocr_line' id='line_1_11' title="bbox 99 961 1804 1031; baseline 0.002 -21"><span class='ocrx_word' id='word_1_83' title='bbox 99 965 222 1011; x_wconf 85' lang='lat' dir='ltr'>ranti</span> <span class='ocrx_word' id='word_1_84' title='bbox 255 982 311 1011; x_wconf 77' lang='lat' dir='ltr'>ex</span> <span class='ocrx_word' id='word_1_85' title='bbox 350 965 528 1012; x_wconf 90' lang='lat' dir='ltr'>indiciis</span> <span class='ocrx_word' id='word_1_86' title='bbox 562 963 692 1010; x_wconf 89' lang='lat' dir='ltr'>facile</span> <span class='ocrx_word' id='word_1_87' title='bbox 722 970 824 1009; x_wconf 86' lang='lat' dir='ltr'>erat</span> <span class='ocrx_word' id='word_1_88' title='bbox 848 978 1152 1023; x_wconf 61' lang='lat' dir='ltr'>cognoscere„</span> <span class='ocrx_word' id='word_1_89' title='bbox 1182 961 1376 1008; x_wconf 89' lang='lat' dir='ltr'>minime</span> <span class='ocrx_word' id='word_1_90' title='bbox 1420 979 1527 1010; x_wconf 89' lang='lat' dir='ltr'>vero</span> <span class='ocrx_word' id='word_1_91' title='bbox 1569 964 1804 1031; x_wconf 81' lang='lat' dir='ltr'>Babylone</span> 
     </span>
     <span class='ocr_line' id='line_1_12' title="bbox 97 1037 1804 1103; baseline -0.001 -15"><span class='ocrx_word' id='word_1_92' title='bbox 97 1040 255 1088; x_wconf 87' lang='lat' dir='ltr'>dissita</span> <span class='ocrx_word' id='word_1_93' title='bbox 280 1040 394 1089; x_wconf 88' lang='lat' dir='ltr'>adeo</span> <span class='ocrx_word' id='word_1_94' title='bbox 413 1040 528 1087; x_wconf 92' lang='lat' dir='ltr'>urbe</span> <span class='ocrx_word' id='word_1_95' title='bbox 553 1057 579 1086; x_wconf 88' lang='lat' dir='ltr'>a</span> <span class='ocrx_word' id='word_1_96' title='bbox 599 1046 761 1087; x_wconf 86' lang='lat' dir='ltr'>centro</span> <span class='ocrx_word' id='word_1_97' title='bbox 787 1038 975 1103; x_wconf 83' lang='lat' dir='ltr'>Imperii</span> <span class='ocrx_word' id='word_1_98' title='bbox 999 1047 1047 1086; x_wconf 84' lang='lat' dir='ltr'>et</span> <span class='ocrx_word' id='word_1_99' title='bbox 1069 1037 1250 1086; x_wconf 86' lang='lat' dir='ltr'>Parthis</span> <span class='ocrx_word' id='word_1_100' title='bbox 1271 1037 1475 1101; x_wconf 83' lang='lat' dir='ltr'>subjecta</span> <span class='ocrx_word' id='word_1_101' title='bbox 1498 1040 1593 1103; x_wconf 84' lang='lat'>(8);</span> <span class='ocrx_word' id='word_1_102' title='bbox 1621 1052 1804 1094; x_wconf 78' lang='lat' dir='ltr'>constat</span> 
     </span>
    </p>
   </div>
   <div class='ocr_carea' id='block_1_4' title="bbox 94 1204 920 3084">
    <p class='ocr_par' dir='ltr' id='par_1_4' title="bbox 94 1204 920 3084">
     <span class='ocr_line' id='line_1_13' title="bbox 155 1204 914 1255; baseline 0.005 -15"><span class='ocrx_word' id='word_1_103' title='bbox 155 1204 206 1255; x_wconf 90' lang='lat' dir='ltr'>(l)</span> <span class='ocrx_word' id='word_1_104' title='bbox 238 1204 391 1243; x_wconf 68' lang='lat' dir='ltr'>[mr-od.</span> <span class='ocrx_word' id='word_1_105' title='bbox 407 1218 460 1243; x_wconf 82' lang='lat' dir='ltr'>au</span> <span class='ocrx_word' id='word_1_106' title='bbox 475 1205 666 1245; x_wconf 76' lang='lat' dir='ltr'>Nouveau</span> <span class='ocrx_word' id='word_1_107' title='bbox 697 1205 801 1245; x_wconf 79' lang='lat' dir='ltr'>Test.</span> <span class='ocrx_word' id='word_1_108' title='bbox 821 1213 914 1244; x_wconf 89' lang='lat' dir='ltr'>tom.</span> 
     </span>
     <span class='ocr_line' id='line_1_14' title="bbox 97 1270 910 1322; baseline 0.002 -14"><span class='ocrx_word' id='word_1_109' title='bbox 97 1284 148 1317; x_wconf 79' lang='grc' dir='ltr'>ιν,</span> <span class='ocrx_word' id='word_1_110' title='bbox 175 1278 268 1321; x_wconf 84' lang='lat' dir='ltr'>part.</span> <span class='ocrx_word' id='word_1_111' title='bbox 284 1283 309 1307; x_wconf 93' lang='grc' dir='ltr'>ιι</span> <span class='ocrx_word' id='word_1_112' title='bbox 328 1299 338 1317; x_wconf 84' lang='lat'><em>‚</em></span> <span class='ocrx_word' id='word_1_113' title='bbox 356 1270 415 1308; x_wconf 90' lang='lat' dir='ltr'>ch.</span> <span class='ocrx_word' id='word_1_114' title='bbox 434 1283 500 1322; x_wconf 87' lang='lat'>27,</span> <span class='ocrx_word' id='word_1_115' title='bbox 529 1279 619 1309; x_wconf 87' lang='lat' dir='ltr'>sect.</span> <span class='ocrx_word' id='word_1_116' title='bbox 642 1271 681 1319; x_wconf 85' lang='lat'>5,</span> <span class='ocrx_word' id='word_1_117' title='bbox 702 1285 786 1322; x_wconf 84' lang='lat' dir='ltr'>pag.</span> <span class='ocrx_word' id='word_1_118' title='bbox 819 1270 910 1322; x_wconf 70' lang='grc'>340.</span> 
     </span>
     <span class='ocr_line' id='line_1_15' title="bbox 99 1336 918 1389; baseline 0.004 -17"><span class='ocrx_word' id='word_1_119' title='bbox 99 1336 234 1373; x_wconf 81' lang='lat' dir='ltr'>Mirum</span> <span class='ocrx_word' id='word_1_120' title='bbox 265 1349 375 1387; x_wconf 85' lang='lat' dir='ltr'>porro</span> <span class='ocrx_word' id='word_1_121' title='bbox 400 1344 479 1382; x_wconf 83' lang='lat' dir='ltr'>est,</span> <span class='ocrx_word' id='word_1_122' title='bbox 501 1351 665 1388; x_wconf 82' lang='lat' dir='ltr'>sagacem</span> <span class='ocrx_word' id='word_1_123' title='bbox 680 1337 782 1374; x_wconf 86' lang='lat' dir='ltr'>hunc</span> <span class='ocrx_word' id='word_1_124' title='bbox 802 1339 918 1389; x_wconf 89' lang='lat' dir='ltr'>scrip-</span> 
     </span>
     <span class='ocr_line' id='line_1_16' title="bbox 98 1403 918 1453; baseline 0.004 -15"><span class='ocrx_word' id='word_1_125' title='bbox 98 1410 213 1442; x_wconf 84' lang='lat' dir='ltr'>torem</span> <span class='ocrx_word' id='word_1_126' title='bbox 245 1403 436 1439; x_wconf 88' lang='lat' dir='ltr'>communi</span> <span class='ocrx_word' id='word_1_127' title='bbox 473 1404 692 1453; x_wconf 82' lang='lat' dir='ltr'>scriptorum</span> <span class='ocrx_word' id='word_1_128' title='bbox 717 1415 918 1453; x_wconf 80' lang='lat' dir='ltr'>graecorum</span> 
     </span>
     <span class='ocr_line' id='line_1_17' title="bbox 97 1465 920 1518; baseline 0.002 -13"><span class='ocrx_word' id='word_1_129' title='bbox 97 1475 133 1505; x_wconf 87' lang='lat' dir='ltr'>et</span> <span class='ocrx_word' id='word_1_130' title='bbox 168 1465 368 1504; x_wconf 88' lang='lat' dir='ltr'>latinorum</span> <span class='ocrx_word' id='word_1_131' title='bbox 402 1470 621 1515; x_wconf 82' lang='lat' dir='ltr'>consensui,</span> <span class='ocrx_word' id='word_1_132' title='bbox 646 1470 741 1506; x_wconf 89' lang='lat' dir='ltr'>circa</span> <span class='ocrx_word' id='word_1_133' title='bbox 761 1469 920 1518; x_wconf 78' lang='lat' dir='ltr'>intepre-</span> 
     </span>
     <span class='ocr_line' id='line_1_18' title="bbox 99 1531 918 1583; baseline 0.002 -14"><span class='ocrx_word' id='word_1_134' title='bbox 99 1531 278 1570; x_wconf 77' lang='lat' dir='ltr'>tationem</span> <span class='ocrx_word' id='word_1_135' title='bbox 293 1534 394 1570; x_wconf 88' lang='lat' dir='ltr'>vocis</span> <span class='ocrx_word' id='word_1_136' title='bbox 407 1532 622 1583; x_wconf 76' lang='lat' dir='ltr'>Babylonis</span> <span class='ocrx_word' id='word_1_137' title='bbox 632 1534 677 1572; x_wconf 89' lang='lat' dir='ltr'>de</span> <span class='ocrx_word' id='word_1_138' title='bbox 687 1533 778 1571; x_wconf 91' lang='lat' dir='ltr'>urbe</span> <span class='ocrx_word' id='word_1_139' title='bbox 790 1533 918 1582; x_wconf 89' lang='lat' dir='ltr'>Roma,</span> 
     </span>
     <span class='ocr_line' id='line_1_19' title="bbox 96 1600 919 1650; baseline 0.001 -13"><span class='ocrx_word' id='word_1_140' title='bbox 96 1613 285 1650; x_wconf 85' lang='lat' dir='ltr'>opponere</span> <span class='ocrx_word' id='word_1_141' title='bbox 302 1600 557 1637; x_wconf 84' lang='lat' dir='ltr'>auctoritatem</span> <span class='ocrx_word' id='word_1_142' title='bbox 573 1602 683 1637; x_wconf 88' lang='lat' dir='ltr'>unius</span> <span class='ocrx_word' id='word_1_143' title='bbox 697 1608 759 1637; x_wconf 84' lang='lat' dir='ltr'>aut</span> <span class='ocrx_word' id='word_1_144' title='bbox 773 1600 919 1639; x_wconf 85' lang='lat' dir='ltr'>alterius</span> 
     </span>
     <span class='ocr_line' id='line_1_20' title="bbox 97 1665 920 1718; baseline 0.002 -16"><span class='ocrx_word' id='word_1_145' title='bbox 97 1665 243 1702; x_wconf 87' lang='lat' dir='ltr'>obscuri</span> <span class='ocrx_word' id='word_1_146' title='bbox 268 1666 451 1714; x_wconf 85' lang='lat' dir='ltr'>scriptoris</span> <span class='ocrx_word' id='word_1_147' title='bbox 472 1666 583 1704; x_wconf 88' lang='lat' dir='ltr'>medii</span> <span class='ocrx_word' id='word_1_148' title='bbox 615 1669 702 1715; x_wconf 83' lang='lat' dir='ltr'>aevi,</span> <span class='ocrx_word' id='word_1_149' title='bbox 730 1674 765 1704; x_wconf 85' lang='lat' dir='ltr'>et</span> <span class='ocrx_word' id='word_1_150' title='bbox 791 1680 920 1718; x_wconf 88' lang='lat' dir='ltr'>provo-</span> 
     </span>
     <span class='ocr_line' id='line_1_21' title="bbox 96 1730 915 1781; baseline 0.002 -13"><span class='ocrx_word' id='word_1_151' title='bbox 96 1744 178 1770; x_wconf 86' lang='lat' dir='ltr'>care</span> <span class='ocrx_word' id='word_1_152' title='bbox 202 1731 248 1768; x_wconf 83' lang='lat' dir='ltr'>ad</span> <span class='ocrx_word' id='word_1_153' title='bbox 262 1730 415 1781; x_wconf 85' lang='lat' dir='ltr'>Joseph.</span> <span class='ocrx_word' id='word_1_154' title='bbox 430 1730 526 1770; x_wconf 89' lang='lat' dir='ltr'>Sim.</span> <span class='ocrx_word' id='word_1_155' title='bbox 544 1732 786 1770; x_wconf 86' lang='lat' dir='ltr'>Assemanum</span> <span class='ocrx_word' id='word_1_156' title='bbox 801 1763 811 1778; x_wconf 63' lang='lat'><em>³</em></span> <span class='ocrx_word' id='word_1_157' title='bbox 827 1741 915 1770; x_wconf 85' lang='lat' dir='ltr'>tom.</span> 
     </span>
     <span class='ocr_line' id='line_1_22' title="bbox 98 1795 919 1844; baseline 0.004 -11"><span class='ocrx_word' id='word_1_158' title='bbox 98 1808 140 1833; x_wconf 85' lang='lat'>111</span> <span class='ocrx_word' id='word_1_159' title='bbox 153 1823 167 1844; x_wconf 92' lang='lat'>‚</span> <span class='ocrx_word' id='word_1_160' title='bbox 183 1795 291 1833; x_wconf 69' lang='lat' dir='ltr'>Bibl.</span> <span class='ocrx_word' id='word_1_161' title='bbox 306 1797 525 1836; x_wconf 70' lang='lat' dir='ltr'>orientalis.</span> <span class='ocrx_word' id='word_1_162' title='bbox 549 1797 632 1836; x_wconf 87' lang='lat' dir='ltr'>Jam</span> <span class='ocrx_word' id='word_1_163' title='bbox 647 1812 731 1836; x_wconf 86' lang='lat' dir='ltr'>vero</span> <span class='ocrx_word' id='word_1_164' title='bbox 746 1797 919 1836; x_wconf 80' lang='lat' dir='ltr'>Assema-</span> 
     </span>
     <span class='ocr_line' id='line_1_23' title="bbox 98 1864 917 1915; baseline 0.004 -15"><span class='ocrx_word' id='word_1_165' title='bbox 98 1877 168 1901; x_wconf 85' lang='lat' dir='ltr'>nus</span> <span class='ocrx_word' id='word_1_166' title='bbox 183 1891 193 1907; x_wconf 87' lang='lat'><em>,</em></span> <span class='ocrx_word' id='word_1_167' title='bbox 241 1870 330 1900; x_wconf 85' lang='lat' dir='ltr'>tom.</span> <span class='ocrx_word' id='word_1_168' title='bbox 357 1875 423 1911; x_wconf 78' lang='lat' dir='ltr'>m,</span> <span class='ocrx_word' id='word_1_169' title='bbox 442 1874 536 1915; x_wconf 76' lang='lat' dir='ltr'>part.</span> <span class='ocrx_word' id='word_1_170' title='bbox 565 1879 594 1902; x_wconf 85' lang='lat'>1.</span> <span class='ocrx_word' id='word_1_171' title='bbox 614 1878 689 1902; x_wconf 90' lang='lat' dir='ltr'>non</span> <span class='ocrx_word' id='word_1_172' title='bbox 712 1864 822 1902; x_wconf 82' lang='lat' dir='ltr'>refert</span> <span class='ocrx_word' id='word_1_173' title='bbox 848 1867 917 1903; x_wconf 86' lang='lat' dir='ltr'>nisi</span> 
     </span>
     <span class='ocr_line' id='line_1_24' title="bbox 100 1928 916 1982; baseline 0.004 -17"><span class='ocrx_word' id='word_1_174' title='bbox 100 1928 256 1966; x_wconf 79' lang='lat' dir='ltr'>Amrum</span> <span class='ocrx_word' id='word_1_175' title='bbox 274 1928 454 1976; x_wconf 57' lang='lat' dir='ltr'>Matthaei,</span> <span class='ocrx_word' id='word_1_176' title='bbox 473 1932 590 1982; x_wconf 79' lang='lat' dir='ltr'>quiin</span> <span class='ocrx_word' id='word_1_177' title='bbox 612 1933 685 1969; x_wconf 72' lang='lat' dir='ltr'>vita</span> <span class='ocrx_word' id='word_1_178' title='bbox 698 1930 807 1968; x_wconf 84' lang='lat' dir='ltr'>Maris</span> <span class='ocrx_word' id='word_1_179' title='bbox 828 1937 863 1968; x_wconf 80' lang='lat' dir='ltr'>et</span> <span class='ocrx_word' id='word_1_180' title='bbox 879 1932 916 1968; x_wconf 85' lang='lat' dir='ltr'>in</span> 
     </span>
     <span class='ocr_line' id='line_1_25' title="bbox 101 1994 913 2047; baseline 0.005 -18"><span class='ocrx_word' id='word_1_181' title='bbox 101 1994 166 2032; x_wconf 85' lang='lat' dir='ltr'>lib.</span> <span class='ocrx_word' id='word_1_182' title='bbox 195 1994 369 2044; x_wconf 74' lang='lat' dir='ltr'>M&#39;aqdal.</span> <span class='ocrx_word' id='word_1_183' title='bbox 393 2004 485 2045; x_wconf 77' lang='lat' dir='ltr'>part.</span> <span class='ocrx_word' id='word_1_184' title='bbox 505 2009 548 2043; x_wconf 86' lang='grc' dir='ltr'><strong>ιι,</strong></span> <span class='ocrx_word' id='word_1_185' title='bbox 563 2011 642 2047; x_wconf 82' lang='lat' dir='ltr'>cap.</span> <span class='ocrx_word' id='word_1_186' title='bbox 657 1995 683 2034; x_wconf 86' lang='grc'><strong>8</strong></span> <span class='ocrx_word' id='word_1_187' title='bbox 701 2026 709 2039; x_wconf 68' lang='grc'>,</span> <span class='ocrx_word' id='word_1_188' title='bbox 726 1996 886 2034; x_wconf 75' lang='lat' dir='ltr'>affirmat</span> <span class='ocrx_word' id='word_1_189' title='bbox 904 2028 913 2042; x_wconf 43' lang='grc' dir='ltr'>,Ι</span> 
     </span>
     <span class='ocr_line' id='line_1_26' title="bbox 101 2060 916 2111; baseline 0.005 -15"><span class='ocrx_word' id='word_1_190' title='bbox 101 2060 246 2097; x_wconf 87' lang='lat' dir='ltr'>Petrum</span> <span class='ocrx_word' id='word_1_191' title='bbox 260 2061 688 2111; x_wconf 72' lang='lat' dir='ltr'>praeclicasseinOriente‚</span> <span class='ocrx_word' id='word_1_192' title='bbox 709 2064 779 2100; x_wconf 85' lang='lat' dir='ltr'>hoe</span> <span class='ocrx_word' id='word_1_193' title='bbox 793 2071 860 2111; x_wconf 83' lang='lat' dir='ltr'>est,</span> <span class='ocrx_word' id='word_1_194' title='bbox 877 2066 916 2101; x_wconf 87' lang='lat' dir='ltr'>in</span> 
     </span>
     <span class='ocr_line' id='line_1_27' title="bbox 101 2126 913 2181; baseline 0.005 -18"><span class='ocrx_word' id='word_1_195' title='bbox 101 2126 360 2176; x_wconf 83' lang='lat' dir='ltr'>Mesopotamia</span> <span class='ocrx_word' id='word_1_196' title='bbox 384 2135 417 2164; x_wconf 84' lang='lat' dir='ltr'>et</span> <span class='ocrx_word' id='word_1_197' title='bbox 430 2126 613 2173; x_wconf 76' lang='lat' dir='ltr'>Chaldaea,</span> <span class='ocrx_word' id='word_1_198' title='bbox 634 2137 667 2166; x_wconf 88' lang='lat' dir='ltr'>et</span> <span class='ocrx_word' id='word_1_199' title='bbox 682 2128 913 2181; x_wconf 82' lang='lat' dir='ltr'>Babylonem</span> 
     </span>
     <span class='ocr_line' id='line_1_28' title="bbox 98 2190 916 2242; baseline 0.007 -16"><span class='ocrx_word' id='word_1_200' title='bbox 98 2192 139 2226; x_wconf 86' lang='lat' dir='ltr'>in</span> <span class='ocrx_word' id='word_1_201' title='bbox 165 2190 274 2229; x_wconf 85' lang='lat' dir='ltr'>altera</span> <span class='ocrx_word' id='word_1_202' title='bbox 301 2190 398 2229; x_wconf 86' lang='lat' dir='ltr'>Petri</span> <span class='ocrx_word' id='word_1_203' title='bbox 423 2193 576 2242; x_wconf 87' lang='lat' dir='ltr'>epistola</span> <span class='ocrx_word' id='word_1_204' title='bbox 595 2200 838 2231; x_wconf 79' lang='lat' dir='ltr'>memoratam</span> <span class='ocrx_word' id='word_1_205' title='bbox 862 2195 916 2232; x_wconf 88' lang='lat' dir='ltr'>nil</span> 
     </span>
     <span class='ocr_line' id='line_1_29' title="bbox 101 2255 913 2309; baseline 0.007 -18"><span class='ocrx_word' id='word_1_206' title='bbox 101 2255 200 2292; x_wconf 79' lang='lat' dir='ltr'>aliud</span> <span class='ocrx_word' id='word_1_207' title='bbox 236 2269 310 2295; x_wconf 83' lang='lat' dir='ltr'>esse</span> <span class='ocrx_word' id='word_1_208' title='bbox 351 2272 464 2309; x_wconf 86' lang='lat' dir='ltr'>qnam</span> <span class='ocrx_word' id='word_1_209' title='bbox 497 2258 776 2297; x_wconf 79' lang='lat' dir='ltr'>celeberrimam</span> <span class='ocrx_word' id='word_1_210' title='bbox 813 2259 913 2297; x_wconf 88' lang='lat' dir='ltr'>illam</span> 
     </span>
     <span class='ocr_line' id='line_1_30' title="bbox 102 2320 913 2379; baseline 0.01 -22"><span class='ocrx_word' id='word_1_211' title='bbox 102 2320 254 2371; x_wconf 66' lang='lat' dir='ltr'>Assyriae</span> <span class='ocrx_word' id='word_1_212' title='bbox 279 2323 425 2363; x_wconf 85' lang='lat' dir='ltr'>urbem.</span> <span class='ocrx_word' id='word_1_213' title='bbox 449 2324 518 2363; x_wconf 88' lang='lat' dir='ltr'>Cui</span> <span class='ocrx_word' id='word_1_214' title='bbox 550 2326 740 2364; x_wconf 80' lang='lat' dir='ltr'>addendus</span> <span class='ocrx_word' id='word_1_215' title='bbox 763 2325 913 2379; x_wconf 80' lang='lat' dir='ltr'>Jesuja-</span> 
     </span>
     <span class='ocr_line' id='line_1_31' title="bbox 102 2385 912 2440; baseline 0.007 -16"><span class='ocrx_word' id='word_1_216' title='bbox 102 2387 172 2424; x_wconf 88' lang='lat' dir='ltr'>bus</span> <span class='ocrx_word' id='word_1_217' title='bbox 193 2385 389 2427; x_wconf 86' lang='lat' dir='ltr'>Nisibenus</span> <span class='ocrx_word' id='word_1_218' title='bbox 414 2420 423 2436; x_wconf 49' lang='lat'>5</span> <span class='ocrx_word' id='word_1_219' title='bbox 442 2392 479 2428; x_wconf 89' lang='lat' dir='ltr'>in</span> <span class='ocrx_word' id='word_1_220' title='bbox 492 2392 560 2429; x_wconf 85' lang='lat' dir='ltr'>lib.</span> <span class='ocrx_word' id='word_1_221' title='bbox 580 2391 754 2430; x_wconf 74' lang='lat' dir='ltr'>adversus</span> <span class='ocrx_word' id='word_1_222' title='bbox 769 2400 885 2430; x_wconf 82' lang='lat' dir='ltr'>sectas</span> <span class='ocrx_word' id='word_1_223' title='bbox 900 2423 912 2440; x_wconf 78' lang='lat'>,</span> 
     </span>
     <span class='ocr_line' id='line_1_32' title="bbox 105 2454 910 2508; baseline 0.007 -19"><span class='ocrx_word' id='word_1_224' title='bbox 105 2458 199 2502; x_wconf 81' lang='lat' dir='ltr'>part.</span> <span class='ocrx_word' id='word_1_225' title='bbox 237 2454 264 2489; x_wconf 84' lang='lat' dir='ltr'>it</span> <span class='ocrx_word' id='word_1_226' title='bbox 286 2481 297 2499; x_wconf 93' lang='lat'>‚</span> <span class='ocrx_word' id='word_1_227' title='bbox 328 2467 410 2505; x_wconf 85' lang='lat' dir='ltr'>cap.</span> <span class='ocrx_word' id='word_1_228' title='bbox 440 2454 466 2494; x_wconf 90' lang='lat'>8</span> <span class='ocrx_word' id='word_1_229' title='bbox 487 2486 496 2503; x_wconf 95' lang='lat'><strong>‚</strong></span> <span class='ocrx_word' id='word_1_230' title='bbox 526 2459 592 2508; x_wconf 89' lang='lat' dir='ltr'>qui</span> <span class='ocrx_word' id='word_1_231' title='bbox 607 2464 735 2495; x_wconf 82' lang='lat' dir='ltr'>tamen</span> <span class='ocrx_word' id='word_1_232' title='bbox 760 2457 910 2504; x_wconf 77' lang='lat' dir='ltr'>scribit,</span> 
     </span>
     <span class='ocr_line' id='line_1_33' title="bbox 103 2516 912 2574; baseline 0.009 -20"><span class='ocrx_word' id='word_1_233' title='bbox 103 2516 254 2556; x_wconf 79' lang='lat' dir='ltr'>Petrum</span> <span class='ocrx_word' id='word_1_234' title='bbox 273 2516 460 2570; x_wconf 83' lang='lat' dir='ltr'>Babylone</span> <span class='ocrx_word' id='word_1_235' title='bbox 474 2549 485 2570; x_wconf 83' lang='lat'>,</span> <span class='ocrx_word' id='word_1_236' title='bbox 515 2521 580 2559; x_wconf 89' lang='lat' dir='ltr'>ubi</span> <span class='ocrx_word' id='word_1_237' title='bbox 606 2523 797 2573; x_wconf 85' lang='lat' dir='ltr'>epistolam</span> <span class='ocrx_word' id='word_1_238' title='bbox 817 2525 912 2574; x_wconf 90' lang='lat' dir='ltr'>prio-</span> 
     </span>
     <span class='ocr_line' id='line_1_34' title="bbox 103 2581 914 2635; baseline 0.007 -14"><span class='ocrx_word' id='word_1_239' title='bbox 103 2597 182 2622; x_wconf 85' lang='lat' dir='ltr'>rem</span> <span class='ocrx_word' id='word_1_240' title='bbox 197 2581 416 2635; x_wconf 84' lang='lat' dir='ltr'>scripserat,</span> <span class='ocrx_word' id='word_1_241' title='bbox 443 2600 517 2623; x_wconf 89' lang='lat' dir='ltr'>una</span> <span class='ocrx_word' id='word_1_242' title='bbox 531 2600 617 2624; x_wconf 89' lang='lat' dir='ltr'>cum</span> <span class='ocrx_word' id='word_1_243' title='bbox 638 2587 761 2625; x_wconf 81' lang='lat' dir='ltr'>Marco</span> <span class='ocrx_word' id='word_1_244' title='bbox 782 2590 914 2627; x_wconf 84' lang='lat' dir='ltr'>comite</span> 
     </span>
     <span class='ocr_line' id='line_1_35' title="bbox 103 2652 912 2706; baseline 0.006 -16"><span class='ocrx_word' id='word_1_245' title='bbox 103 2652 262 2691; x_wconf 87' lang='lat' dir='ltr'>Romam</span> <span class='ocrx_word' id='word_1_246' title='bbox 288 2667 326 2691; x_wconf 87' lang='lat' dir='ltr'>se</span> <span class='ocrx_word' id='word_1_247' title='bbox 356 2653 553 2692; x_wconf 81' lang='lat' dir='ltr'>contulisse</span> <span class='ocrx_word' id='word_1_248' title='bbox 571 2684 581 2701; x_wconf 86' lang='lat'><strong>‚</strong></span> <span class='ocrx_word' id='word_1_249' title='bbox 613 2655 711 2706; x_wconf 90' lang='lat' dir='ltr'>apud</span> <span class='ocrx_word' id='word_1_250' title='bbox 741 2657 912 2695; x_wconf 89' lang='lat' dir='ltr'>eumdem</span> 
     </span>
     <span class='ocr_line' id='line_1_36' title="bbox 106 2717 911 2775; baseline 0.006 -20"><span class='ocrx_word' id='word_1_251' title='bbox 106 2717 360 2763; x_wconf 82' lang='lat' dir='ltr'>Assemanum,</span> <span class='ocrx_word' id='word_1_252' title='bbox 377 2727 469 2757; x_wconf 83' lang='lat' dir='ltr'>tom.</span> <span class='ocrx_word' id='word_1_253' title='bbox 496 2732 535 2757; x_wconf 94' lang='grc' dir='ltr'>ιιι</span> <span class='ocrx_word' id='word_1_254' title='bbox 555 2750 564 2766; x_wconf 83' lang='grc'><em>,</em></span> <span class='ocrx_word' id='word_1_255' title='bbox 583 2728 677 2771; x_wconf 86' lang='lat' dir='ltr'>part.</span> <span class='ocrx_word' id='word_1_256' title='bbox 702 2734 742 2768; x_wconf 90' lang='grc' dir='ltr'>ιι,</span> <span class='ocrx_word' id='word_1_257' title='bbox 770 2735 853 2775; x_wconf 84' lang='lat' dir='ltr'>pag.</span> <span class='ocrx_word' id='word_1_258' title='bbox 871 2720 911 2760; x_wconf 85' lang='lat'>6.</span> 
     </span>
     <span class='ocr_line' id='line_1_37' title="bbox 98 2782 908 2840; baseline 0.006 -20"><span class='ocrx_word' id='word_1_259' title='bbox 98 2782 208 2822; x_wconf 85' lang='lat' dir='ltr'>Porro</span> <span class='ocrx_word' id='word_1_260' title='bbox 225 2783 264 2821; x_wconf 86' lang='lat' dir='ltr'>hi</span> <span class='ocrx_word' id='word_1_261' title='bbox 283 2784 350 2822; x_wconf 86' lang='lat' dir='ltr'>soli</span> <span class='ocrx_word' id='word_1_262' title='bbox 374 2791 459 2822; x_wconf 89' lang='lat' dir='ltr'>sunt</span> <span class='ocrx_word' id='word_1_263' title='bbox 479 2799 522 2823; x_wconf 84' lang='lat' dir='ltr'>ex</span> <span class='ocrx_word' id='word_1_264' title='bbox 542 2786 778 2837; x_wconf 86' lang='lat' dir='ltr'>scriptoribus</span> <span class='ocrx_word' id='word_1_265' title='bbox 798 2788 908 2840; x_wconf 83' lang='lat' dir='ltr'>syris,</span> 
     </span>
     <span class='ocr_line' id='line_1_38' title="bbox 99 2848 911 2903; baseline 0.006 -17"><span class='ocrx_word' id='word_1_266' title='bbox 99 2861 191 2899; x_wconf 79' lang='lat' dir='ltr'>quos</span> <span class='ocrx_word' id='word_1_267' title='bbox 204 2848 311 2888; x_wconf 80' lang='lat' dir='ltr'>affert</span> <span class='ocrx_word' id='word_1_268' title='bbox 329 2849 550 2903; x_wconf 81' lang='lat' dir='ltr'>Assemanus</span> <span class='ocrx_word' id='word_1_269' title='bbox 563 2881 573 2898; x_wconf 76' lang='grc'>,</span> <span class='ocrx_word' id='word_1_270' title='bbox 586 2851 829 2892; x_wconf 79' lang='lat' dir='ltr'>asserentibus</span> <span class='ocrx_word' id='word_1_271' title='bbox 844 2852 911 2891; x_wconf 87' lang='lat' dir='ltr'>Ba-</span> 
     </span>
     <span class='ocr_line' id='line_1_39' title="bbox 97 2913 908 2971; baseline 0.01 -21"><span class='ocrx_word' id='word_1_272' title='bbox 97 2913 242 2965; x_wconf 81' lang='lat' dir='ltr'>bylonis</span> <span class='ocrx_word' id='word_1_273' title='bbox 276 2919 429 2956; x_wconf 89' lang='lat' dir='ltr'>nomine</span> <span class='ocrx_word' id='word_1_274' title='bbox 479 2916 629 2956; x_wconf 86' lang='lat' dir='ltr'>Petrum</span> <span class='ocrx_word' id='word_1_275' title='bbox 676 2917 908 2971; x_wconf 84' lang='lat' dir='ltr'>Metropolim</span> 
     </span>
     <span class='ocr_line' id='line_1_40' title="bbox 100 2978 910 3038; baseline 0.01 -22"><span class='ocrx_word' id='word_1_276' title='bbox 100 2978 288 3019; x_wconf 75' lang='lat' dir='ltr'>chaldaeae</span> <span class='ocrx_word' id='word_1_277' title='bbox 300 2982 511 3036; x_wconf 79' lang='lat' dir='ltr'>designasse</span> <span class='ocrx_word' id='word_1_278' title='bbox 528 3014 538 3031; x_wconf 88' lang='lat'>‚</span> <span class='ocrx_word' id='word_1_279' title='bbox 553 2998 645 3036; x_wconf 89' lang='lat' dir='ltr'>quos</span> <span class='ocrx_word' id='word_1_280' title='bbox 660 2984 813 3037; x_wconf 84' lang='lat' dir='ltr'>quidem</span> <span class='ocrx_word' id='word_1_281' title='bbox 833 2987 910 3038; x_wconf 84' lang='lat' dir='ltr'>ipse</span> 
     </span>
     <span class='ocr_line' id='line_1_41' title="bbox 94 3043 274 3084; baseline 0.006 -2"><span class='ocrx_word' id='word_1_282' title='bbox 94 3043 274 3084; x_wconf 80' lang='lat' dir='ltr'>confutat.</span> 
     </span>
    </p>
   </div>
   <div class='ocr_carea' id='block_1_5' title="bbox 977 1206 1802 2978">
    <p class='ocr_par' dir='ltr' id='par_1_5' title="bbox 1039 1206 1800 1391">
     <span class='ocr_line' id='line_1_42' title="bbox 1043 1206 1800 1264; baseline 0.016 -20"><span class='ocrx_word' id='word_1_283' title='bbox 1043 1206 1098 1258; x_wconf 61' lang='lat'>(³2)</span> <span class='ocrx_word' id='word_1_284' title='bbox 1127 1208 1204 1247; x_wconf 88' lang='lat' dir='ltr'>Cfr.</span> <span class='ocrx_word' id='word_1_285' title='bbox 1219 1207 1353 1249; x_wconf 88' lang='lat' dir='ltr'>Baron.</span> <span class='ocrx_word' id='word_1_286' title='bbox 1375 1210 1421 1249; x_wconf 90' lang='lat' dir='ltr'>ad</span> <span class='ocrx_word' id='word_1_287' title='bbox 1442 1226 1505 1252; x_wconf 88' lang='lat' dir='ltr'>an.</span> <span class='ocrx_word' id='word_1_288' title='bbox 1522 1211 1591 1264; x_wconf 72' lang='grc'>45,</span> <span class='ocrx_word' id='word_1_289' title='bbox 1613 1229 1721 1256; x_wconf 86' lang='lat' dir='ltr'>num.</span> <span class='ocrx_word' id='word_1_290' title='bbox 1739 1214 1800 1256; x_wconf 81' lang='lat'>18.</span> 
     </span>
     <span class='ocr_line' id='line_1_43' title="bbox 1039 1272 1763 1335; baseline 0.019 -25"><span class='ocrx_word' id='word_1_291' title='bbox 1039 1272 1091 1324; x_wconf 89' lang='grc'>(3)</span> <span class='ocrx_word' id='word_1_292' title='bbox 1122 1274 1231 1325; x_wconf 86' lang='lat' dir='ltr'>Apud</span> <span class='ocrx_word' id='word_1_293' title='bbox 1255 1275 1392 1319; x_wconf 89' lang='lat' dir='ltr'>Euseb.</span> <span class='ocrx_word' id='word_1_294' title='bbox 1418 1279 1487 1319; x_wconf 87' lang='lat' dir='ltr'>lib.</span> <span class='ocrx_word' id='word_1_295' title='bbox 1509 1294 1560 1326; x_wconf 88' lang='grc' dir='ltr'>ιι,</span> <span class='ocrx_word' id='word_1_296' title='bbox 1592 1296 1674 1335; x_wconf 87' lang='lat' dir='ltr'>cap.</span> <span class='ocrx_word' id='word_1_297' title='bbox 1700 1283 1763 1323; x_wconf 80' lang='lat'>15.</span> 
     </span>
     <span class='ocr_line' id='line_1_44' title="bbox 1040 1339 1560 1391; baseline 0.021 -14"><span class='ocrx_word' id='word_1_298' title='bbox 1040 1339 1091 1391; x_wconf 69' lang='lat' dir='ltr'>(ll)</span> <span class='ocrx_word' id='word_1_299' title='bbox 1120 1340 1217 1381; x_wconf 89' lang='lat' dir='ltr'>lbid.</span> <span class='ocrx_word' id='word_1_300' title='bbox 1236 1351 1271 1380; x_wconf 88' lang='lat' dir='ltr'>et</span> <span class='ocrx_word' id='word_1_301' title='bbox 1290 1345 1330 1380; x_wconf 92' lang='lat' dir='ltr'>in</span> <span class='ocrx_word' id='word_1_302' title='bbox 1358 1343 1560 1389; x_wconf 69' lang='lat' dir='ltr'>Chronico.</span> 
     </span>
    </p>

    <p class='ocr_par' dir='ltr' id='par_1_6' title="bbox 1040 1405 1296 1454">
     <span class='ocr_line' id='line_1_45' title="bbox 1040 1405 1296 1454; baseline 0.023 -12"><span class='ocrx_word' id='word_1_303' title='bbox 1040 1405 1090 1454; x_wconf 73' lang='grc' dir='ltr'>(ὅ)</span> <span class='ocrx_word' id='word_1_304' title='bbox 1122 1407 1211 1447; x_wconf 89' lang='lat' dir='ltr'>Loc.</span> <span class='ocrx_word' id='word_1_305' title='bbox 1234 1410 1296 1448; x_wconf 84' lang='lat' dir='ltr'>cit.</span> 
     </span>
    </p>

    <p class='ocr_par' dir='ltr' id='par_1_7' title="bbox 979 1471 1802 2577">
     <span class='ocr_line' id='line_1_46' title="bbox 1040 1471 1799 1522; baseline 0.02 -14"><span class='ocrx_word' id='word_1_306' title='bbox 1040 1471 1090 1522; x_wconf 79' lang='lat'>(6)</span> <span class='ocrx_word' id='word_1_307' title='bbox 1122 1472 1198 1512; x_wconf 76' lang='lat' dir='ltr'>cfr.</span> <span class='ocrx_word' id='word_1_308' title='bbox 1241 1473 1409 1514; x_wconf 81' lang='lat' dir='ltr'>Valesius</span> <span class='ocrx_word' id='word_1_309' title='bbox 1431 1478 1470 1515; x_wconf 88' lang='lat' dir='ltr'>in</span> <span class='ocrx_word' id='word_1_310' title='bbox 1505 1479 1632 1519; x_wconf 79' lang='lat' dir='ltr'>adnot.</span> <span class='ocrx_word' id='word_1_311' title='bbox 1656 1482 1704 1521; x_wconf 90' lang='lat' dir='ltr'>ad</span> <span class='ocrx_word' id='word_1_312' title='bbox 1726 1484 1799 1522; x_wconf 88' lang='lat' dir='ltr'>loc.</span> 
     </span>
     <span class='ocr_line' id='line_1_47' title="bbox 985 1538 1800 1595; baseline 0.018 -22"><span class='ocrx_word' id='word_1_313' title='bbox 985 1538 1048 1575; x_wconf 74' lang='lat' dir='ltr'>cit,</span> <span class='ocrx_word' id='word_1_314' title='bbox 1065 1552 1213 1577; x_wconf 87' lang='lat' dir='ltr'>necnon</span> <span class='ocrx_word' id='word_1_315' title='bbox 1228 1539 1427 1592; x_wconf 84' lang='lat' dir='ltr'>Fogginius</span> <span class='ocrx_word' id='word_1_316' title='bbox 1448 1573 1457 1590; x_wconf 91' lang='lat'>‚</span> <span class='ocrx_word' id='word_1_317' title='bbox 1486 1558 1544 1595; x_wconf 89' lang='lat' dir='ltr'>op.</span> <span class='ocrx_word' id='word_1_318' title='bbox 1564 1548 1625 1584; x_wconf 85' lang='lat' dir='ltr'>eit.</span> <span class='ocrx_word' id='word_1_319' title='bbox 1653 1551 1800 1588; x_wconf 85' lang='lat' dir='ltr'>exercit.</span> 
     </span>
     <span class='ocr_line' id='line_1_48' title="bbox 991 1603 1801 1663; baseline 0.019 -24"><span class='ocrx_word' id='word_1_320' title='bbox 991 1616 1051 1641; x_wconf 87' lang='lat'>10.</span> <span class='ocrx_word' id='word_1_321' title='bbox 1078 1603 1162 1642; x_wconf 78' lang='lat' dir='ltr'>Dixi</span> <span class='ocrx_word' id='word_1_322' title='bbox 1178 1606 1260 1656; x_wconf 85' lang='lat' dir='ltr'>fere</span> <span class='ocrx_word' id='word_1_323' title='bbox 1281 1621 1410 1647; x_wconf 86' lang='lat' dir='ltr'>omnes</span> <span class='ocrx_word' id='word_1_324' title='bbox 1429 1640 1437 1657; x_wconf 89' lang='lat'>‚</span> <span class='ocrx_word' id='word_1_325' title='bbox 1465 1612 1552 1663; x_wconf 85' lang='lat' dir='ltr'>quia</span> <span class='ocrx_word' id='word_1_326' title='bbox 1569 1612 1720 1653; x_wconf 85' lang='lat' dir='ltr'>Cosmas</span> <span class='ocrx_word' id='word_1_327' title='bbox 1740 1614 1801 1654; x_wconf 91' lang='lat' dir='ltr'>In-</span> 
     </span>
     <span class='ocr_line' id='line_1_49' title="bbox 984 1668 1802 1734; baseline 0.018 -28"><span class='ocrx_word' id='word_1_328' title='bbox 984 1668 1225 1721; x_wconf 87' lang='lat' dir='ltr'>dicopleusta‚</span> <span class='ocrx_word' id='word_1_329' title='bbox 1242 1675 1331 1712; x_wconf 78' lang='lat' dir='ltr'>sexti</span> <span class='ocrx_word' id='word_1_330' title='bbox 1345 1689 1419 1715; x_wconf 86' lang='lat' dir='ltr'>sec.</span> <span class='ocrx_word' id='word_1_331' title='bbox 1432 1679 1597 1729; x_wconf 87' lang='lat' dir='ltr'>scriptor,</span> <span class='ocrx_word' id='word_1_332' title='bbox 1615 1681 1654 1718; x_wconf 91' lang='lat' dir='ltr'>in</span> <span class='ocrx_word' id='word_1_333' title='bbox 1677 1680 1802 1734; x_wconf 80' lang='lat' dir='ltr'>Topo-</span> 
     </span>
     <span class='ocr_line' id='line_1_50' title="bbox 981 1735 1797 1797; baseline 0.021 -26"><span class='ocrx_word' id='word_1_334' title='bbox 981 1735 1147 1787; x_wconf 76' lang='lat' dir='ltr'>yraphia</span> <span class='ocrx_word' id='word_1_335' title='bbox 1161 1736 1402 1788; x_wconf 73' lang='lat' dir='ltr'>Christiana,</span> <span class='ocrx_word' id='word_1_336' title='bbox 1426 1743 1525 1793; x_wconf 90' lang='lat' dir='ltr'>apud</span> <span class='ocrx_word' id='word_1_337' title='bbox 1539 1743 1797 1797; x_wconf 86' lang='lat' dir='ltr'>Montfaucon,</span> 
     </span>
     <span class='ocr_line' id='line_1_51' title="bbox 982 1799 1797 1867; baseline 0.02 -30"><span class='ocrx_word' id='word_1_338' title='bbox 982 1799 1089 1839; x_wconf 79' lang='lat' dir='ltr'>Nova</span> <span class='ocrx_word' id='word_1_339' title='bbox 1121 1802 1262 1843; x_wconf 77' lang='lat' dir='ltr'>collect.</span> <span class='ocrx_word' id='word_1_340' title='bbox 1299 1805 1484 1847; x_wconf 81' lang='lat' dir='ltr'>Patrum.</span> <span class='ocrx_word' id='word_1_341' title='bbox 1513 1809 1625 1849; x_wconf 85' lang='lat' dir='ltr'>Paris.</span> <span class='ocrx_word' id='word_1_342' title='bbox 1680 1812 1797 1867; x_wconf 86' lang='lat'>1706,</span> 
     </span>
     <span class='ocr_line' id='line_1_52' title="bbox 984 1869 1801 1930; baseline 0.02 -26"><span class='ocrx_word' id='word_1_343' title='bbox 984 1874 1073 1906; x_wconf 76' lang='lat' dir='ltr'>tom.</span> <span class='ocrx_word' id='word_1_344' title='bbox 1102 1882 1128 1906; x_wconf 92' lang='grc' dir='ltr'>ιι</span> <span class='ocrx_word' id='word_1_345' title='bbox 1144 1899 1153 1916; x_wconf 83' lang='grc'><em>,</em></span> <span class='ocrx_word' id='word_1_346' title='bbox 1171 1884 1254 1921; x_wconf 85' lang='lat' dir='ltr'>pag.</span> <span class='ocrx_word' id='word_1_347' title='bbox 1282 1869 1477 1924; x_wconf 61' lang='lat'>147-148,</span> <span class='ocrx_word' id='word_1_348' title='bbox 1506 1875 1734 1930; x_wconf 82' lang='lat' dir='ltr'>Babylonem</span> <span class='ocrx_word' id='word_1_349' title='bbox 1754 1881 1801 1919; x_wconf 89' lang='lat' dir='ltr'>de</span> 
     </span>
     <span class='ocr_line' id='line_1_53' title="bbox 984 1932 1801 1988; baseline 0.021 -19"><span class='ocrx_word' id='word_1_350' title='bbox 984 1932 1074 1971; x_wconf 81' lang='lat' dir='ltr'>urbe</span> <span class='ocrx_word' id='word_1_351' title='bbox 1101 1932 1264 1988; x_wconf 73' lang='lat' dir='ltr'>Assyriae</span> <span class='ocrx_word' id='word_1_352' title='bbox 1289 1938 1493 1988; x_wconf 78' lang='lat' dir='ltr'>intellexit,</span> <span class='ocrx_word' id='word_1_353' title='bbox 1517 1943 1679 1983; x_wconf 85' lang='lat' dir='ltr'>scribens</span> <span class='ocrx_word' id='word_1_354' title='bbox 1707 1959 1719 1984; x_wconf 88' lang='lat'>:</span> <span class='ocrx_word' id='word_1_355' title='bbox 1743 1945 1801 1986; x_wconf 72' lang='lat' dir='ltr'>At</span> 
     </span>
     <span class='ocr_line' id='line_1_54' title="bbox 981 2000 1797 2065; baseline 0.021 -31"><span class='ocrx_word' id='word_1_356' title='bbox 981 2000 1086 2036; x_wconf 75' lang='lat' dir='ltr'>enim</span> <span class='ocrx_word' id='word_1_357' title='bbox 1105 2002 1148 2038; x_wconf 74' lang='lat' dir='ltr'>in</span> <span class='ocrx_word' id='word_1_358' title='bbox 1162 2015 1324 2040; x_wconf 82' lang='lat' dir='ltr'>romana</span> <span class='ocrx_word' id='word_1_359' title='bbox 1331 2006 1508 2055; x_wconf 79' lang='lat' dir='ltr'>primum</span> <span class='ocrx_word' id='word_1_360' title='bbox 1525 2007 1672 2048; x_wconf 78' lang='lat' dir='ltr'>ditione</span> <span class='ocrx_word' id='word_1_361' title='bbox 1685 2011 1725 2049; x_wconf 88' lang='lat' dir='ltr'><em>A</em></span> <span class='ocrx_word' id='word_1_362' title='bbox 1724 2025 1797 2065; x_wconf 80' lang='lat' dir='ltr'>po-</span> 
     </span>
     <span class='ocr_line' id='line_1_55' title="bbox 981 2063 1798 2126; baseline 0.02 -26"><span class='ocrx_word' id='word_1_363' title='bbox 981 2063 1159 2103; x_wconf 80' lang='lat' dir='ltr'>stolorum</span> <span class='ocrx_word' id='word_1_364' title='bbox 1170 2074 1334 2118; x_wconf 82' lang='lat' dir='ltr'>tempore</span> <span class='ocrx_word' id='word_1_365' title='bbox 1343 2069 1557 2110; x_wconf 75' lang='lat' dir='ltr'>christiana</span> <span class='ocrx_word' id='word_1_366' title='bbox 1569 2075 1798 2126; x_wconf 73' lang='lat' dir='ltr'>praedicatio</span> 
     </span>
     <span class='ocr_line' id='line_1_56' title="bbox 981 2128 1796 2190; baseline 0.02 -25"><span class='ocrx_word' id='word_1_367' title='bbox 981 2128 1122 2181; x_wconf 75' lang='lat' dir='ltr'>diffusa</span> <span class='ocrx_word' id='word_1_368' title='bbox 1145 2140 1198 2170; x_wconf 76' lang='lat' dir='ltr'>est</span> <span class='ocrx_word' id='word_1_369' title='bbox 1213 2147 1223 2182; x_wconf 89' lang='lat'>;</span> <span class='ocrx_word' id='word_1_370' title='bbox 1247 2135 1376 2172; x_wconf 79' lang='lat' dir='ltr'>statim</span> <span class='ocrx_word' id='word_1_371' title='bbox 1390 2150 1476 2174; x_wconf 80' lang='lat' dir='ltr'>vero</span> <span class='ocrx_word' id='word_1_372' title='bbox 1491 2147 1622 2190; x_wconf 79' lang='lat' dir='ltr'>postea</span> <span class='ocrx_word' id='word_1_373' title='bbox 1639 2142 1681 2178; x_wconf 78' lang='lat' dir='ltr'>in</span> <span class='ocrx_word' id='word_1_374' title='bbox 1699 2139 1796 2181; x_wconf 83' lang='lat' dir='ltr'>Per-</span> 
     </span>
     <span class='ocr_line' id='line_1_57' title="bbox 980 2195 1797 2254; baseline 0.02 -23"><span class='ocrx_word' id='word_1_375' title='bbox 980 2195 1140 2248; x_wconf 77' lang='lat' dir='ltr'>sideper</span> <span class='ocrx_word' id='word_1_376' title='bbox 1160 2198 1375 2238; x_wconf 78' lang='lat' dir='ltr'>Taddaeum</span> <span class='ocrx_word' id='word_1_377' title='bbox 1382 2201 1626 2254; x_wconf 76' lang='lat' dir='ltr'>Apostolum.</span> <span class='ocrx_word' id='word_1_378' title='bbox 1634 2205 1673 2244; x_wconf 89' lang='lat' dir='ltr'><em>E</em></span> <span class='ocrx_word' id='word_1_379' title='bbox 1675 2215 1692 2244; x_wconf 80' lang='lat' dir='ltr'>t</span> <span class='ocrx_word' id='word_1_380' title='bbox 1703 2221 1797 2248; x_wconf 70' lang='lat' dir='ltr'>eane</span> 
     </span>
     <span class='ocr_line' id='line_1_58' title="bbox 980 2262 1796 2323; baseline 0.021 -26"><span class='ocrx_word' id='word_1_381' title='bbox 980 2262 1025 2297; x_wconf 77' lang='lat' dir='ltr'>in</span> <span class='ocrx_word' id='word_1_382' title='bbox 1051 2262 1248 2304; x_wconf 75' lang='lat' dir='ltr'>catholicis</span> <span class='ocrx_word' id='word_1_383' title='bbox 1285 2268 1454 2318; x_wconf 73' lang='lat' dir='ltr'>epistolis</span> <span class='ocrx_word' id='word_1_384' title='bbox 1477 2273 1666 2323; x_wconf 74' lang='lat' dir='ltr'>scriptum</span> <span class='ocrx_word' id='word_1_385' title='bbox 1702 2281 1756 2313; x_wconf 76' lang='lat' dir='ltr'>est</span> <span class='ocrx_word' id='word_1_386' title='bbox 1781 2290 1796 2315; x_wconf 80' lang='lat'>.-</span> 
     </span>
     <span class='ocr_line' id='line_1_59' title="bbox 979 2324 1794 2391; baseline 0.016 -25"><span class='ocrx_word' id='word_1_387' title='bbox 979 2324 1134 2366; x_wconf 75' lang='lat' dir='ltr'>Salutat</span> <span class='ocrx_word' id='word_1_388' title='bbox 1145 2343 1210 2367; x_wconf 83' lang='lat' dir='ltr'>vos</span> <span class='ocrx_word' id='word_1_389' title='bbox 1228 2330 1419 2382; x_wconf 78' lang='lat' dir='ltr'>Ecclesia,</span> <span class='ocrx_word' id='word_1_390' title='bbox 1435 2348 1516 2385; x_wconf 78' lang='lat' dir='ltr'>quae</span> <span class='ocrx_word' id='word_1_391' title='bbox 1533 2339 1643 2375; x_wconf 77' lang='lat' dir='ltr'>estin</span> <span class='ocrx_word' id='word_1_392' title='bbox 1656 2338 1794 2391; x_wconf 81' lang='lat' dir='ltr'><strong><em>Baby-</em></strong></span> 
     </span>
     <span class='ocr_line' id='line_1_60' title="bbox 979 2391 1793 2458; baseline 0.018 -29"><span class='ocrx_word' id='word_1_393' title='bbox 979 2391 1063 2431; x_wconf 78' lang='lat' dir='ltr'>lone</span> <span class='ocrx_word' id='word_1_394' title='bbox 1084 2394 1248 2433; x_wconf 80' lang='lat' dir='ltr'>collecta.</span> <span class='ocrx_word' id='word_1_395' title='bbox 1276 2397 1329 2434; x_wconf 89' lang='lat' dir='ltr'>De</span> <span class='ocrx_word' id='word_1_396' title='bbox 1346 2399 1415 2437; x_wconf 88' lang='lat' dir='ltr'>hoc</span> <span class='ocrx_word' id='word_1_397' title='bbox 1431 2403 1606 2452; x_wconf 79' lang='lat' dir='ltr'>scriptore</span> <span class='ocrx_word' id='word_1_398' title='bbox 1622 2403 1793 2458; x_wconf 82' lang='lat' dir='ltr'>AEgyptio</span> 
     </span>
     <span class='ocr_line' id='line_1_61' title="bbox 980 2458 1794 2520; baseline 0.018 -24"><span class='ocrx_word' id='word_1_399' title='bbox 980 2459 1048 2498; x_wconf 88' lang='lat' dir='ltr'>cfr.</span> <span class='ocrx_word' id='word_1_400' title='bbox 1076 2458 1317 2502; x_wconf 86' lang='lat' dir='ltr'>Montfaucon</span> <span class='ocrx_word' id='word_1_401' title='bbox 1341 2466 1381 2502; x_wconf 88' lang='lat' dir='ltr'>in</span> <span class='ocrx_word' id='word_1_402' title='bbox 1410 2467 1550 2506; x_wconf 88' lang='lat' dir='ltr'>erudita</span> <span class='ocrx_word' id='word_1_403' title='bbox 1576 2471 1715 2520; x_wconf 83' lang='lat' dir='ltr'>praefat.</span> <span class='ocrx_word' id='word_1_404' title='bbox 1747 2472 1794 2510; x_wconf 85' lang='lat' dir='ltr'>ad</span> 
     </span>
     <span class='ocr_line' id='line_1_62' title="bbox 980 2538 1206 2577; baseline 0.022 -16"><span class='ocrx_word' id='word_1_405' title='bbox 980 2538 1059 2575; x_wconf 72' lang='lat' dir='ltr'>elus</span> <span class='ocrx_word' id='word_1_406' title='bbox 1079 2539 1206 2577; x_wconf 90' lang='lat' dir='ltr'>opera.</span> 
     </span>
    </p>

    <p class='ocr_par' dir='ltr' id='par_1_8' title="bbox 980 2589 1789 2717">
     <span class='ocr_line' id='line_1_63' title="bbox 1034 2589 1789 2655; baseline 0.021 -28"><span class='ocrx_word' id='word_1_407' title='bbox 1034 2589 1082 2640; x_wconf 88' lang='lat'>(7)</span> <span class='ocrx_word' id='word_1_408' title='bbox 1108 2591 1187 2631; x_wconf 81' lang='lat' dir='ltr'>Cfr.</span> <span class='ocrx_word' id='word_1_409' title='bbox 1212 2593 1258 2632; x_wconf 91' lang='lat' dir='ltr'>de</span> <span class='ocrx_word' id='word_1_410' title='bbox 1271 2593 1329 2633; x_wconf 86' lang='lat' dir='ltr'>his</span> <span class='ocrx_word' id='word_1_411' title='bbox 1345 2596 1468 2647; x_wconf 87' lang='lat' dir='ltr'>ipsum</span> <span class='ocrx_word' id='word_1_412' title='bbox 1490 2597 1710 2651; x_wconf 66' lang='lat' dir='ltr'>Michaelis,</span> <span class='ocrx_word' id='word_1_413' title='bbox 1728 2616 1789 2655; x_wconf 84' lang='lat' dir='ltr'>op.</span> 
     </span>
     <span class='ocr_line' id='line_1_64' title="bbox 980 2655 1553 2717; baseline 0.019 -25"><span class='ocrx_word' id='word_1_414' title='bbox 980 2655 1115 2702; x_wconf 30' lang='lat' dir='ltr'>et-loca</span> <span class='ocrx_word' id='word_1_415' title='bbox 1132 2660 1194 2697; x_wconf 73' lang='lat' dir='ltr'>cit.</span> <span class='ocrx_word' id='word_1_416' title='bbox 1222 2668 1312 2699; x_wconf 86' lang='lat' dir='ltr'>sect.</span> <span class='ocrx_word' id='word_1_417' title='bbox 1350 2673 1362 2698; x_wconf 84' lang='lat'>1</span> <span class='ocrx_word' id='word_1_418' title='bbox 1388 2670 1423 2700; x_wconf 86' lang='lat' dir='ltr'>et</span> <span class='ocrx_word' id='word_1_419' title='bbox 1450 2677 1553 2717; x_wconf 86' lang='lat' dir='ltr'>seqq.</span> 
     </span>
    </p>

    <p class='ocr_par' dir='ltr' id='par_1_9' title="bbox 977 2720 1792 2978">
     <span class='ocr_line' id='line_1_65' title="bbox 1034 2720 1792 2785; baseline 0.017 -26"><span class='ocrx_word' id='word_1_420' title='bbox 1034 2720 1086 2771; x_wconf 86' lang='grc'>(8)</span> <span class='ocrx_word' id='word_1_421' title='bbox 1116 2722 1222 2774; x_wconf 82' lang='lat' dir='ltr'>Quod</span> <span class='ocrx_word' id='word_1_422' title='bbox 1245 2726 1397 2777; x_wconf 90' lang='lat' dir='ltr'>quidem</span> <span class='ocrx_word' id='word_1_423' title='bbox 1412 2739 1671 2780; x_wconf 84' lang='lat' dir='ltr'>argumentum</span> <span class='ocrx_word' id='word_1_424' title='bbox 1689 2741 1792 2785; x_wconf 84' lang='lat' dir='ltr'>urget</span> 
     </span>
     <span class='ocr_line' id='line_1_66' title="bbox 978 2785 1788 2850; baseline 0.019 -28"><span class='ocrx_word' id='word_1_425' title='bbox 978 2785 1166 2838; x_wconf 85' lang='lat' dir='ltr'>Lardner,</span> <span class='ocrx_word' id='word_1_426' title='bbox 1195 2792 1234 2828; x_wconf 88' lang='lat' dir='ltr'>in</span> <span class='ocrx_word' id='word_1_427' title='bbox 1263 2788 1581 2844; x_wconf 44' lang='lat' dir='ltr'>Supplemftom.</span> <span class='ocrx_word' id='word_1_428' title='bbox 1603 2808 1673 2846; x_wconf 87' lang='grc' dir='ltr'><strong>ιιι,</strong></span> <span class='ocrx_word' id='word_1_429' title='bbox 1701 2811 1788 2850; x_wconf 86' lang='lat' dir='ltr'>pag.</span> 
     </span>
     <span class='ocr_line' id='line_1_67' title="bbox 984 2849 1786 2912; baseline 0.017 -23"><span class='ocrx_word' id='word_1_430' title='bbox 984 2849 1064 2902; x_wconf 69' lang='grc'>246</span> <span class='ocrx_word' id='word_1_431' title='bbox 1074 2862 1108 2892; x_wconf 84' lang='lat' dir='ltr'>et</span> <span class='ocrx_word' id='word_1_432' title='bbox 1120 2867 1226 2908; x_wconf 79' lang='lat' dir='ltr'>seqq.</span> <span class='ocrx_word' id='word_1_433' title='bbox 1244 2858 1345 2908; x_wconf 88' lang='lat' dir='ltr'>apud</span> <span class='ocrx_word' id='word_1_434' title='bbox 1361 2858 1456 2906; x_wconf 70' lang='lat' dir='ltr'>Pon,</span> <span class='ocrx_word' id='word_1_435' title='bbox 1481 2861 1615 2912; x_wconf 81' lang='lat' dir='ltr'>prolog.</span> <span class='ocrx_word' id='word_1_436' title='bbox 1632 2862 1705 2902; x_wconf 87' lang='lat' dir='ltr'>loe.</span> <span class='ocrx_word' id='word_1_437' title='bbox 1722 2864 1786 2903; x_wconf 83' lang='lat' dir='ltr'>cit.</span> 
     </span>
     <span class='ocr_line' id='line_1_68' title="bbox 977 2922 1789 2978; baseline 0.015 -22"><span class='ocrx_word' id='word_1_438' title='bbox 977 2930 1061 2969; x_wconf 84' lang='lat' dir='ltr'>pag.</span> <span class='ocrx_word' id='word_1_439' title='bbox 1093 2932 1155 2973; x_wconf 87' lang='lat'>¹9·</span> <span class='ocrx_word' id='word_1_440' title='bbox 1176 2922 1277 2960; x_wconf 81' lang='lat' dir='ltr'>Licet</span> <span class='ocrx_word' id='word_1_441' title='bbox 1304 2924 1383 2975; x_wconf 84' lang='lat' dir='ltr'>ipse</span> <span class='ocrx_word' id='word_1_442' title='bbox 1406 2924 1603 2978; x_wconf 83' lang='lat' dir='ltr'>Babylonis</span> <span class='ocrx_word' id='word_1_443' title='bbox 1635 2930 1789 2967; x_wconf 84' lang='lat' dir='ltr'>nomina</span> 
     </span>
    </p>
   </div>
   <div class='ocr_carea' id='block_1_6' title="bbox 975 2983 1789 3093">
    <p class='ocr_par' dir='ltr' id='par_1_10' title="bbox 975 2983 1789 3093">
     <span class='ocr_line' id='line_1_69' title="bbox 979 2983 1789 3044; baseline 0.015 -22"><span class='ocrx_word' id='word_1_444' title='bbox 979 2983 1271 3039; x_wconf 82' lang='lat' dir='ltr'>Hierosolymam</span> <span class='ocrx_word' id='word_1_445' title='bbox 1286 2991 1437 3041; x_wconf 85' lang='lat' dir='ltr'>mystice</span> <span class='ocrx_word' id='word_1_446' title='bbox 1460 2993 1700 3044; x_wconf 84' lang='lat' dir='ltr'>significatam</span> <span class='ocrx_word' id='word_1_447' title='bbox 1711 3007 1789 3034; x_wconf 81' lang='lat' dir='ltr'>esse</span> 
     </span>
     <span class='ocr_line' id='line_1_70' title="bbox 975 3052 1187 3093; baseline 0.024 -6"><span class='ocrx_word' id='word_1_448' title='bbox 975 3052 1187 3093; x_wconf 78' lang='lat' dir='ltr'>contendat.</span> 
     </span>
    </p>
   </div>
  </div>
 </body>
</html>
