2028 3354
443 235 572 264 PAR‘r.
611 235 642 262 1.
681 231 776 263 CAP.
817 232 866 261 11.
905 230 958 259 DE
993 229 1167 260 CHRISTI
1204 229 1322 259 noct.
1358 227 1553 257 CONSTIT.
1777 205 1842 253 73

171 365 300 397 suam
317 346 601 396 communire
625 344 771 393 voluit
785 379 798 403 .,
820 352 872 390 ut
889 351 991 389 tuto
1012 350 1330 390 secerneretur
1348 339 1511 386 abillis
1541 338 1673 387 sectis
1695 338 1840 384 omni-

169 425 283 484 bus.
317 440 414 489 quae
442 438 687 486 perperam
719 419 925 466 Ecclesiae
956 418 1041 465 sibi
1080 434 1254 464 nomen
1282 423 1544 480 usurpant,
1582 431 1633 462 ac
1667 429 1840 460 nomen

172 501 358 566 quidem
380 498 573 555 habent,
602 496 726 562 quod
753 496 942 554 vivant.
970 495 1119 559 reipsa
1143 503 1300 541 tamen
1315 501 1508 540 mortuae
1521 499 1645 538 sunt.

237 574 342 621 125.
378 573 595 621 Consistit
635 581 791 618 autem
826 569 915 616 hoc
952 565 1272 616 testimonium
1314 567 1549 631 potissime
1579 567 1628 613 in
1661 566 1760 630 jugi
1792 582 1843 613 ac

169 659 391 715 perpetua
410 649 488 695 illa
506 648 834 694 charismatum
856 644 1087 690 affluentia
1106 679 1118 701 7
1141 660 1282 706 quam
1298 641 1504 688 Christus
1523 642 1751 706 pollicitus
1776 649 1845 688 est

169 726 375 773 Ecclesiae
406 743 526 784 suae,
565 738 794 788 quamque
826 720 875 765 in
898 735 950 765 ea
974 719 1146 781 jugiter
1173 725 1575 781 perseveraturam
1610 735 1754 782 usque
1786 716 1846 765 ad

170 802 310 849 seculi
342 799 789 847 consummationem
816 792 1101 858 spopondit3
1137 793 1345 839 consistit
1376 793 1490 839 item
1527 793 1577 838 in
1605 793 1720 840 mira
1751 793 1845 840 foe-

172 877 406 924 cunditate
421 912 433 936 ‚
455 892 592 940 quam
610 871 781 936 pariter
802 872 960 932 jugem
977 868 1127 916 eidem
1149 868 1353 915 Ecclesiae
1375 884 1465 914 suae
1485 868 1715 933 promisit.

238 954 344 999 126.
381 954 520 998 Porro
547 948 876 994 charismatum
907 944 1191 993 affluentiam
1220 945 1430 992 Ecclesiae
1461 961 1552 992 suae
1585 944 1847 1010 pollicitum

171 1045 268 1075 esse
300 1027 531 1073 Christum
560 1022 782 1070 evincunt
799 1058 811 1078 ,
842 1037 942 1086 quae
964 1021 1182 1085 leguntur
1209 1023 1345 1068 Joan.
1385 1022 1489 1068 XIV
1506 1058 1519 1081 .,
1553 1021 1614 1067 12
1633 1056 1645 1079 ,
1674 1020 1755 1067 ubi
1782 1020 1847 1068 ait

171 1103 376 1150 Christus
399 1118 409 1145 ε
437 1100 592 1146 Amen
614 1116 753 1146 amen
771 1099 872 1145 dico
892 1098 1021 1144 vobis
1035 1132 1051 1154 ,
1073 1102 1161 1161 qui
1176 1099 1328 1145 credit
1343 1102 1397 1143 in
1424 1115 1517 1154 me,
1541 1114 1683 1161 opera
1701 1133 1715 1159 ‚
1743 1115 1847 1161 quoe

168 1197 243 1242 eqo
271 1181 402 1241 facio
420 1215 433 1232 ,
461 1186 505 1224 et
528 1180 627 1240 ipse
650 1178 824 1239 faciet,
858 1184 902 1221 et
930 1179 1117 1237 majora
1141 1176 1310 1222 horum
1338 1178 1515 1237 faciet,
1546 1178 1661 1238 quia
1680 1192 1757 1239 eqo
1783 1175 1854 1222 ad

166 1255 363 1301 Patrem
380 1254 497 1300 vado
521 1253 590 1315 (1)
610 1289 621 1310 Ἴ
647 1252 856 1317 loquitur
874 1260 1030 1297 autem
1051 1251 1108 1297 de
1128 1250 1355 1299 miraculis
1373 1270 1385 1309 ς
1418 1251 1534 1298 item
1554 1267 1656 1316 quae
1675 1250 1842 1315 legun·

166 1338 242 1376 tur
261 1331 399 1377 Marc.
421 1330 542 1389 XVI,
575 1328 632 1375 17
652 1337 698 1375 et
719 1328 776 1375 18
804 1346 813 1373 :
845 1328 997 1391 Siyna
1014 1336 1174 1373 autem
1191 1344 1279 1385 eos.
1301 1329 1390 1389 qui
1409 1328 1699 1375 crediderint
1714 1363 1726 1386 ‚
1751 1328 1849 1375 ltaeo

164 1414 419 1469 sequentur
439 1424 447 1452 1
479 1410 533 1452 in
554 1408 744 1452 nomine
767 1421 864 1450 meo
888 1404 1124 1451 doemonia
1150 1407 1341 1465 ejicient
1349 1419 1365 1457 ;
1393 1405 1576 1467 linquis
1599 1406 1851 1466 loquentur

163 1487 295 1529 novis
317 1501 332 1534 ;
360 1491 588 1545 serpentes
618 1483 811 1534 tollent,·
846 1488 889 1525 et
920 1482 963 1525 si
992 1482 1299 1541 mortiferum
1329 1481 1453 1541 quid
1483 1481 1715 1537 biberint,
1750 1496 1848 1527 non

167 1561 234 1604 eis
272 1559 487 1611 nocebit3
519 1574 659 1619 super
685 1572 830 1619 oeyros
861 1572 1039 1602 manus
1071 1560 1340 1617 imponent7
1373 1564 1416 1602 et
1438 1556 1550 1602 hene
1589 1557 1846 1603 habebunt.

171 1634 288 1679 Item
318 1634 336 1679 I
369 1632 428 1678 ad
457 1634 562 1679 Cor.
600 1633 712 1691 XII7
741 1632 769 1677 6
803 1640 850 1678 et
880 1647 1007 1695 seqq.
1036 1630 1306 1696 Apostolus:
1331 1633 1630 1690 Diuisione-5,
1661 1633 1814 1698 inquit
1833 1670 1845 1693 ,

167 1712 493 1773 operationum
511 1717 652 1761 sunt,⁸
679 1708 806 1753 idem
827 1723 932 1752 vero
956 1708 1113 1761 Deus,
1144 1711 1233 1769 qui
1250 1717 1475 1769 operatur
1491 1711 1656 1755 omnia
1681 1711 1736 1755 in
1755 1726 1849 1756 om-

167 1786 326 1832 nihus.
365 1785 634 1847 Unicuique
653 1792 814 1831 autem
845 1785 996 1831 datur
1024 1787 1348 1846 manifestatio
1377 1788 1582 1848 spiritus
1614 1787 1683 1832 ad
1713 1788 1849 1832 utili-

137 1873 141 1875 “
166 1870 326 1908 tatem.
361 1862 469 1908 Alii
489 1861 681 1923 quidem
700 1877 792 1923 per
817 1862 1048 1922 spiritu-m
1068 1861 1217 1906 datur
1242 1878 1393 1907 sermo
1420 1864 1723 1924 sapientioe...
1758 1863 1851 1908 alii

165 1954 313 1984 sermo
339 1940 604 1984 scientiae...
653 1937 794 1982 alteri
823 1936 996 1999 fides...
1034 1937 1128 1982 alii
1154 1939 1321 1999 qratia
1359 1941 1726 1984 curationum...
1758 1939 1853 1984 alii

166 2015 371 2076 operatio
388 2016 625 2060 virtutum
638 2050 651 2067 ‚
673 2013 763 2058 alii
779 2012 1062 2075 prophetia,
1090 2014 1185 2058 alii
1199 2014 1416 2060 discretio
1444 2017 1709 2077 spirituum
1724 2051 1738 2069 ,
1759 2015 1852 2061 alii

161 2106 335 2153 yenera
362 2091 646 2152 linyuarum
660 2123 675 2145 ,
707 2089 798 2134 alii
821 2082 1148 2150 interpretatio
1182 2106 1469 2136 sermonum.
1499 2090 1673 2147 Quibus
1697 2088 1848 2138 verbis

168 2165 434 2230 complexus
465 2174 534 2213 est
562 2163 812 2228 Apostolus
834 2163 959 2212 varia
994 2163 1324 2211 charismatum
1354 2165 1503 2224 dona,
1537 2163 1702 2229 quibus
1714 2168 1848 2226 juxta

131 2261 133 2264 ’
174 2241 348 2288 Christi
378 2241 733 2307 pollicitationes
771 2256 850 2285 sua
877 2247 1013 2285 aetate
1054 2239 1321 2287 abundabat
1354 2239 1565 2287 Ecclesia.
1594 2241 1700 2286 Jam
1741 2256 1848 2288 vero

174 2315 342 2364 Christi
363 2318 505 2366 verba
520 2317 640 2363 dicta
659 2324 768 2363 sunt
784 2315 838 2362 iis
858 2352 870 2372 .,
893 2313 1060 2385 quibus
1079 2334 1126 2363 se
1136 2316 1388 2363 affuturum
1409 2316 1615 2362 Christus
1636 2316 1849 2380 promisit

174 2407 318 2455 usque
352 2393 410 2439 ad
440 2392 889 2440 consummationem
920 2390 1090 2451 seculi,
1122 2409 1202 2439 seu
1231 2392 1434 2439 societati
1461 2409 1487 2437 a
1516 2408 1564 2438 se
1590 2392 1844 2451 institutae,

173 2474 219 2513 et
236 2466 481 2523 indefinita
500 2477 609 2516 sunt
623 2505 635 2529 a
663 2466 837 2515 scilicet
861 2467 921 2513 ad
936 2465 1116 2514 nullum
1135 2467 1499 2515 determinatum
1520 2476 1703 2532 tempus
1727 2484 1849 2515 coar·

174 2550 374 2590 utantur.
404 2546 501 2591 Imo
519 2562 625 2591 cum
649 2561 706 2591 ex
727 2542 943 2608 Apostolo
971 2541 1098 2606 signa
1119 2542 1225 2591 data
1253 2544 1347 2590 sint
1368 2542 1632 2590 infidelibus
1646 2560 1744 2590 non
1763 2560 1848 2589 au-

177 2626 273 2666 tem
295 2617 509 2666 fidelibus
537 2620 607 2682 (2)
625 2655 638 2679 ,
658 2637 860 2684 pronum
882 2627 951 2666 est
969 2617 1136 2667 inferre
1152 2655 1166 2678 ,
1187 2619 1366 2667 tamdiu
1379 2628 1729 2685 perseveratura
1750 2635 1848 2667 esse

231 2804 285 2856 (1)
314 2805 394 2845 cfr.
419 2808 458 2845 in
479 2806 582 2845 hunc
606 2806 679 2846 loc.
705 2806 852 2846 Cornel.
872 2821 892 2845 a
915 2806 979 2846 La·
1046 2808 1143 2847 dono
1167 2809 1378 2862 linguarum
1399 2840 1409 2858 ‚
1445 2819 1605 2849 attamen
1621 2839 1631 2858 ,
1657 2818 1700 2849 ut
1725 2815 1845 2861 patet,

173 2870 271 2922 pide.
1045 2874 1169 2913 eadem
1191 2877 1282 2914 ratio
1306 2877 1402 2928 viget
1422 2889 1487 2928 pro
1508 2877 1634 2916 ceteris
1654 2875 1763 2916 donis
1785 2886 1848 2912 ex-

233 2934 284 2985 (2)
314 2935 333 2974 1
358 2936 404 2975 ad
426 2936 512 2977 Cor.
535 2948 595 2977 xiv
609 2968 619 2987 ‚
645 2950 712 2978 22.
729 2937 902 2990 Quamvis
918 2939 979 2978 hic
1043 2940 1302 2980 trani-dinariis.

177 2997 371 3052 Apostolus
399 3016 475 3041 non
504 3012 586 3056 agat
620 3006 660 3043 in
685 3006 804 3056 specie
831 3006 900 3044 nisi
933 3005 977 3044 de
