<?xml version="1.0" encoding="UTF-8"?>
<!DOCTYPE html PUBLIC "-//W3C//DTD XHTML 1.0 Transitional//EN"
    "http://www.w3.org/TR/xhtml1/DTD/xhtml1-transitional.dtd">
<html xmlns="http://www.w3.org/1999/xhtml" xml:lang="en" lang="en">
 <head>
  <title>
</title>
<meta http-equiv="Content-Type" content="text/html;charset=utf-8" />
  <meta name='ocr-system' content='tesseract 3.04.00' />
  <meta name='ocr-capabilities' content='ocr_page ocr_carea ocr_par ocr_line ocrx_word'/>
</head>
<body>
  <div class='ocr_page' id='page_1' title='image "./praelectionestheo08perruoft_0104.png"; bbox 0 0 2028 3354; ppageno 0'>
   <div class='ocr_carea' id='block_1_1' title="bbox 216 209 278 256">
    <p class='ocr_par' dir='ltr' id='par_1_1' title="bbox 216 209 278 256">
     <span class='ocr_line' id='line_1_1' title="bbox 216 209 278 256; baseline -0.032 0"><span class='ocrx_word' id='word_1_1' title='bbox 216 209 278 256; x_wconf 80' lang='lat'><strong>92</strong></span> 
     </span>
    </p>
   </div>
   <div class='ocr_carea' id='block_1_2' title="bbox 680 224 1420 259">
    <p class='ocr_par' dir='ltr' id='par_1_2' title="bbox 680 224 1420 259">
     <span class='ocr_line' id='line_1_2' title="bbox 680 224 1420 259; baseline 0.001 -3"><span class='ocrx_word' id='word_1_2' title='bbox 680 224 835 256; x_wconf 79' lang='lat' dir='ltr'><strong>&#39;rnAG&#39;r-</strong></span> <span class='ocrx_word' id='word_1_3' title='bbox 874 225 928 255; x_wconf 81' lang='lat' dir='ltr'><strong>DE</strong></span> <span class='ocrx_word' id='word_1_4' title='bbox 962 225 1082 257; x_wconf 77' lang='lat' dir='ltr'><strong>mels</strong></span> <span class='ocrx_word' id='word_1_5' title='bbox 1117 227 1420 259; x_wconf 80' lang='lat' dir='ltr'><strong>THEOLOGICIS.</strong></span> 
     </span>
    </p>
   </div>
   <div class='ocr_carea' id='block_1_3' title="bbox 204 334 1889 1845">
    <p class='ocr_par' dir='ltr' id='par_1_3' title="bbox 209 334 1885 779">
     <span class='ocr_line' id='line_1_3' title="bbox 213 334 1885 403; baseline 0.003 -18"><span class='ocrx_word' id='word_1_6' title='bbox 213 339 271 385; x_wconf 87' lang='lat' dir='ltr'><strong>Et</strong></span> <span class='ocrx_word' id='word_1_7' title='bbox 288 346 396 386; x_wconf 85' lang='lat' dir='ltr'><strong>ante</strong></span> <span class='ocrx_word' id='word_1_8' title='bbox 409 340 560 403; x_wconf 88' lang='lat' dir='ltr'><strong>ipsum</strong></span> <span class='ocrx_word' id='word_1_9' title='bbox 578 334 915 383; x_wconf 83' lang='lat' dir='ltr'>Tertullianus:</span> <span class='ocrx_word' id='word_1_10' title='bbox 940 339 1373 402; x_wconf 74' lang='lat' dir='ltr'><strong><em>Communicamus,</em></strong></span> <span class='ocrx_word' id='word_1_11' title='bbox 1394 339 1641 400; x_wconf 87' lang='lat' dir='ltr'><strong>scribebat7</strong></span> <span class='ocrx_word' id='word_1_12' title='bbox 1659 342 1885 390; x_wconf 79' lang='lat' dir='ltr'><strong>Ecclesiis-</strong></span> 
     </span>
     <span class='ocr_line' id='line_1_4' title="bbox 212 413 1883 481; baseline 0.001 -20"><span class='ocrx_word' id='word_1_13' title='bbox 212 417 499 478; x_wconf 75' lang='lat' dir='ltr'><strong>apostolicis,</strong></span> <span class='ocrx_word' id='word_1_14' title='bbox 526 413 652 475; x_wconf 79' lang='lat' dir='ltr'><strong>quod</strong></span> <span class='ocrx_word' id='word_1_15' title='bbox 675 414 803 458; x_wconf 77' lang='lat' dir='ltr'><strong>nulli</strong></span> <span class='ocrx_word' id='word_1_16' title='bbox 823 413 1041 460; x_wconf 81' lang='lat' dir='ltr'><strong>doctrina</strong></span> <span class='ocrx_word' id='word_1_17' title='bbox 1060 415 1247 462; x_wconf 81' lang='lat' dir='ltr'><strong>diversa</strong></span> <span class='ocrx_word' id='word_1_18' title='bbox 1272 418 1372 479; x_wconf 87' lang='grc'>(1),</span> <span class='ocrx_word' id='word_1_19' title='bbox 1400 434 1569 481; x_wconf 85' lang='lat' dir='ltr'><strong>nempe</strong></span> <span class='ocrx_word' id='word_1_20' title='bbox 1589 416 1647 463; x_wconf 93' lang='lat' dir='ltr'><strong>ob</strong></span> <span class='ocrx_word' id='word_1_21' title='bbox 1677 418 1883 478; x_wconf 90' lang='lat' dir='ltr'><strong>ejusdem</strong></span> 
     </span>
     <span class='ocr_line' id='line_1_5' title="bbox 211 487 1885 552; baseline 0.002 -16"><span class='ocrx_word' id='word_1_22' title='bbox 211 490 318 536; x_wconf 87' lang='lat' dir='ltr'><strong>fidei</strong></span> <span class='ocrx_word' id='word_1_23' title='bbox 340 490 582 535; x_wconf 90' lang='lat' dir='ltr'><strong>unitatem.</strong></span> <span class='ocrx_word' id='word_1_24' title='bbox 608 487 736 534; x_wconf 86' lang='lat' dir='ltr'>Idem</span> <span class='ocrx_word' id='word_1_25' title='bbox 762 487 895 534; x_wconf 87' lang='lat' dir='ltr'><strong>docet</strong></span> <span class='ocrx_word' id='word_1_26' title='bbox 922 489 970 537; x_wconf 60' lang='lat' dir='ltr'>S7</span> <span class='ocrx_word' id='word_1_27' title='bbox 985 489 1269 552; x_wconf 74' lang='lat' dir='ltr'>Augustinus</span> <span class='ocrx_word' id='word_1_28' title='bbox 1288 492 1337 537; x_wconf 89' lang='lat' dir='ltr'><strong>in</strong></span> <span class='ocrx_word' id='word_1_29' title='bbox 1358 491 1476 539; x_wconf 90' lang='lat' dir='ltr'><strong>libro</strong></span> <span class='ocrx_word' id='word_1_30' title='bbox 1501 494 1570 540; x_wconf 85' lang='lat' dir='ltr'><strong>De</strong></span> <span class='ocrx_word' id='word_1_31' title='bbox 1589 497 1770 540; x_wconf 79' lang='lat' dir='ltr'><strong>unitate</strong></span> <span class='ocrx_word' id='word_1_32' title='bbox 1793 494 1885 540; x_wconf 89' lang='lat' dir='ltr'><strong>Ec·</strong></span> 
     </span>
     <span class='ocr_line' id='line_1_6' title="bbox 211 563 1884 633; baseline 0.002 -21"><span class='ocrx_word' id='word_1_33' title='bbox 211 567 358 612; x_wconf 79' lang='lat' dir='ltr'><strong>clesioe</strong></span> <span class='ocrx_word' id='word_1_34' title='bbox 384 564 454 626; x_wconf 77' lang='lat'><strong>(2)</strong></span> <span class='ocrx_word' id='word_1_35' title='bbox 473 599 485 621; x_wconf 89' lang='lat'><strong>7</strong></span> <span class='ocrx_word' id='word_1_36' title='bbox 515 572 561 611; x_wconf 87' lang='lat' dir='ltr'><strong>et</strong></span> <span class='ocrx_word' id='word_1_37' title='bbox 590 563 756 628; x_wconf 79' lang='lat' dir='ltr'><strong>reliqui</strong></span> <span class='ocrx_word' id='word_1_38' title='bbox 788 566 1085 611; x_wconf 73' lang='lat' dir='ltr'><strong>unanimiter.</strong></span> <span class='ocrx_word' id='word_1_39' title='bbox 1121 567 1412 629; x_wconf 81' lang='lat' dir='ltr'><strong>Quapropter</strong></span> <span class='ocrx_word' id='word_1_40' title='bbox 1445 569 1655 633; x_wconf 84' lang='lat' dir='ltr'><strong>Episcopi</strong></span> <span class='ocrx_word' id='word_1_41' title='bbox 1696 569 1884 617; x_wconf 78' lang='lat' dir='ltr'><strong>africani</strong></span> 
     </span>
     <span class='ocr_line' id='line_1_7' title="bbox 209 640 1880 709; baseline 0.003 -22"><span class='ocrx_word' id='word_1_42' title='bbox 209 643 258 687; x_wconf 93' lang='lat' dir='ltr'><strong>in</strong></span> <span class='ocrx_word' id='word_1_43' title='bbox 284 640 493 687; x_wconf 84' lang='lat' dir='ltr'><strong>Sardinia</strong></span> <span class='ocrx_word' id='word_1_44' title='bbox 519 640 673 686; x_wconf 75' lang='lat' dir='ltr'><strong>exules</strong></span> <span class='ocrx_word' id='word_1_45' title='bbox 706 657 717 685; x_wconf 73' lang='grc' dir='ltr'><strong>ι</strong></span> <span class='ocrx_word' id='word_1_46' title='bbox 756 640 1004 697; x_wconf 81' lang='lat' dir='ltr'><strong>Membra,</strong></span> <span class='ocrx_word' id='word_1_47' title='bbox 1026 641 1271 705; x_wconf 84' lang='lat' dir='ltr'><strong>inquiunt7</strong></span> <span class='ocrx_word' id='word_1_48' title='bbox 1295 644 1594 691; x_wconf 64' lang='lat' dir='ltr'><strong>ecclesiastici</strong></span> <span class='ocrx_word' id='word_1_49' title='bbox 1611 649 1880 709; x_wconf 78' lang='lat' dir='ltr'><strong>corporis...</strong></span> 
     </span>
     <span class='ocr_line' id='line_1_8' title="bbox 209 714 1627 779; baseline 0.001 -16"><span class='ocrx_word' id='word_1_50' title='bbox 209 721 259 763; x_wconf 78' lang='lat' dir='ltr'><strong>in</strong></span> <span class='ocrx_word' id='word_1_51' title='bbox 289 720 473 763; x_wconf 77' lang='lat' dir='ltr'><strong>unitate</strong></span> <span class='ocrx_word' id='word_1_52' title='bbox 490 717 604 779; x_wconf 78' lang='lat' dir='ltr'><strong>fidei</strong></span> <span class='ocrx_word' id='word_1_53' title='bbox 629 732 871 778; x_wconf 72' lang='lat' dir='ltr'><strong>compayes</strong></span> <span class='ocrx_word' id='word_1_54' title='bbox 894 718 1060 761; x_wconf 71' lang='lat' dir='ltr'><strong>retinet</strong></span> <span class='ocrx_word' id='word_1_55' title='bbox 1086 719 1289 762; x_wconf 77' lang='lat' dir='ltr'><strong>unitatis</strong></span> <span class='ocrx_word' id='word_1_56' title='bbox 1312 716 1400 779; x_wconf 81' lang='lat'><strong>(3).</strong></span> <span class='ocrx_word' id='word_1_57' title='bbox 1624 714 1627 718; x_wconf 48' lang='lat'>¹</span> 
     </span>
    </p>

    <p class='ocr_par' dir='ltr' id='par_1_4' title="bbox 204 791 1889 1845">
     <span class='ocr_line' id='line_1_9' title="bbox 216 791 1884 858; baseline 0.005 -23"><span class='ocrx_word' id='word_1_58' title='bbox 216 833 218 835; x_wconf 82' lang='grc'>.</span> <span class='ocrx_word' id='word_1_59' title='bbox 277 792 383 839; x_wconf 84' lang='grc'><strong>159.</strong></span> <span class='ocrx_word' id='word_1_60' title='bbox 420 792 540 838; x_wconf 89' lang='lat' dir='ltr'><strong>Hinc</strong></span> <span class='ocrx_word' id='word_1_61' title='bbox 566 791 657 838; x_wconf 92' lang='lat' dir='ltr'><strong>duo</strong></span> <span class='ocrx_word' id='word_1_62' title='bbox 678 801 786 837; x_wconf 87' lang='lat' dir='ltr'><strong>sunt</strong></span> <span class='ocrx_word' id='word_1_63' title='bbox 803 827 815 850; x_wconf 89' lang='lat'><strong>7</strong></span> <span class='ocrx_word' id='word_1_64' title='bbox 842 809 945 856; x_wconf 83' lang='lat' dir='ltr'><strong>quae</strong></span> <span class='ocrx_word' id='word_1_65' title='bbox 965 791 1175 838; x_wconf 89' lang='lat' dir='ltr'><strong>homines</strong></span> <span class='ocrx_word' id='word_1_66' title='bbox 1198 792 1255 838; x_wconf 88' lang='lat' dir='ltr'><strong>ab</strong></span> <span class='ocrx_word' id='word_1_67' title='bbox 1282 793 1476 840; x_wconf 83' lang='lat' dir='ltr'><strong>Ecclesia</strong></span> <span class='ocrx_word' id='word_1_68' title='bbox 1499 795 1787 858; x_wconf 88' lang='lat' dir='ltr'><strong>potissimum</strong></span> <span class='ocrx_word' id='word_1_69' title='bbox 1810 813 1884 844; x_wconf 79' lang='lat' dir='ltr'><strong>ex-</strong></span> 
     </span>
     <span class='ocr_line' id='line_1_10' title="bbox 208 866 1884 935; baseline 0.002 -19"><span class='ocrx_word' id='word_1_70' title='bbox 208 868 402 916; x_wconf 89' lang='lat' dir='ltr'><strong>cludunt</strong></span> <span class='ocrx_word' id='word_1_71' title='bbox 418 903 431 918; x_wconf 79' lang='lat'><strong>.</strong></span> <span class='ocrx_word' id='word_1_72' title='bbox 450 868 631 915; x_wconf 84' lang='lat' dir='ltr'><strong>haeresis</strong></span> <span class='ocrx_word' id='word_1_73' title='bbox 652 904 664 926; x_wconf 98' lang='lat'><strong>7</strong></span> <span class='ocrx_word' id='word_1_74' title='bbox 682 885 772 932; x_wconf 90' lang='lat' dir='ltr'><strong>qua</strong></span> <span class='ocrx_word' id='word_1_75' title='bbox 790 867 966 914; x_wconf 88' lang='lat' dir='ltr'><strong>tollitur</strong></span> <span class='ocrx_word' id='word_1_76' title='bbox 980 868 1132 914; x_wconf 89' lang='lat' dir='ltr'><strong>unitas</strong></span> <span class='ocrx_word' id='word_1_77' title='bbox 1154 866 1286 928; x_wconf 88' lang='lat' dir='ltr'><strong>fidei,</strong></span> <span class='ocrx_word' id='word_1_78' title='bbox 1306 877 1351 915; x_wconf 92' lang='lat' dir='ltr'><strong>et</strong></span> <span class='ocrx_word' id='word_1_79' title='bbox 1371 869 1566 917; x_wconf 85' lang='lat' dir='ltr'><strong>schisma</strong></span> <span class='ocrx_word' id='word_1_80' title='bbox 1581 906 1594 930; x_wconf 94' lang='lat'><strong>7</strong></span> <span class='ocrx_word' id='word_1_81' title='bbox 1620 888 1711 935; x_wconf 90' lang='lat' dir='ltr'><strong>quo</strong></span> <span class='ocrx_word' id='word_1_82' title='bbox 1725 872 1884 919; x_wconf 86' lang='lat' dir='ltr'><strong>adimi-</strong></span> 
     </span>
     <span class='ocr_line' id='line_1_11' title="bbox 207 943 1884 995; baseline 0.002 -4"><span class='ocrx_word' id='word_1_83' title='bbox 207 953 284 991; x_wconf 88' lang='lat' dir='ltr'><strong>tur</strong></span> <span class='ocrx_word' id='word_1_84' title='bbox 302 944 534 992; x_wconf 84' lang='lat' dir='ltr'><strong>charitatis</strong></span> <span class='ocrx_word' id='word_1_85' title='bbox 560 961 641 991; x_wconf 91' lang='lat' dir='ltr'><strong>seu</strong></span> <span class='ocrx_word' id='word_1_86' title='bbox 672 944 1009 991; x_wconf 87' lang='lat' dir='ltr'><strong>communionis</strong></span> <span class='ocrx_word' id='word_1_87' title='bbox 1032 945 1202 990; x_wconf 84' lang='lat' dir='ltr'><strong>unitas.</strong></span> <span class='ocrx_word' id='word_1_88' title='bbox 1242 945 1307 990; x_wconf 83' lang='lat' dir='ltr'><strong>Ex</strong></span> <span class='ocrx_word' id='word_1_89' title='bbox 1325 943 1589 992; x_wconf 82' lang='lat' dir='ltr'><strong>alterutrius</strong></span> <span class='ocrx_word' id='word_1_90' title='bbox 1619 955 1699 993; x_wconf 87' lang='lat' dir='ltr'><strong>aut</strong></span> <span class='ocrx_word' id='word_1_91' title='bbox 1720 948 1884 995; x_wconf 88' lang='lat' dir='ltr'><strong>utrius—</strong></span> 
     </span>
     <span class='ocr_line' id='line_1_12' title="bbox 206 1019 1886 1087; baseline 0.001 -19"><span class='ocrx_word' id='word_1_92' title='bbox 206 1038 296 1087; x_wconf 88' lang='lat' dir='ltr'><strong>que</strong></span> <span class='ocrx_word' id='word_1_93' title='bbox 336 1021 521 1068; x_wconf 86' lang='lat' dir='ltr'><strong>defectu</strong></span> <span class='ocrx_word' id='word_1_94' title='bbox 550 1020 733 1084; x_wconf 82' lang='lat' dir='ltr'><strong>&#39;quovis</strong></span> <span class='ocrx_word' id='word_1_95' title='bbox 763 1029 974 1084; x_wconf 88' lang='lat' dir='ltr'><strong>tempore</strong></span> <span class='ocrx_word' id='word_1_96' title='bbox 1016 1019 1220 1067; x_wconf 78' lang='lat' dir='ltr'><strong>Ecclesiae</strong></span> <span class='ocrx_word' id='word_1_97' title='bbox 1259 1021 1417 1066; x_wconf 87' lang='lat' dir='ltr'><strong>Patres</strong></span> <span class='ocrx_word' id='word_1_98' title='bbox 1458 1030 1602 1067; x_wconf 85' lang='lat' dir='ltr'><strong>sectas</strong></span> <span class='ocrx_word' id='word_1_99' title='bbox 1644 1021 1702 1068; x_wconf 89' lang='lat' dir='ltr'><strong>ab</strong></span> <span class='ocrx_word' id='word_1_100' title='bbox 1750 1023 1886 1075; x_wconf 80' lang='lat' dir='ltr'><strong>unica</strong></span> 
     </span>
     <span class='ocr_line' id='line_1_13' title="bbox 204 1096 1888 1156; baseline 0 -11"><span class='ocrx_word' id='word_1_101' title='bbox 204 1115 315 1145; x_wconf 86' lang='lat' dir='ltr'><strong>vera</strong></span> <span class='ocrx_word' id='word_1_102' title='bbox 347 1097 543 1145; x_wconf 86' lang='lat' dir='ltr'><strong>Ecclesia</strong></span> <span class='ocrx_word' id='word_1_103' title='bbox 568 1096 738 1143; x_wconf 83' lang='lat' dir='ltr'><strong>Christi</strong></span> <span class='ocrx_word' id='word_1_104' title='bbox 761 1096 1098 1156; x_wconf 83' lang='lat' dir='ltr'><strong>distinxerunt,</strong></span> <span class='ocrx_word' id='word_1_105' title='bbox 1131 1104 1178 1142; x_wconf 89' lang='lat' dir='ltr'><strong>et</strong></span> <span class='ocrx_word' id='word_1_106' title='bbox 1206 1105 1364 1142; x_wconf 86' lang='lat' dir='ltr'><strong>contra</strong></span> <span class='ocrx_word' id='word_1_107' title='bbox 1388 1113 1462 1142; x_wconf 88' lang='lat' dir='ltr'><strong>eas</strong></span> <span class='ocrx_word' id='word_1_108' title='bbox 1492 1096 1588 1143; x_wconf 89' lang='lat' dir='ltr'><strong>sive</strong></span> <span class='ocrx_word' id='word_1_109' title='bbox 1624 1097 1760 1144; x_wconf 87' lang='lat' dir='ltr'><strong>simul</strong></span> <span class='ocrx_word' id='word_1_110' title='bbox 1791 1098 1888 1147; x_wconf 86' lang='lat' dir='ltr'><strong>sive</strong></span> 
     </span>
     <span class='ocr_line' id='line_1_14' title="bbox 206 1171 1888 1238; baseline -0.002 -16"><span class='ocrx_word' id='word_1_111' title='bbox 206 1192 414 1222; x_wconf 90' lang='lat' dir='ltr'><strong>seorsum</strong></span> <span class='ocrx_word' id='word_1_112' title='bbox 446 1182 653 1238; x_wconf 90' lang='lat' dir='ltr'><strong>sumptas</strong></span> <span class='ocrx_word' id='word_1_113' title='bbox 679 1181 975 1236; x_wconf 84' lang='lat' dir='ltr'><strong>pugnarunt7</strong></span> <span class='ocrx_word' id='word_1_114' title='bbox 999 1181 1051 1218; x_wconf 86' lang='lat' dir='ltr'><strong>ut</strong></span> <span class='ocrx_word' id='word_1_115' title='bbox 1072 1171 1171 1218; x_wconf 85' lang='lat' dir='ltr'><strong>illas</strong></span> <span class='ocrx_word' id='word_1_116' title='bbox 1192 1180 1321 1219; x_wconf 86' lang='lat' dir='ltr'><strong>extra</strong></span> <span class='ocrx_word' id='word_1_117' title='bbox 1346 1172 1467 1218; x_wconf 90' lang='lat' dir='ltr'><strong>viam</strong></span> <span class='ocrx_word' id='word_1_118' title='bbox 1495 1171 1652 1218; x_wconf 90' lang='lat' dir='ltr'><strong>salutis</strong></span> <span class='ocrx_word' id='word_1_119' title='bbox 1674 1172 1888 1220; x_wconf 83' lang='lat' dir='ltr'><strong>aberrare</strong></span> 
     </span>
     <span class='ocr_line' id='line_1_15' title="bbox 206 1246 1886 1306; baseline -0.002 -8"><span class='ocrx_word' id='word_1_120' title='bbox 206 1249 520 1298; x_wconf 89' lang='lat' dir='ltr'><strong>ostenderent.</strong></span> <span class='ocrx_word' id='word_1_121' title='bbox 555 1250 785 1306; x_wconf 86' lang='lat' dir='ltr'><strong>Quoniam</strong></span> <span class='ocrx_word' id='word_1_122' title='bbox 810 1265 921 1296; x_wconf 88' lang='lat' dir='ltr'><strong>vero</strong></span> <span class='ocrx_word' id='word_1_123' title='bbox 942 1248 1148 1295; x_wconf 88' lang='lat' dir='ltr'><strong>Christus</strong></span> <span class='ocrx_word' id='word_1_124' title='bbox 1177 1246 1423 1295; x_wconf 86' lang='lat' dir='ltr'><strong>Ecclesiam</strong></span> <span class='ocrx_word' id='word_1_125' title='bbox 1454 1264 1586 1294; x_wconf 87' lang='lat' dir='ltr'><strong>suam</strong></span> <span class='ocrx_word' id='word_1_126' title='bbox 1611 1264 1756 1295; x_wconf 90' lang='lat' dir='ltr'><strong>unam</strong></span> <span class='ocrx_word' id='word_1_127' title='bbox 1787 1264 1886 1295; x_wconf 90' lang='lat' dir='ltr'><strong>esse</strong></span> 
     </span>
     <span class='ocr_line' id='line_1_16' title="bbox 204 1322 1888 1382; baseline -0.004 -6"><span class='ocrx_word' id='word_1_128' title='bbox 204 1326 354 1376; x_wconf 81' lang='lat' dir='ltr'><strong>voluit</strong></span> <span class='ocrx_word' id='word_1_129' title='bbox 377 1336 477 1374; x_wconf 88' lang='lat' dir='ltr'><strong>tum</strong></span> <span class='ocrx_word' id='word_1_130' title='bbox 499 1326 678 1372; x_wconf 86' lang='lat' dir='ltr'><strong>unitate</strong></span> <span class='ocrx_word' id='word_1_131' title='bbox 708 1324 815 1371; x_wconf 89' lang='lat' dir='ltr'><strong>fidei</strong></span> <span class='ocrx_word' id='word_1_132' title='bbox 847 1333 950 1370; x_wconf 87' lang='lat' dir='ltr'><strong>tum</strong></span> <span class='ocrx_word' id='word_1_133' title='bbox 983 1324 1160 1371; x_wconf 87' lang='lat' dir='ltr'><strong>unitate</strong></span> <span class='ocrx_word' id='word_1_134' title='bbox 1190 1323 1450 1382; x_wconf 88' lang='lat' dir='ltr'><strong>charitatis7</strong></span> <span class='ocrx_word' id='word_1_135' title='bbox 1484 1322 1645 1370; x_wconf 86' lang='lat' dir='ltr'><strong>debuit</strong></span> <span class='ocrx_word' id='word_1_136' title='bbox 1678 1341 1780 1371; x_wconf 89' lang='lat' dir='ltr'><strong>eam</strong></span> <span class='ocrx_word' id='word_1_137' title='bbox 1805 1324 1888 1370; x_wconf 60' lang='lat' dir='ltr'><strong>‘in—</strong></span> 
     </span>
     <span class='ocr_line' id='line_1_17' title="bbox 206 1400 1886 1465; baseline -0.003 -15"><span class='ocrx_word' id='word_1_138' title='bbox 206 1412 384 1450; x_wconf 89' lang='lat' dir='ltr'><strong>struere</strong></span> <span class='ocrx_word' id='word_1_139' title='bbox 410 1401 573 1449; x_wconf 88' lang='lat' dir='ltr'><strong>mediis</strong></span> <span class='ocrx_word' id='word_1_140' title='bbox 597 1401 775 1448; x_wconf 87' lang='lat' dir='ltr'><strong>idoneis</strong></span> <span class='ocrx_word' id='word_1_141' title='bbox 799 1400 858 1446; x_wconf 87' lang='lat' dir='ltr'><strong>ad</strong></span> <span class='ocrx_word' id='word_1_142' title='bbox 882 1409 1128 1465; x_wconf 85' lang='lat' dir='ltr'><strong>utramque</strong></span> <span class='ocrx_word' id='word_1_143' title='bbox 1157 1400 1386 1445; x_wconf 88' lang='lat' dir='ltr'><strong>unitatem</strong></span> <span class='ocrx_word' id='word_1_144' title='bbox 1417 1408 1588 1445; x_wconf 88' lang='lat' dir='ltr'><strong>sartam</strong></span> <span class='ocrx_word' id='word_1_145' title='bbox 1618 1408 1886 1464; x_wconf 87' lang='lat' dir='ltr'><strong>tectamque</strong></span> 
     </span>
     <span class='ocr_line' id='line_1_18' title="bbox 205 1475 1887 1538; baseline -0.002 -13"><span class='ocrx_word' id='word_1_146' title='bbox 205 1478 484 1526; x_wconf 84' lang='lat' dir='ltr'><strong>servandam</strong></span> <span class='ocrx_word' id='word_1_147' title='bbox 505 1514 517 1536; x_wconf 94' lang='lat'><strong>7</strong></span> <span class='ocrx_word' id='word_1_148' title='bbox 546 1494 652 1525; x_wconf 90' lang='lat' dir='ltr'><strong>cum</strong></span> <span class='ocrx_word' id='word_1_149' title='bbox 676 1477 779 1523; x_wconf 89' lang='lat' dir='ltr'><strong>finis</strong></span> <span class='ocrx_word' id='word_1_150' title='bbox 804 1478 904 1523; x_wconf 88' lang='lat' dir='ltr'><strong>sine</strong></span> <span class='ocrx_word' id='word_1_151' title='bbox 928 1475 1090 1522; x_wconf 89' lang='lat' dir='ltr'><strong>mediis</strong></span> <span class='ocrx_word' id='word_1_152' title='bbox 1114 1475 1313 1521; x_wconf 88' lang='lat' dir='ltr'><strong>obtineri</strong></span> <span class='ocrx_word' id='word_1_153' title='bbox 1335 1484 1550 1538; x_wconf 84' lang='lat' dir='ltr'><strong>nequeat.</strong></span> <span class='ocrx_word' id='word_1_154' title='bbox 1579 1475 1639 1521; x_wconf 79' lang='lat' dir='ltr'><strong>Ex</strong></span> <span class='ocrx_word' id='word_1_155' title='bbox 1670 1475 1756 1523; x_wconf 89' lang='lat' dir='ltr'><strong>hoc</strong></span> <span class='ocrx_word' id='word_1_156' title='bbox 1779 1492 1887 1522; x_wconf 89' lang='lat' dir='ltr'><strong>vero</strong></span> 
     </span>
     <span class='ocr_line' id='line_1_19' title="bbox 204 1549 1889 1618; baseline -0.004 -17"><span class='ocrx_word' id='word_1_157' title='bbox 204 1555 428 1613; x_wconf 88' lang='lat' dir='ltr'><strong>infertur7</strong></span> <span class='ocrx_word' id='word_1_158' title='bbox 461 1553 588 1618; x_wconf 92' lang='lat' dir='ltr'><strong>quod</strong></span> <span class='ocrx_word' id='word_1_159' title='bbox 608 1552 666 1599; x_wconf 89' lang='lat' dir='ltr'><strong>ab</strong></span> <span class='ocrx_word' id='word_1_160' title='bbox 691 1552 822 1598; x_wconf 87' lang='lat' dir='ltr'><strong>initio</strong></span> <span class='ocrx_word' id='word_1_161' title='bbox 848 1552 1152 1616; x_wconf 85' lang='lat' dir='ltr'><strong>praemisimus</strong></span> <span class='ocrx_word' id='word_1_162' title='bbox 1170 1587 1181 1609; x_wconf 90' lang='lat'><strong>7</strong></span> <span class='ocrx_word' id='word_1_163' title='bbox 1213 1550 1401 1596; x_wconf 83' lang='lat' dir='ltr'><strong>unitatis</strong></span> <span class='ocrx_word' id='word_1_164' title='bbox 1426 1559 1586 1596; x_wconf 89' lang='lat' dir='ltr'><strong>notam</strong></span> <span class='ocrx_word' id='word_1_165' title='bbox 1613 1567 1710 1596; x_wconf 92' lang='lat' dir='ltr'><strong>non</strong></span> <span class='ocrx_word' id='word_1_166' title='bbox 1737 1549 1889 1596; x_wconf 89' lang='lat' dir='ltr'><strong>solum</strong></span> 
     </span>
     <span class='ocr_line' id='line_1_20' title="bbox 205 1626 1889 1695; baseline -0.003 -17"><span class='ocrx_word' id='word_1_167' title='bbox 205 1630 449 1695; x_wconf 88' lang='lat' dir='ltr'><strong>complecti</strong></span> <span class='ocrx_word' id='word_1_168' title='bbox 478 1630 707 1675; x_wconf 87' lang='lat' dir='ltr'><strong>unitatem</strong></span> <span class='ocrx_word' id='word_1_169' title='bbox 727 1627 834 1674; x_wconf 87' lang='lat' dir='ltr'><strong>fidei</strong></span> <span class='ocrx_word' id='word_1_170' title='bbox 860 1636 907 1674; x_wconf 88' lang='lat' dir='ltr'><strong>et</strong></span> <span class='ocrx_word' id='word_1_171' title='bbox 935 1627 1273 1674; x_wconf 88' lang='lat' dir='ltr'><strong>communionis</strong></span> <span class='ocrx_word' id='word_1_172' title='bbox 1291 1662 1303 1686; x_wconf 92' lang='lat'><strong>7</strong></span> <span class='ocrx_word' id='word_1_173' title='bbox 1344 1626 1427 1673; x_wconf 92' lang='lat' dir='ltr'><strong>sed</strong></span> <span class='ocrx_word' id='word_1_174' title='bbox 1454 1635 1677 1690; x_wconf 74' lang='lat' dir='ltr'><strong>praeterea</strong></span> <span class='ocrx_word' id='word_1_175' title='bbox 1709 1627 1889 1691; x_wconf 87' lang='lat' dir='ltr'><strong>princi-</strong></span> 
     </span>
     <span class='ocr_line' id='line_1_21' title="bbox 204 1701 1887 1772; baseline -0.003 -19"><span class='ocrx_word' id='word_1_176' title='bbox 204 1708 335 1772; x_wconf 88' lang='lat' dir='ltr'><strong>pium</strong></span> <span class='ocrx_word' id='word_1_177' title='bbox 351 1743 364 1766; x_wconf 93' lang='lat'><strong>7</strong></span> <span class='ocrx_word' id='word_1_178' title='bbox 388 1723 446 1753; x_wconf 73' lang='lat' dir='ltr'><strong>ex</strong></span> <span class='ocrx_word' id='word_1_179' title='bbox 479 1722 570 1769; x_wconf 92' lang='lat' dir='ltr'><strong>quo</strong></span> <span class='ocrx_word' id='word_1_180' title='bbox 585 1704 746 1765; x_wconf 34' lang='lat' dir='ltr'><strong>‘unitas</strong></span> <span class='ocrx_word' id='word_1_181' title='bbox 769 1703 868 1750; x_wconf 81' lang='lat' dir='ltr'><strong>haec</strong></span> <span class='ocrx_word' id='word_1_182' title='bbox 891 1702 1082 1767; x_wconf 85' lang='lat' dir='ltr'><strong>profluit</strong></span> <span class='ocrx_word' id='word_1_183' title='bbox 1111 1711 1157 1748; x_wconf 90' lang='lat' dir='ltr'><strong>et</strong></span> <span class='ocrx_word' id='word_1_184' title='bbox 1181 1711 1481 1749; x_wconf 85' lang='lat' dir='ltr'><strong>conservatur</strong></span> <span class='ocrx_word' id='word_1_185' title='bbox 1497 1738 1509 1760; x_wconf 94' lang='lat'>7</span> <span class='ocrx_word' id='word_1_186' title='bbox 1544 1701 1669 1765; x_wconf 90' lang='lat' dir='ltr'><strong>quod</strong></span> <span class='ocrx_word' id='word_1_187' title='bbox 1699 1702 1887 1766; x_wconf 87' lang='lat' dir='ltr'><strong>quidem</strong></span> 
     </span>
     <span class='ocr_line' id='line_1_22' title="bbox 204 1776 1886 1845; baseline -0.004 -15"><span class='ocrx_word' id='word_1_188' title='bbox 204 1783 332 1831; x_wconf 86' lang='lat' dir='ltr'><strong>aliud</strong></span> <span class='ocrx_word' id='word_1_189' title='bbox 358 1798 455 1830; x_wconf 87' lang='lat' dir='ltr'><strong>esse</strong></span> <span class='ocrx_word' id='word_1_190' title='bbox 478 1798 573 1829; x_wconf 89' lang='lat' dir='ltr'><strong>non</strong></span> <span class='ocrx_word' id='word_1_191' title='bbox 593 1789 748 1845; x_wconf 87' lang='lat' dir='ltr'><strong>potest</strong></span> <span class='ocrx_word' id='word_1_192' title='bbox 774 1779 862 1827; x_wconf 85' lang='lat' dir='ltr'><strong>nisi</strong></span> <span class='ocrx_word' id='word_1_193' title='bbox 883 1778 1144 1826; x_wconf 82' lang='lat' dir='ltr'><strong>auctoritas.</strong></span> <span class='ocrx_word' id='word_1_194' title='bbox 1171 1777 1266 1824; x_wconf 88' lang='lat' dir='ltr'><strong>Hac</strong></span> <span class='ocrx_word' id='word_1_195' title='bbox 1286 1777 1413 1824; x_wconf 90' lang='lat' dir='ltr'><strong>enim</strong></span> <span class='ocrx_word' id='word_1_196' title='bbox 1434 1776 1584 1824; x_wconf 88' lang='lat' dir='ltr'><strong>solum</strong></span> <span class='ocrx_word' id='word_1_197' title='bbox 1601 1778 1654 1824; x_wconf 91' lang='lat' dir='ltr'><strong>fit</strong></span> <span class='ocrx_word' id='word_1_198' title='bbox 1669 1812 1682 1837; x_wconf 93' lang='lat'><strong>7</strong></span> <span class='ocrx_word' id='word_1_199' title='bbox 1704 1786 1755 1824; x_wconf 86' lang='lat' dir='ltr'><strong>ut</strong></span> <span class='ocrx_word' id='word_1_200' title='bbox 1777 1777 1886 1825; x_wconf 88' lang='lat' dir='ltr'><strong>fidei</strong></span> 
     </span>
    </p>
   </div>
   <div class='ocr_carea' id='block_1_4' title="bbox 173 1966 1012 3075">
    <p class='ocr_par' dir='ltr' id='par_1_5' title="bbox 259 1966 1009 2022">
     <span class='ocr_line' id='line_1_23' title="bbox 259 1966 1009 2022; baseline -0.007 -12"><span class='ocrx_word' id='word_1_201' title='bbox 259 1971 312 2022; x_wconf 89' lang='lat' dir='ltr'><strong>(l)</strong></span> <span class='ocrx_word' id='word_1_202' title='bbox 332 1969 625 2021; x_wconf 78' lang='lat' dir='ltr'><strong>DePraescript.</strong></span> <span class='ocrx_word' id='word_1_203' title='bbox 640 1980 721 2021; x_wconf 86' lang='lat' dir='ltr'><strong>cap.</strong></span> <span class='ocrx_word' id='word_1_204' title='bbox 736 1980 781 2005; x_wconf 83' lang='lat'><strong>21</strong></span> <span class='ocrx_word' id='word_1_205' title='bbox 801 1997 810 2015; x_wconf 88' lang='lat'><strong>7</strong></span> <span class='ocrx_word' id='word_1_206' title='bbox 826 1967 914 2006; x_wconf 80' lang='lat' dir='ltr'><strong>edit.</strong></span> <span class='ocrx_word' id='word_1_207' title='bbox 927 1966 1009 2018; x_wconf 80' lang='lat' dir='ltr'><strong>Rig.</strong></span> 
     </span>
    </p>

    <p class='ocr_par' dir='ltr' id='par_1_6' title="bbox 173 2031 1012 3075">
     <span class='ocr_line' id='line_1_24' title="bbox 259 2031 1011 2089; baseline -0.007 -16"><span class='ocrx_word' id='word_1_208' title='bbox 259 2036 315 2089; x_wconf 67' lang='grc' dir='ltr'><strong>(Ξ)</strong></span> <span class='ocrx_word' id='word_1_209' title='bbox 345 2036 435 2087; x_wconf 86' lang='lat' dir='ltr'><strong>Cap.</strong></span> <span class='ocrx_word' id='word_1_210' title='bbox 468 2034 493 2086; x_wconf 72' lang='grc'><em>4</em></span> <span class='ocrx_word' id='word_1_211' title='bbox 521 2063 531 2082; x_wconf 91' lang='grc'>,</span> <span class='ocrx_word' id='word_1_212' title='bbox 567 2034 632 2073; x_wconf 86' lang='lat' dir='ltr'><strong>ubi</strong></span> <span class='ocrx_word' id='word_1_213' title='bbox 664 2033 788 2071; x_wconf 88' lang='lat' dir='ltr'><strong>scribit</strong></span> <span class='ocrx_word' id='word_1_214' title='bbox 829 2046 839 2070; x_wconf 76' lang='grc' dir='ltr'><strong><em>ε</em></strong></span> <span class='ocrx_word' id='word_1_215' title='bbox 892 2031 1011 2069; x_wconf 78' lang='lat' dir='ltr'><strong>Totus</strong></span> 
     </span>
     <span class='ocr_line' id='line_1_25' title="bbox 206 2097 1011 2153; baseline -0.009 -13"><span class='ocrx_word' id='word_1_216' title='bbox 206 2101 383 2140; x_wconf 80' lang='lat' dir='ltr'><strong>Christus</strong></span> <span class='ocrx_word' id='word_1_217' title='bbox 415 2106 529 2153; x_wconf 79' lang='lat' dir='ltr'><strong>caput</strong></span> <span class='ocrx_word' id='word_1_218' title='bbox 565 2105 601 2137; x_wconf 80' lang='lat' dir='ltr'><strong>et</strong></span> <span class='ocrx_word' id='word_1_219' title='bbox 623 2110 759 2150; x_wconf 80' lang='lat' dir='ltr'><strong>corpas</strong></span> <span class='ocrx_word' id='word_1_220' title='bbox 786 2104 854 2135; x_wconf 86' lang='lat' dir='ltr'><strong>est.</strong></span> <span class='ocrx_word' id='word_1_221' title='bbox 886 2097 1011 2148; x_wconf 75' lang='lat' dir='ltr'><strong>Caput</strong></span> 
     </span>
     <span class='ocr_line' id='line_1_26' title="bbox 202 2153 1011 2219; baseline -0.009 -13"><span class='ocrx_word' id='word_1_222' title='bbox 202 2168 425 2219; x_wconf 74' lang='lat' dir='ltr'><strong>uniqenieus</strong></span> <span class='ocrx_word' id='word_1_223' title='bbox 447 2153 527 2205; x_wconf 78' lang='lat' dir='ltr'><strong>Dei</strong></span> <span class='ocrx_word' id='word_1_224' title='bbox 545 2165 587 2203; x_wconf 91' lang='lat' dir='ltr'><em>F</em></span> <span class='ocrx_word' id='word_1_225' title='bbox 585 2165 678 2203; x_wconf 79' lang='lat' dir='ltr'><strong>ilius</strong></span> <span class='ocrx_word' id='word_1_226' title='bbox 695 2194 704 2211; x_wconf 98' lang='lat'><strong>7</strong></span> <span class='ocrx_word' id='word_1_227' title='bbox 724 2171 758 2202; x_wconf 82' lang='lat' dir='ltr'><strong>et</strong></span> <span class='ocrx_word' id='word_1_228' title='bbox 778 2176 913 2215; x_wconf 83' lang='lat' dir='ltr'><strong>corpus</strong></span> <span class='ocrx_word' id='word_1_229' title='bbox 930 2164 1011 2214; x_wconf 84' lang='lat' dir='ltr'><strong>ejus</strong></span> 
     </span>
     <span class='ocr_line' id='line_1_27' title="bbox 202 2228 1010 2285; baseline -0.011 -11"><span class='ocrx_word' id='word_1_230' title='bbox 202 2232 405 2283; x_wconf 75' lang='lat' dir='ltr'><strong>Ecclesia,</strong></span> <span class='ocrx_word' id='word_1_231' title='bbox 434 2244 592 2285; x_wconf 79' lang='lat' dir='ltr'><strong>sponsus</strong></span> <span class='ocrx_word' id='word_1_232' title='bbox 619 2238 655 2269; x_wconf 84' lang='lat' dir='ltr'><strong>et</strong></span> <span class='ocrx_word' id='word_1_233' title='bbox 669 2242 808 2283; x_wconf 76' lang='lat' dir='ltr'><strong>sponsa</strong></span> <span class='ocrx_word' id='word_1_234' title='bbox 830 2259 840 2276; x_wconf 92' lang='lat'><strong>7</strong></span> <span class='ocrx_word' id='word_1_235' title='bbox 872 2228 946 2266; x_wconf 83' lang='lat' dir='ltr'><strong>duo</strong></span> <span class='ocrx_word' id='word_1_236' title='bbox 965 2230 1010 2266; x_wconf 81' lang='lat' dir='ltr'><strong>in</strong></span> 
     </span>
     <span class='ocr_line' id='line_1_28' title="bbox 201 2295 1012 2350; baseline -0.01 -11"><span class='ocrx_word' id='word_1_237' title='bbox 201 2314 316 2340; x_wconf 80' lang='lat' dir='ltr'><strong>carne</strong></span> <span class='ocrx_word' id='word_1_238' title='bbox 341 2313 435 2339; x_wconf 79' lang='lat' dir='ltr'><strong>una.</strong></span> <span class='ocrx_word' id='word_1_239' title='bbox 461 2301 699 2350; x_wconf 77' lang='lat' dir='ltr'><strong>Quicum-que</strong></span> <span class='ocrx_word' id='word_1_240' title='bbox 722 2295 766 2335; x_wconf 80' lang='lat' dir='ltr'><strong>de</strong></span> <span class='ocrx_word' id='word_1_241' title='bbox 786 2297 868 2347; x_wconf 81' lang='lat' dir='ltr'><strong>ipso</strong></span> <span class='ocrx_word' id='word_1_242' title='bbox 885 2296 1012 2346; x_wconf 82' lang='lat' dir='ltr'><strong>capite</strong></span> 
     </span>
     <span class='ocr_line' id='line_1_29' title="bbox 202 2361 1007 2417; baseline -0.011 -12"><span class='ocrx_word' id='word_1_243' title='bbox 202 2368 249 2405; x_wconf 82' lang='lat' dir='ltr'><strong>ab</strong></span> <span class='ocrx_word' id='word_1_244' title='bbox 279 2364 494 2417; x_wconf 79' lang='lat' dir='ltr'><strong>Scripturis</strong></span> <span class='ocrx_word' id='word_1_245' title='bbox 521 2363 665 2402; x_wconf 75' lang='lat' dir='ltr'><strong>sanctis</strong></span> <span class='ocrx_word' id='word_1_246' title='bbox 690 2362 922 2400; x_wconf 70' lang='lat' dir='ltr'><strong>dissentiunt</strong></span> <span class='ocrx_word' id='word_1_247' title='bbox 950 2361 1007 2409; x_wconf 91' lang='lat' dir='ltr'><strong>(id</strong></span> 
     </span>
     <span class='ocr_line' id='line_1_30' title="bbox 173 2426 1011 2478; baseline -0.011 -8"><span class='ocrx_word' id='word_1_248' title='bbox 173 2450 177 2455; x_wconf 79' lang='grc'><em>·</em></span> <span class='ocrx_word' id='word_1_249' title='bbox 202 2440 255 2470; x_wconf 83' lang='lat' dir='ltr'><strong>est</strong></span> <span class='ocrx_word' id='word_1_250' title='bbox 269 2461 279 2478; x_wconf 98' lang='lat'><strong>7</strong></span> <span class='ocrx_word' id='word_1_251' title='bbox 307 2443 384 2468; x_wconf 86' lang='lat' dir='ltr'><strong>non</strong></span> <span class='ocrx_word' id='word_1_252' title='bbox 410 2440 535 2469; x_wconf 83' lang='lat' dir='ltr'><strong>tenent</strong></span> <span class='ocrx_word' id='word_1_253' title='bbox 551 2442 675 2468; x_wconf 84' lang='lat' dir='ltr'><strong>veram</strong></span> <span class='ocrx_word' id='word_1_254' title='bbox 693 2428 805 2466; x_wconf 87' lang='lat' dir='ltr'><strong>fidem</strong></span> <span class='ocrx_word' id='word_1_255' title='bbox 819 2427 847 2477; x_wconf 89' lang='lat'><strong>)7</strong></span> <span class='ocrx_word' id='word_1_256' title='bbox 861 2426 1011 2463; x_wconf 78' lang='lat' dir='ltr'><strong>etiamsi</strong></span> 
     </span>
     <span class='ocr_line' id='line_1_31' title="bbox 200 2492 1009 2542; baseline -0.007 -8"><span class='ocrx_word' id='word_1_257' title='bbox 200 2499 247 2535; x_wconf 80' lang='lat' dir='ltr'><strong>in</strong></span> <span class='ocrx_word' id='word_1_258' title='bbox 268 2496 445 2534; x_wconf 68' lang='lat' dir='ltr'><strong>omnibus</strong></span> <span class='ocrx_word' id='word_1_259' title='bbox 466 2497 557 2535; x_wconf 83' lang='lat' dir='ltr'><strong>locis</strong></span> <span class='ocrx_word' id='word_1_260' title='bbox 578 2494 825 2531; x_wconf 74' lang='lat' dir='ltr'><strong>inveniamur</strong></span> <span class='ocrx_word' id='word_1_261' title='bbox 848 2494 895 2530; x_wconf 78' lang='lat' dir='ltr'><strong>in</strong></span> <span class='ocrx_word' id='word_1_262' title='bbox 921 2492 1009 2542; x_wconf 78' lang='lat' dir='ltr'><strong>qui-</strong></span> 
     </span>
     <span class='ocr_line' id='line_1_32' title="bbox 203 2561 1012 2611; baseline -0.009 -11"><span class='ocrx_word' id='word_1_263' title='bbox 203 2562 273 2601; x_wconf 82' lang='lat' dir='ltr'><strong>bas</strong></span> <span class='ocrx_word' id='word_1_264' title='bbox 297 2561 472 2600; x_wconf 79' lang='lat' dir='ltr'><strong>Ecclesia</strong></span> <span class='ocrx_word' id='word_1_265' title='bbox 492 2562 693 2611; x_wconf 77' lang='lat' dir='ltr'><strong>desiqnata</strong></span> <span class='ocrx_word' id='word_1_266' title='bbox 717 2563 796 2604; x_wconf 77' lang='lat' dir='ltr'><strong>est,</strong></span> <span class='ocrx_word' id='word_1_267' title='bbox 818 2570 898 2594; x_wconf 77' lang='lat' dir='ltr'><strong>‘non</strong></span> <span class='ocrx_word' id='word_1_268' title='bbox 921 2563 1012 2594; x_wconf 77' lang='lat' dir='ltr'><strong>sant</strong></span> 
     </span>
     <span class='ocr_line' id='line_1_33' title="bbox 200 2622 1010 2676; baseline -0.01 -9"><span class='ocrx_word' id='word_1_269' title='bbox 200 2631 247 2667; x_wconf 81' lang='lat' dir='ltr'><strong>in</strong></span> <span class='ocrx_word' id='word_1_270' title='bbox 266 2628 453 2671; x_wconf 74' lang='lat' dir='ltr'><strong>Ecclesia.</strong></span> <span class='ocrx_word' id='word_1_271' title='bbox 470 2627 527 2665; x_wconf 82' lang='lat' dir='ltr'><strong>Et</strong></span> <span class='ocrx_word' id='word_1_272' title='bbox 548 2638 682 2665; x_wconf 78' lang='lat' dir='ltr'><strong>rursus</strong></span> <span class='ocrx_word' id='word_1_273' title='bbox 704 2627 947 2676; x_wconf 76' lang='lat' dir='ltr'><strong>quicumque,</strong></span> <span class='ocrx_word' id='word_1_274' title='bbox 966 2622 1010 2660; x_wconf 83' lang='lat' dir='ltr'><strong>de</strong></span> 
     </span>
     <span class='ocr_line' id='line_1_34' title="bbox 200 2689 1010 2747; baseline -0.007 -17"><span class='ocrx_word' id='word_1_275' title='bbox 200 2696 283 2747; x_wconf 72' lang='lat' dir='ltr'><strong>ipso</strong></span> <span class='ocrx_word' id='word_1_276' title='bbox 305 2695 427 2745; x_wconf 80' lang='lat' dir='ltr'><strong>capite</strong></span> <span class='ocrx_word' id='word_1_277' title='bbox 455 2690 669 2744; x_wconf 67' lang='lat' dir='ltr'><strong>Scripturis</strong></span> <span class='ocrx_word' id='word_1_278' title='bbox 698 2689 840 2726; x_wconf 78' lang='lat' dir='ltr'><strong>sanctis</strong></span> <span class='ocrx_word' id='word_1_279' title='bbox 862 2700 1010 2725; x_wconf 76' lang='lat' dir='ltr'><strong>consen·</strong></span> 
     </span>
     <span class='ocr_line' id='line_1_35' title="bbox 200 2755 1011 2809; baseline -0.011 -11"><span class='ocrx_word' id='word_1_280' title='bbox 200 2763 304 2798; x_wconf 77' lang='lat' dir='ltr'><strong>tiam</strong></span> <span class='ocrx_word' id='word_1_281' title='bbox 319 2790 329 2807; x_wconf 90' lang='lat'><strong>7</strong></span> <span class='ocrx_word' id='word_1_282' title='bbox 354 2766 390 2796; x_wconf 78' lang='lat' dir='ltr'><strong>et</strong></span> <span class='ocrx_word' id='word_1_283' title='bbox 422 2757 570 2797; x_wconf 77' lang='lat' dir='ltr'><strong>unitati</strong></span> <span class='ocrx_word' id='word_1_284' title='bbox 589 2755 777 2809; x_wconf 77' lang='lat' dir='ltr'><strong>Ecclesioe</strong></span> <span class='ocrx_word' id='word_1_285' title='bbox 802 2766 881 2791; x_wconf 77' lang='lat' dir='ltr'><strong>non</strong></span> <span class='ocrx_word' id='word_1_286' title='bbox 910 2766 1011 2792; x_wconf 84' lang='lat' dir='ltr'><strong>com-</strong></span> 
     </span>
     <span class='ocr_line' id='line_1_36' title="bbox 201 2817 1012 2870; baseline -0.009 -6"><span class='ocrx_word' id='word_1_287' title='bbox 201 2826 403 2864; x_wconf 77' lang='lat' dir='ltr'><strong>manicam</strong></span> <span class='ocrx_word' id='word_1_288' title='bbox 419 2852 430 2870; x_wconf 89' lang='lat'><strong>7</strong></span> <span class='ocrx_word' id='word_1_289' title='bbox 443 2836 522 2861; x_wconf 73' lang='lat' dir='ltr'><strong>non</strong></span> <span class='ocrx_word' id='word_1_290' title='bbox 543 2827 634 2859; x_wconf 79' lang='lat' dir='ltr'><strong>sunt</strong></span> <span class='ocrx_word' id='word_1_291' title='bbox 644 2822 686 2858; x_wconf 77' lang='lat' dir='ltr'><strong>in</strong></span> <span class='ocrx_word' id='word_1_292' title='bbox 699 2819 741 2859; x_wconf 91' lang='lat' dir='ltr'><em>E</em></span> <span class='ocrx_word' id='word_1_293' title='bbox 742 2817 898 2869; x_wconf 80' lang='lat' dir='ltr'><strong>cclesia3</strong></span> <span class='ocrx_word' id='word_1_294' title='bbox 920 2818 1012 2869; x_wconf 82' lang='lat' dir='ltr'><strong>quia</strong></span> 
     </span>
     <span class='ocr_line' id='line_1_37' title="bbox 201 2884 1011 2940; baseline -0.01 -11"><span class='ocrx_word' id='word_1_295' title='bbox 201 2891 248 2930; x_wconf 83' lang='lat' dir='ltr'><strong>de</strong></span> <span class='ocrx_word' id='word_1_296' title='bbox 272 2889 422 2929; x_wconf 75' lang='lat' dir='ltr'><strong>Christi</strong></span> <span class='ocrx_word' id='word_1_297' title='bbox 432 2901 585 2940; x_wconf 81' lang='lat' dir='ltr'><strong>corpore</strong></span> <span class='ocrx_word' id='word_1_298' title='bbox 601 2918 611 2935; x_wconf 89' lang='lat'>7</span> <span class='ocrx_word' id='word_1_299' title='bbox 634 2886 734 2939; x_wconf 82' lang='lat' dir='ltr'><strong>quod</strong></span> <span class='ocrx_word' id='word_1_300' title='bbox 752 2892 804 2924; x_wconf 79' lang='lat' dir='ltr'><strong>est</strong></span> <span class='ocrx_word' id='word_1_301' title='bbox 819 2884 1011 2926; x_wconf 84' lang='lat' dir='ltr'><strong>Ecclesia,</strong></span> 
     </span>
     <span class='ocr_line' id='line_1_38' title="bbox 202 2951 1012 3010; baseline -0.01 -14"><span class='ocrx_word' id='word_1_302' title='bbox 202 2958 249 2996; x_wconf 88' lang='lat' dir='ltr'><strong>ab</strong></span> <span class='ocrx_word' id='word_1_303' title='bbox 274 2957 399 3010; x_wconf 77' lang='lat' dir='ltr'><strong>ipsius</strong></span> <span class='ocrx_word' id='word_1_304' title='bbox 427 2955 575 2994; x_wconf 75' lang='lat' dir='ltr'><strong>Christi</strong></span> <span class='ocrx_word' id='word_1_305' title='bbox 589 2953 849 3005; x_wconf 73' lang='lat' dir='ltr'><strong>testificatione</strong></span> <span class='ocrx_word' id='word_1_306' title='bbox 864 2951 1012 2989; x_wconf 82' lang='lat' dir='ltr'><strong>dissen-</strong></span> 
     </span>
     <span class='ocr_line' id='line_1_39' title="bbox 203 3019 1012 3075; baseline -0.009 -11"><span class='ocrx_word' id='word_1_307' title='bbox 203 3027 318 3064; x_wconf 79' lang='lat' dir='ltr'><strong>tiunt.</strong></span> <span class='ocrx_word' id='word_1_308' title='bbox 338 3022 429 3075; x_wconf 84' lang='lat' dir='ltr'><strong>Quae</strong></span> <span class='ocrx_word' id='word_1_309' title='bbox 455 3021 589 3062; x_wconf 84' lang='lat' dir='ltr'><strong>deinde</strong></span> <span class='ocrx_word' id='word_1_310' title='bbox 614 3022 694 3061; x_wconf 81' lang='lat' dir='ltr'><strong>fuse</strong></span> <span class='ocrx_word' id='word_1_311' title='bbox 718 3019 878 3068; x_wconf 80' lang='lat' dir='ltr'><strong>evolvit,</strong></span> <span class='ocrx_word' id='word_1_312' title='bbox 901 3027 1012 3059; x_wconf 85' lang='lat' dir='ltr'><strong>utos-</strong></span> 
     </span>
    </p>
   </div>
   <div class='ocr_carea' id='block_1_5' title="bbox 1070 1963 1884 2998">
    <p class='ocr_par' dir='ltr' id='par_1_7' title="bbox 1070 1963 1884 2332">
     <span class='ocr_line' id='line_1_40' title="bbox 1072 1963 1884 2017; baseline -0.001 -14"><span class='ocrx_word' id='word_1_313' title='bbox 1072 1965 1213 2017; x_wconf 77' lang='lat' dir='ltr'><strong>tendat7</strong></span> <span class='ocrx_word' id='word_1_314' title='bbox 1234 1965 1331 2016; x_wconf 87' lang='lat' dir='ltr'><strong>quod</strong></span> <span class='ocrx_word' id='word_1_315' title='bbox 1350 1993 1360 2010; x_wconf 94' lang='lat'>7</span> <span class='ocrx_word' id='word_1_316' title='bbox 1386 1964 1555 2002; x_wconf 82' lang='lat' dir='ltr'><strong>alterutra</strong></span> <span class='ocrx_word' id='word_1_317' title='bbox 1571 1963 1782 2002; x_wconf 84' lang='lat' dir='ltr'><strong>conditione</strong></span> <span class='ocrx_word' id='word_1_318' title='bbox 1792 1963 1884 2002; x_wconf 83' lang='lat' dir='ltr'><strong>defi-</strong></span> 
     </span>
     <span class='ocr_line' id='line_1_41' title="bbox 1071 2029 1883 2078; baseline -0.004 -9"><span class='ocrx_word' id='word_1_319' title='bbox 1071 2034 1191 2070; x_wconf 86' lang='lat' dir='ltr'><strong>ciente</strong></span> <span class='ocrx_word' id='word_1_320' title='bbox 1209 2059 1220 2078; x_wconf 91' lang='lat'><strong>7</strong></span> <span class='ocrx_word' id='word_1_321' title='bbox 1248 2039 1310 2067; x_wconf 86' lang='lat' dir='ltr'><strong>aut</strong></span> <span class='ocrx_word' id='word_1_322' title='bbox 1340 2031 1489 2067; x_wconf 87' lang='lat' dir='ltr'><strong>unitatis</strong></span> <span class='ocrx_word' id='word_1_323' title='bbox 1522 2029 1607 2067; x_wconf 86' lang='lat' dir='ltr'><strong>fidei</strong></span> <span class='ocrx_word' id='word_1_324' title='bbox 1646 2038 1709 2067; x_wconf 86' lang='lat' dir='ltr'><strong>aut</strong></span> <span class='ocrx_word' id='word_1_325' title='bbox 1735 2030 1883 2067; x_wconf 84' lang='lat' dir='ltr'><strong>unitatis</strong></span> 
     </span>
     <span class='ocr_line' id='line_1_42' title="bbox 1072 2095 1882 2145; baseline -0.004 -11"><span class='ocrx_word' id='word_1_326' title='bbox 1072 2097 1341 2135; x_wconf 86' lang='lat' dir='ltr'><strong>communionis</strong></span> <span class='ocrx_word' id='word_1_327' title='bbox 1356 2124 1364 2139; x_wconf 81' lang='lat'><strong>7</strong></span> <span class='ocrx_word' id='word_1_328' title='bbox 1387 2108 1496 2132; x_wconf 84' lang='lat' dir='ltr'><strong>nemo</strong></span> <span class='ocrx_word' id='word_1_329' title='bbox 1519 2096 1629 2145; x_wconf 87' lang='lat' dir='ltr'><strong>possit</strong></span> <span class='ocrx_word' id='word_1_330' title='bbox 1654 2095 1794 2132; x_wconf 84' lang='lat' dir='ltr'><strong>censeri</strong></span> <span class='ocrx_word' id='word_1_331' title='bbox 1807 2106 1882 2131; x_wconf 82' lang='lat' dir='ltr'><strong>esse</strong></span> 
     </span>
     <span class='ocr_line' id='line_1_43' title="bbox 1071 2159 1882 2210; baseline -0.004 -11"><span class='ocrx_word' id='word_1_332' title='bbox 1071 2164 1110 2199; x_wconf 90' lang='lat' dir='ltr'><strong>in</strong></span> <span class='ocrx_word' id='word_1_333' title='bbox 1126 2174 1209 2199; x_wconf 83' lang='lat' dir='ltr'><strong>vera</strong></span> <span class='ocrx_word' id='word_1_334' title='bbox 1222 2159 1356 2198; x_wconf 81' lang='lat' dir='ltr'><strong>Christi</strong></span> <span class='ocrx_word' id='word_1_335' title='bbox 1385 2159 1543 2198; x_wconf 85' lang='lat' dir='ltr'><strong>Ecclesia</strong></span> <span class='ocrx_word' id='word_1_336' title='bbox 1556 2186 1569 2206; x_wconf 91' lang='lat'>‚</span> <span class='ocrx_word' id='word_1_337' title='bbox 1588 2170 1669 2210; x_wconf 87' lang='lat' dir='ltr'><strong>quae</strong></span> <span class='ocrx_word' id='word_1_338' title='bbox 1686 2165 1882 2210; x_wconf 77' lang='lat' dir='ltr'><strong>utramque</strong></span> 
     </span>
     <span class='ocr_line' id='line_1_44' title="bbox 1071 2223 1881 2274; baseline -0.006 -9"><span class='ocrx_word' id='word_1_339' title='bbox 1071 2229 1249 2266; x_wconf 86' lang='lat' dir='ltr'><strong>unitatem</strong></span> <span class='ocrx_word' id='word_1_340' title='bbox 1278 2227 1318 2264; x_wconf 87' lang='lat' dir='ltr'><strong>in</strong></span> <span class='ocrx_word' id='word_1_341' title='bbox 1347 2239 1411 2263; x_wconf 88' lang='lat' dir='ltr'><strong>suo</strong></span> <span class='ocrx_word' id='word_1_342' title='bbox 1446 2232 1625 2274; x_wconf 89' lang='lat' dir='ltr'><strong>conceptu</strong></span> <span class='ocrx_word' id='word_1_343' title='bbox 1665 2223 1820 2261; x_wconf 82' lang='lat' dir='ltr'><strong>involvit</strong></span> <span class='ocrx_word' id='word_1_344' title='bbox 1846 2231 1881 2261; x_wconf 83' lang='lat' dir='ltr'><strong>et</strong></span> 
     </span>
     <span class='ocr_line' id='line_1_45' title="bbox 1070 2293 1244 2332; baseline -0.011 0"><span class='ocrx_word' id='word_1_345' title='bbox 1070 2293 1244 2332; x_wconf 79' lang='lat' dir='ltr'><strong>includit.</strong></span> 
     </span>
    </p>

    <p class='ocr_par' dir='ltr' id='par_1_8' title="bbox 1070 2353 1884 2998">
     <span class='ocr_line' id='line_1_46' title="bbox 1123 2353 1883 2409; baseline -0.005 -14"><span class='ocrx_word' id='word_1_346' title='bbox 1123 2357 1181 2409; x_wconf 82' lang='lat'><strong>(3)</strong></span> <span class='ocrx_word' id='word_1_347' title='bbox 1208 2357 1252 2394; x_wconf 89' lang='lat' dir='ltr'><strong>In</strong></span> <span class='ocrx_word' id='word_1_348' title='bbox 1274 2359 1380 2408; x_wconf 82' lang='lat' dir='ltr'><strong>epist.</strong></span> <span class='ocrx_word' id='word_1_349' title='bbox 1408 2355 1600 2409; x_wconf 83' lang='lat' dir='ltr'><strong>Synodica</strong></span> <span class='ocrx_word' id='word_1_350' title='bbox 1618 2382 1632 2402; x_wconf 91' lang='lat'><em>,</em></span> <span class='ocrx_word' id='word_1_351' title='bbox 1660 2366 1744 2407; x_wconf 88' lang='lat' dir='ltr'><strong>quae</strong></span> <span class='ocrx_word' id='word_1_352' title='bbox 1764 2353 1883 2392; x_wconf 83' lang='lat' dir='ltr'><strong>credi-</strong></span> 
     </span>
     <span class='ocr_line' id='line_1_47' title="bbox 1072 2418 1884 2475; baseline -0.006 -13"><span class='ocrx_word' id='word_1_353' title='bbox 1072 2432 1129 2462; x_wconf 83' lang='lat' dir='ltr'><strong>tur</strong></span> <span class='ocrx_word' id='word_1_354' title='bbox 1149 2423 1185 2461; x_wconf 90' lang='lat' dir='ltr'><strong>S.</strong></span> <span class='ocrx_word' id='word_1_355' title='bbox 1200 2423 1388 2475; x_wconf 81' lang='lat' dir='ltr'><strong>Fulgentii</strong></span> <span class='ocrx_word' id='word_1_356' title='bbox 1414 2450 1425 2468; x_wconf 81' lang='lat'><strong>7</strong></span> <span class='ocrx_word' id='word_1_357' title='bbox 1444 2423 1529 2460; x_wconf 84' lang='lat' dir='ltr'><strong>data</strong></span> <span class='ocrx_word' id='word_1_358' title='bbox 1549 2434 1646 2459; x_wconf 87' lang='lat' dir='ltr'><strong>anno</strong></span> <span class='ocrx_word' id='word_1_359' title='bbox 1662 2418 1737 2458; x_wconf 84' lang='lat'><strong>521</strong></span> <span class='ocrx_word' id='word_1_360' title='bbox 1758 2450 1769 2468; x_wconf 93' lang='lat'><strong>7</strong></span> <span class='ocrx_word' id='word_1_361' title='bbox 1786 2419 1884 2470; x_wconf 85' lang='lat' dir='ltr'><strong>apud</strong></span> 
     </span>
     <span class='ocr_line' id='line_1_48' title="bbox 1070 2481 1881 2531; baseline -0.006 -4"><span class='ocrx_word' id='word_1_362' title='bbox 1070 2489 1258 2527; x_wconf 85' lang='lat' dir='ltr'><strong>Harduin.</strong></span> <span class='ocrx_word' id='word_1_363' title='bbox 1276 2489 1383 2527; x_wconf 78' lang='lat' dir='ltr'><strong>Acta</strong></span> <span class='ocrx_word' id='word_1_364' title='bbox 1399 2486 1518 2525; x_wconf 76' lang='lat' dir='ltr'><strong>Cone.</strong></span> <span class='ocrx_word' id='word_1_365' title='bbox 1535 2495 1625 2525; x_wconf 81' lang='lat' dir='ltr'><strong>tom.</strong></span> <span class='ocrx_word' id='word_1_366' title='bbox 1637 2498 1675 2531; x_wconf 85' lang='lat'><strong>11,</strong></span> <span class='ocrx_word' id='word_1_367' title='bbox 1689 2481 1881 2524; x_wconf 80' lang='lat' dir='ltr'><strong>col.xo55.</strong></span> 
     </span>
     <span class='ocr_line' id='line_1_49' title="bbox 1071 2549 1880 2606; baseline -0.012 -11"><span class='ocrx_word' id='word_1_368' title='bbox 1071 2555 1150 2595; x_wconf 77' lang='lat' dir='ltr'><strong>Alia</strong></span> <span class='ocrx_word' id='word_1_369' title='bbox 1171 2552 1280 2606; x_wconf 82' lang='lat' dir='ltr'><strong>plura</strong></span> <span class='ocrx_word' id='word_1_370' title='bbox 1300 2553 1451 2591; x_wconf 84' lang='lat' dir='ltr'><strong>Patrum</strong></span> <span class='ocrx_word' id='word_1_371' title='bbox 1478 2554 1519 2591; x_wconf 90' lang='lat' dir='ltr'><strong>in</strong></span> <span class='ocrx_word' id='word_1_372' title='bbox 1546 2553 1644 2590; x_wconf 86' lang='lat' dir='ltr'><strong>hanc</strong></span> <span class='ocrx_word' id='word_1_373' title='bbox 1671 2564 1749 2590; x_wconf 82' lang='lat' dir='ltr'><strong>rem</strong></span> <span class='ocrx_word' id='word_1_374' title='bbox 1777 2549 1880 2587; x_wconf 85' lang='lat' dir='ltr'><strong>testi-</strong></span> 
     </span>
     <span class='ocr_line' id='line_1_50' title="bbox 1071 2612 1882 2669; baseline -0.009 -11"><span class='ocrx_word' id='word_1_375' title='bbox 1071 2621 1195 2658; x_wconf 87' lang='lat' dir='ltr'><strong>monia</strong></span> <span class='ocrx_word' id='word_1_376' title='bbox 1227 2619 1294 2659; x_wconf 84' lang='lat' dir='ltr'><strong>cfr.</strong></span> <span class='ocrx_word' id='word_1_377' title='bbox 1330 2619 1429 2669; x_wconf 87' lang='lat' dir='ltr'><strong>apud</strong></span> <span class='ocrx_word' id='word_1_378' title='bbox 1453 2618 1579 2656; x_wconf 88' lang='lat' dir='ltr'><strong>Nicole</strong></span> <span class='ocrx_word' id='word_1_379' title='bbox 1607 2620 1647 2655; x_wconf 91' lang='lat' dir='ltr'><strong>in</strong></span> <span class='ocrx_word' id='word_1_380' title='bbox 1667 2629 1726 2667; x_wconf 90' lang='lat' dir='ltr'><strong>op.</strong></span> <span class='ocrx_word' id='word_1_381' title='bbox 1761 2612 1882 2652; x_wconf 51' lang='lat' dir='ltr'><strong>Unice</strong></span> 
     </span>
     <span class='ocr_line' id='line_1_51' title="bbox 1070 2671 1881 2736; baseline -0.01 -13"><span class='ocrx_word' id='word_1_382' title='bbox 1070 2685 1115 2723; x_wconf 85' lang='lat' dir='ltr'><strong>de</strong></span> <span class='ocrx_word' id='word_1_383' title='bbox 1138 2671 1300 2736; x_wconf 71' lang='lat' dir='ltr'><strong>l&#39;quise</strong></span> <span class='ocrx_word' id='word_1_384' title='bbox 1316 2715 1324 2726; x_wconf 88' lang='lat'><strong>.</strong></span> <span class='ocrx_word' id='word_1_385' title='bbox 1363 2685 1458 2723; x_wconf 87' lang='lat' dir='ltr'><strong>lib.i</strong></span> <span class='ocrx_word' id='word_1_386' title='bbox 1482 2712 1495 2728; x_wconf 93' lang='lat'><strong><em>,</em></strong></span> <span class='ocrx_word' id='word_1_387' title='bbox 1530 2683 1591 2721; x_wconf 89' lang='lat' dir='ltr'><strong>ch.</strong></span> <span class='ocrx_word' id='word_1_388' title='bbox 1629 2694 1680 2732; x_wconf 79' lang='lat'><strong>73</strong></span> <span class='ocrx_word' id='word_1_389' title='bbox 1708 2692 1778 2717; x_wconf 87' lang='lat' dir='ltr'><strong>nec</strong></span> <span class='ocrx_word' id='word_1_390' title='bbox 1804 2692 1881 2716; x_wconf 86' lang='lat' dir='ltr'><strong>non</strong></span> 
     </span>
     <span class='ocr_line' id='line_1_52' title="bbox 1072 2742 1880 2802; baseline -0.015 -12"><span class='ocrx_word' id='word_1_391' title='bbox 1072 2751 1171 2802; x_wconf 83' lang='lat' dir='ltr'><strong>apud</strong></span> <span class='ocrx_word' id='word_1_392' title='bbox 1187 2749 1471 2789; x_wconf 83' lang='lat' dir='ltr'><strong>Thomassinum</strong></span> <span class='ocrx_word' id='word_1_393' title='bbox 1488 2776 1501 2793; x_wconf 92' lang='lat'><em>,</em></span> <span class='ocrx_word' id='word_1_394' title='bbox 1527 2750 1566 2785; x_wconf 89' lang='lat' dir='ltr'><strong>in</strong></span> <span class='ocrx_word' id='word_1_395' title='bbox 1582 2759 1643 2797; x_wconf 90' lang='lat' dir='ltr'><strong>op.</strong></span> <span class='ocrx_word' id='word_1_396' title='bbox 1676 2743 1809 2781; x_wconf 64' lang='lat' dir='ltr'><strong>Traitd</strong></span> <span class='ocrx_word' id='word_1_397' title='bbox 1835 2742 1880 2780; x_wconf 83' lang='lat' dir='ltr'><strong>de</strong></span> 
     </span>
     <span class='ocr_line' id='line_1_53' title="bbox 1075 2808 1878 2867; baseline -0.014 -11"><span class='ocrx_word' id='word_1_398' title='bbox 1075 2817 1207 2857; x_wconf 59' lang='lat' dir='ltr'><strong>Punite</strong></span> <span class='ocrx_word' id='word_1_399' title='bbox 1224 2816 1270 2855; x_wconf 86' lang='lat' dir='ltr'><strong>de</strong></span> <span class='ocrx_word' id='word_1_400' title='bbox 1282 2815 1444 2867; x_wconf 76' lang='lat' dir='ltr'><strong>I’Eylise</strong></span> <span class='ocrx_word' id='word_1_401' title='bbox 1457 2843 1469 2861; x_wconf 74' lang='lat'><strong>7</strong></span> <span class='ocrx_word' id='word_1_402' title='bbox 1483 2813 1581 2850; x_wconf 84' lang='lat' dir='ltr'><strong>Paris</strong></span> <span class='ocrx_word' id='word_1_403' title='bbox 1598 2808 1714 2862; x_wconf 81' lang='lat'>1687,</span> <span class='ocrx_word' id='word_1_404' title='bbox 1729 2818 1819 2848; x_wconf 83' lang='lat' dir='ltr'><strong>tom.</strong></span> <span class='ocrx_word' id='word_1_405' title='bbox 1837 2822 1878 2857; x_wconf 83' lang='grc' dir='ltr'><strong>ιι,</strong></span> 
     </span>
     <span class='ocr_line' id='line_1_54' title="bbox 1076 2873 1881 2936; baseline -0.014 -13"><span class='ocrx_word' id='word_1_406' title='bbox 1076 2893 1170 2936; x_wconf 85' lang='lat' dir='ltr'><strong>part.</strong></span> <span class='ocrx_word' id='word_1_407' title='bbox 1211 2898 1226 2922; x_wconf 89' lang='lat'>1</span> <span class='ocrx_word' id='word_1_408' title='bbox 1251 2891 1287 2921; x_wconf 88' lang='lat' dir='ltr'><strong>et</strong></span> <span class='ocrx_word' id='word_1_409' title='bbox 1313 2895 1340 2920; x_wconf 88' lang='lat'><strong>11</strong></span> <span class='ocrx_word' id='word_1_410' title='bbox 1366 2895 1376 2929; x_wconf 95' lang='lat'>;</span> <span class='ocrx_word' id='word_1_411' title='bbox 1406 2878 1503 2931; x_wconf 86' lang='lat' dir='ltr'><strong>apud</strong></span> <span class='ocrx_word' id='word_1_412' title='bbox 1527 2876 1765 2915; x_wconf 84' lang='lat' dir='ltr'><strong>Ballerinium</strong></span> <span class='ocrx_word' id='word_1_413' title='bbox 1781 2904 1792 2922; x_wconf 87' lang='lat'><strong>7</strong></span> <span class='ocrx_word' id='word_1_414' title='bbox 1823 2873 1881 2913; x_wconf 81' lang='lat' dir='ltr'><strong>De</strong></span> 
     </span>
     <span class='ocr_line' id='line_1_55' title="bbox 1077 2937 1878 2998; baseline -0.012 -10"><span class='ocrx_word' id='word_1_415' title='bbox 1077 2951 1120 2988; x_wconf 83' lang='lat' dir='ltr'><strong>vi</strong></span> <span class='ocrx_word' id='word_1_416' title='bbox 1139 2962 1185 2988; x_wconf 85' lang='lat' dir='ltr'><strong>ac</strong></span> <span class='ocrx_word' id='word_1_417' title='bbox 1208 2949 1357 2987; x_wconf 73' lang='lat' dir='ltr'><strong>ratione</strong></span> <span class='ocrx_word' id='word_1_418' title='bbox 1379 2945 1570 2998; x_wconf 72' lang='lat' dir='ltr'><strong>primatus</strong></span> <span class='ocrx_word' id='word_1_419' title='bbox 1584 2969 1596 2990; x_wconf 86' lang='lat'>,</span> <span class='ocrx_word' id='word_1_420' title='bbox 1619 2940 1736 2981; x_wconf 84' lang='lat' dir='ltr'><strong>Ferm.</strong></span> <span class='ocrx_word' id='word_1_421' title='bbox 1762 2937 1878 2993; x_wconf 82' lang='lat'>1766,</span> 
     </span>
    </p>
   </div>
   <div class='ocr_carea' id='block_1_6' title="bbox 1080 3026 1256 3067">
    <p class='ocr_par' dir='ltr' id='par_1_9' title="bbox 1080 3026 1256 3067">
     <span class='ocr_line' id='line_1_56' title="bbox 1080 3026 1256 3067; baseline -0.011 -12"><span class='ocrx_word' id='word_1_422' title='bbox 1080 3029 1161 3067; x_wconf 82' lang='lat' dir='ltr'><strong>cap.</strong></span> <span class='ocrx_word' id='word_1_423' title='bbox 1197 3026 1256 3053; x_wconf 80' lang='grc' dir='ltr'><strong>ιο.</strong></span> 
     </span>
    </p>
   </div>
  </div>
 </body>
</html>
