2028 3354
1693 177 1789 225 273
1821 201 1824 204 ⁴

432 186 559 220 PAR'r.
599 191 631 220 1.
671 190 770 221 CAP.
804 190 870 222 IV.
911 190 966 222 DE
1001 191 1220 223 EGCLESIAE
1247 193 1450 224 DOTIBUS.

88 306 137 352 in
165 304 290 365 aliis,
325 304 389 351 sic
421 312 467 351 et
494 305 544 350 in
573 303 661 352 hoc
690 304 884 352 articulo
915 323 939 352 a
971 305 1181 354 doctrina
1204 307 1416 356 Ecclesiae
1443 308 1679 358 catholicae
1709 327 1788 357 re-

88 389 350 440 cesserunt,
382 379 513 427 facile
533 378 583 426 id.
609 381 719 446 ipsis
742 380 975 428 dabimus.
1004 382 1244 447 Siquidem
1268 402 1366 430 non
1385 384 1637 433 defuerunt
1660 386 1787 434 haud

87 458 223 522 pauci
250 456 468 504 neoterici
490 456 616 504 inter
638 457 761 522 ipsos
778 458 920 505 etiam
941 458 1226 518 Catholicos.‚
1253 461 1333 524 qui
1351 496 1364 518 ,
1388 477 1560 524 magno
1578 462 1785 511 Ecclesiae

84 533 227 580 totius
263 532 504 593 scandaIO,
539 534 904 580 protestantium
944 534 1135 595 vestigia
1167 551 1381 597 premere
1420 538 1616 585 minime
1652 539 1787 587 veriti

87 618 227 668 sunt,
254 609 499 669 docentes,
523 610 704 656 nullam
724 610 911 675 proprie
936 608 1109 655 dictam
1128 611 1455 658 auctoritatem
1477 612 1789 676 legislativam

86 693 350 750 competere
369 685 678 734 ecclesiasticae
706 685 929 751 potestati
949 685 999 731 in
1019 702 1092 732 res
1111 687 1406 749 pertinentes
1426 688 1487 735 ad
1507 692 1786 742 exteriorem

83 761 377 827 disciplinam
395 798 408 821 7
439 778 541 826 quae
568 763 735 809 afficiat
759 761 975 807 homines
997 769 1139 826 prout
1164 762 1287 811 cives
1314 772 1424 811 sunt
1441 801 1453 823 ,
1475 773 1524 812 et
1546 782 1650 830 quae
1679 786 1785 818 cum

82 838 247 885 ordine
276 838 464 903 politico
500 837 763 902 reipublicae
792 846 903 883 sunt
939 844 1174 886 connexae.
1210 840 1357 902 Hujus
1388 842 1516 888 enim
1544 845 1785 895 exterioris

84 913 342 978 disciplinae
369 913 626 961 sanciendae
643 921 924 978 potestatem
948 913 1239 979 Principibus
1259 915 1504 977 tribuunt;
1542 923 1788 985 potestatis

81 1000 238 1038 autem
260 990 530 1053 legislativae
554 989 866 1037 ecclesiasticae
892 990 1125 1053 obJectum
1146 991 1264 1039 illud
1285 992 1438 1040 solum
1468 1012 1565 1044 esse
1585 1008 1786 1047 conten-

78 1067 226 1125 dunt,
259 1066 384 1131 quod
412 1066 617 1131 pertinet
642 1067 701 1114 ad
733 1066 997 1114 doctrinam
1024 1069 1344 1132 evangelicam
1371 1070 1478 1119 fidei
1513 1082 1561 1120 et
1593 1092 1782 1126 morum

80 1152 220 1208 atque
249 1144 656 1190 Sacramentorum
681 1143 1186 1192 administrandorum.

144 1218 258 1265 413.
319 1220 500 1265 Horum
560 1219 823 1268 doctrinam
878 1239 1011 1268 suam
1070 1221 1177 1268 fecit
1233 1224 1438 1289 synodus
1497 1227 1787 1280 Pistoriensis

75 1312 211 1361 prop.
248 1296 305 1342 IV
322 1332 335 1355 ,
356 1295 595 1343 affirmans
619 1315 628 1344 :
650 1297 877 1344 Abusum
890 1301 996 1361 fore
1019 1303 1325 1348 auctoritatis
1347 1302 1592 1365 Ecclesiae,
1616 1315 1784 1356 trans-

69 1372 268 1435 ferendo
298 1374 436 1419 illam
472 1374 604 1420 ultra
627 1375 801 1420 limites
830 1375 1059 1421 doctrinae
1085 1392 1142 1421 ac
1170 1393 1394 1432 morum,
1427 1389 1472 1425 et
1491 1398 1596 1428 eam
1618 1392 1781 1432 eaten-

74 1450 223 1496 dendo
250 1450 318 1495 acl
337 1467 410 1496 res
438 1454 713 1505 eoeteriores,
738 1459 782 1497 et
793 1468 886 1514 per
909 1468 1014 1497 eam
1041 1454 1268 1515 eoeiyendo
1299 1456 1378 1510 id,
1402 1458 1531 1518 quod
1541 1461 1722 1521 pendet
1747 1481 1780 1510 a

65 1529 383 1589 persuasione
401 1535 443 1573 et
464 1528 629 1584 corde,
657 1536 759 1574 tum
777 1531 923 1574 etiam
940 1530 1089 1574 multo
1115 1533 1285 1576 minus
1310 1532 1380 1577 ad
1399 1549 1504 1579 eam
1518 1541 1780 1596 pertinere,

75 1606 259 1666 exiyere
270 1620 365 1666 per
381 1606 481 1649 vim
500 1607 779 1651 exteriorem
802 1606 1143 1666 subjectionem
1162 1611 1264 1654 suis
1278 1607 1487 1655 decretis.
1508 1610 1617 1658 Haec
1635 1629 1778 1677 porro

77 1679 332 1744 propositio
364 1696 390 1725 a
426 1679 507 1725 Pio
533 1680 620 1740 VI,
651 1680 701 1726 in
730 1681 916 1727 constit.
957 1682 1212 1729 Auctorem
1241 1683 1362 1745 fidei
1388 1705 1402 1730 .·
1438 1695 1676 1748 quatenus
1703 1695 1778 1738 in-

73 1757 385 1803 determinate
404 1757 504 1802 illis
529 1758 684 1803 verbis
702 1775 712 1802 :
737 1758 1023 1804 emendenda
1040 1758 1109 1803 ael
1124 1775 1197 1805 res
1216 1762 1491 1817 exteriores,
1509 1772 1634 1810 notet
1650 1768 1782 1815 velut

74 1833 284 1880 abusum
321 1835 624 1880 auctoritatis
664 1834 891 1881 Ecclesiae
928 1851 1072 1880 usum
1099 1837 1203 1896 ejus
1232 1840 1482 1899 potestatis
1506 1851 1709 1905 acceptoe
1744 1862 1777 1891 a

72 1910 173 1956 Deo
185 1944 202 1966 ,
227 1926 327 1973 qua
355 1911 436 1955 usi
463 1918 581 1955 sunt
607 1918 652 1956 et
670 1911 769 1974 ilosi
793 1911 1009 1973 Apostoli
1031 1913 1086 1957 in
1113 1911 1384 1976 disciplina·
1406 1919 1636 1964 exteriore
1658 1936 1775 1967 con-

71 1986 315 2033 stituenda
336 1994 380 2032 et
400 1987 662 2033 sancienda
682 2021 696 2047 ,
726 1986 947 2035 haeretica
977 1985 1266 2050 declaratur,
1290 1997 1431 2055 atque
1451 1999 1502 2037 ut
1531 1992 1635 2041 talis
1659 2012 1772 2060 pro—

74 2205 162 2245 Ant.
177 2207 350 2262 Pereyra,
371 2208 392 2247 J
396 2222 448 2248 os.
468 2209 513 2248 de
530 2208 773 2249 Lemosmello
786 2236 798 2257 ,
813 2217 882 2248 etc.

74 2273 139 2324 qui
168 2285 295 2312 omnes
322 2276 455 2313 notorii
480 2276 630 2313 fuerunt
645 2277 881 2328 jansenistae3

73 2350 143 2375 nec
159 2351 235 2376 non
257 2338 351 2390 leges
363 2339 544 2379 Pombalii
562 2343 714 2394 ejusque
737 2339 883 2380 consilii

73 2403 347 2452 ministerialis,
381 2413 451 2445 etc.
482 2406 563 2445 Cfr.
602 2421 693 2458 opus
729 2405 790 2446 cui
824 2409 883 2446 tir.

70 2467 328 2520 Sammlun93
355 2477 427 2509 etc.
467 2485 531 2510 seu
570 2471 750 2511 Collectio
785 2484 886 2510 non-

69 2533 267 2572 nullorum
315 2534 623 2576 documentorum
662 2538 883 2590 officialium

69 2601 205 2651 maqni
225 2602 406 2638 momenti
426 2601 478 2640 ad
492 2598 783 2642 'inserviendum
802 2604 883 2642 kis-

69 2667 178 2705 torioe
204 2667 526 2719 emancipationis
546 2667 814 2707 catholicorum
839 2670 884 2706 in

70 2730 218 2783 Anqlia
233 2760 246 2781 ,
283 2732 380 2771 edita
416 2747 437 2771 a
466 2732 526 2772 Cl.
564 2733 665 2785 Aug.
700 2734 881 2782 Theiner‚

32 2825 36 2829 -
71 2795 240 2849 Mogunt.
261 2797 378 2848 1835,
396 2807 430 2838 et
444 2801 664 2852 opusculum
679 2800 851 2853 Lingardi
868 2814 881 2842 z

78 2861 350 2903 Observations
387 2877 437 2903 on
465 2865 526 2903 the
563 2865 655 2904 lawe
673 2894 685 2914 ‚
722 2874 792 2906 etc.
816 2880 879 2906 seu

76 2927 365 2969 Observationes
379 2932 483 2970 eirca
505 2931 601 2983 leqes
611 2939 646 2971 et
669 2932 880 2972 ordinatio-

71 3006 138 3032 nes
151 3023 162 3041 ‚
185 3008 271 3046 qum
291 2996 505 3037 subsistunt
523 2999 570 3037 in
583 2998 745 3039 statibus
759 3005 880 3039 exter-

137 3059 187 3107 T.
226 3060 344 3108 VIII.

953 2211 1031 2258 nis,
1045 2209 1227 2250 relativas
1240 2212 1291 2250 ad
1303 2214 1454 2263 neyotia
1477 2213 1656 2266 relae‘qiosa
1678 2219 1770 2257 sub-

953 2275 1118 2314 dirorum
1141 2290 1298 2315 romano
1323 2277 1613 2330 catholicorum,
1647 2280 1766 2338 1817,

952 2341 1050 2393 quod
1073 2350 1195 2393 postea
1219 2345 1399 2382 insertum
1426 2353 1480 2383 est
1502 2347 1543 2383 in
1575 2347 1648 2386 alio
1672 2352 1770 2402 ejus-

952 2406 1036 2444 dem
1062 2421 1124 2459 op.
1163 2409 1203 2447 A
1236 2408 1431 2448 collection
1455 2411 1504 2462 of
1528 2418 1672 2462 trac-ts,
1706 2429 1771 2455 seu

955 2471 1130 2511 Collectio
1164 2474 1433 2526 opusculorum
1470 2476 1516 2514 de
1550 2481 1675 2518 variis
1700 2494 1768 2520 ar-

948 2541 1139 2589 qumentis
1164 2543 1348 2579 connexis
1368 2556 1455 2580 cum
1465 2545 1688 2598 principiis
1709 2549 1767 2586 ci-

949 2603 1090 2643 vilibus
1131 2612 1167 2644 et
1209 2606 1399 2659 relz‘yiosis
1451 2609 1723 2660 catholicorum
1754 2644 1765 2661 ‚

950 2669 1072 2711 Lond.
1106 2669 1208 2710 1826
1224 2702 1235 2719 ‚
1260 2671 1346 2711 in-8
1362 2702 1372 2721 ,
1396 2687 1483 2725 pag.
1500 2673 1693 2731 447-479.
1707 2677 1767 2717 Ex

949 2735 1050 2775 hisee
1076 2737 1198 2789 palam
1225 2739 1290 2787 fit,
1320 2741 1476 2792 quinam
1500 2743 1573 2780 sint
1599 2752 1766 2784 auctores

949 2801 1143 2856 catholici2
1161 2805 1208 2843 ad
1233 2819 1327 2857 quos
1355 2806 1522 2858 confugit
1538 2807 1699 2856 Palmer‚
1727 2817 1765 2849 et

949 2870 989 2906 in
1014 2868 1148 2921 quibus
1170 2873 1354 2910 tutissime
1389 2876 1622 2926 conquiescit
1644 2874 1764 2914 veluti

949 2937 1198 2975 monumentis
1216 2937 1380 2976 induhiae
1400 2938 1488 2978 fidei
1511 2947 1621 2993 atque
1643 2941 1762 2979 inelu-

949 2999 1091 3039 ctabilis
1115 3001 1352 3042 auctoritatis,

1504 3067 1564 3113 18
