<?xml version="1.0" encoding="UTF-8"?>
<!DOCTYPE html PUBLIC "-//W3C//DTD XHTML 1.0 Transitional//EN"
    "http://www.w3.org/TR/xhtml1/DTD/xhtml1-transitional.dtd">
<html xmlns="http://www.w3.org/1999/xhtml" xml:lang="en" lang="en">
 <head>
  <title>
</title>
<meta http-equiv="Content-Type" content="text/html;charset=utf-8" />
  <meta name='ocr-system' content='tesseract 3.04.00' />
  <meta name='ocr-capabilities' content='ocr_page ocr_carea ocr_par ocr_line ocrx_word'/>
</head>
<body>
  <div class='ocr_page' id='page_1' title='image "./praelectionestheo08perruoft/praelectionestheo08perruoft_0496.png"; bbox 0 0 2028 3354; ppageno 0'>
   <div class='ocr_carea' id='block_1_1' title="bbox 216 206 1449 261">
    <p class='ocr_par' dir='ltr' id='par_1_1' title="bbox 216 206 1449 261">
     <span class='ocr_line' id='line_1_1' title="bbox 216 206 1449 261; baseline 0.006 -7"><span class='ocrx_word' id='word_1_1' title='bbox 216 206 310 255; x_wconf 76' lang='lat'>484</span> <span class='ocrx_word' id='word_1_2' title='bbox 709 225 866 256; x_wconf 62' lang='lat' dir='ltr'>macr.</span> <span class='ocrx_word' id='word_1_3' title='bbox 905 226 959 255; x_wconf 78' lang='lat' dir='ltr'>DE</span> <span class='ocrx_word' id='word_1_4' title='bbox 995 225 1116 256; x_wconf 67' lang='lat' dir='ltr'>Locis</span> <span class='ocrx_word' id='word_1_5' title='bbox 1151 227 1449 261; x_wconf 72' lang='lat' dir='ltr'>rnnotocmts-</span> 
     </span>
    </p>
   </div>
   <div class='ocr_carea' id='block_1_2' title="bbox 200 337 1906 2518">
    <p class='ocr_par' dir='ltr' id='par_1_2' title="bbox 214 337 1906 538">
     <span class='ocr_line' id='line_1_2' title="bbox 215 337 1903 423; baseline 0.004 -38"><span class='ocrx_word' id='word_1_6' title='bbox 215 337 354 398; x_wconf 87' lang='lat' dir='ltr'>inita,</span> <span class='ocrx_word' id='word_1_7' title='bbox 381 337 625 403; x_wconf 88' lang='lat' dir='ltr'>pervenire</span> <span class='ocrx_word' id='word_1_8' title='bbox 647 347 840 423; x_wconf 84' lang='lat' dir='ltr'><strong>possunt</strong></span> <span class='ocrx_word' id='word_1_9' title='bbox 858 337 918 385; x_wconf 88' lang='lat' dir='ltr'>ad</span> <span class='ocrx_word' id='word_1_10' title='bbox 936 338 1258 386; x_wconf 87' lang='lat' dir='ltr'>auctoritatem</span> <span class='ocrx_word' id='word_1_11' title='bbox 1284 343 1630 391; x_wconf 81' lang='lat' dir='ltr'><strong>extenuandam</strong></span> <span class='ocrx_word' id='word_1_12' title='bbox 1647 359 1771 391; x_wconf 87' lang='lat' dir='ltr'>rom.</span> <span class='ocrx_word' id='word_1_13' title='bbox 1786 344 1903 392; x_wconf 89' lang='lat' dir='ltr'>Pon·</span> 
     </span>
     <span class='ocr_line' id='line_1_3' title="bbox 214 412 1906 486; baseline 0.004 -25"><span class='ocrx_word' id='word_1_14' title='bbox 214 414 376 471; x_wconf 63' lang='lat' dir='ltr'>tificis,</span> <span class='ocrx_word' id='word_1_15' title='bbox 409 420 489 459; x_wconf 85' lang='lat' dir='ltr'>aut</span> <span class='ocrx_word' id='word_1_16' title='bbox 526 412 620 460; x_wconf 90' lang='lat' dir='ltr'>fere</span> <span class='ocrx_word' id='word_1_17' title='bbox 655 414 705 460; x_wconf 85' lang='lat' dir='ltr'>in</span> <span class='ocrx_word' id='word_1_18' title='bbox 733 413 933 461; x_wconf 86' lang='lat' dir='ltr'>nihilum</span> <span class='ocrx_word' id='word_1_19' title='bbox 970 414 1270 478; x_wconf 79' lang='lat' dir='ltr'>redigendam</span> <span class='ocrx_word' id='word_1_20' title='bbox 1295 452 1308 476; x_wconf 79' lang='lat'>,</span> <span class='ocrx_word' id='word_1_21' title='bbox 1348 435 1399 466; x_wconf 88' lang='lat' dir='ltr'>ac</span> <span class='ocrx_word' id='word_1_22' title='bbox 1426 419 1727 483; x_wconf 82' lang='lat' dir='ltr'>ignominiam</span> <span class='ocrx_word' id='word_1_23' title='bbox 1761 421 1906 486; x_wconf 88' lang='lat' dir='ltr'>patris</span> 
     </span>
     <span class='ocr_line' id='line_1_4' title="bbox 213 489 1028 554; baseline 0.001 -18.003"><span class='ocrx_word' id='word_1_24' title='bbox 213 489 403 554; x_wconf 81' lang='lat' dir='ltr'>gloriam</span> <span class='ocrx_word' id='word_1_25' title='bbox 429 506 567 536; x_wconf 91' lang='lat' dir='ltr'>suam</span> <span class='ocrx_word' id='word_1_26' title='bbox 594 489 691 537; x_wconf 89' lang='lat' dir='ltr'>fore</span> <span class='ocrx_word' id='word_1_27' title='bbox 725 489 1028 547; x_wconf 71' lang='lat' dir='ltr'>axbitrantur.</span> 
     </span>
    </p>

    <p class='ocr_par' dir='ltr' id='par_1_3' title="bbox 200 564 1906 1163">
     <span class='ocr_line' id='line_1_5' title="bbox 276 564 1902 637; baseline 0.005 -25"><span class='ocrx_word' id='word_1_28' title='bbox 276 564 388 612; x_wconf 89' lang='grc'><strong>706.</strong></span> <span class='ocrx_word' id='word_1_29' title='bbox 426 566 806 614; x_wconf 89' lang='lat' dir='ltr'>Commentitiam</span> <span class='ocrx_word' id='word_1_30' title='bbox 834 584 971 631; x_wconf 88' lang='lat' dir='ltr'>porro</span> <span class='ocrx_word' id='word_1_31' title='bbox 989 584 1087 614; x_wconf 92' lang='lat' dir='ltr'>esse</span> <span class='ocrx_word' id='word_1_32' title='bbox 1110 603 1123 627; x_wconf 60' lang='lat'>7</span> <span class='ocrx_word' id='word_1_33' title='bbox 1143 584 1195 615; x_wconf 90' lang='lat' dir='ltr'>ac</span> <span class='ocrx_word' id='word_1_34' title='bbox 1215 576 1390 617; x_wconf 85' lang='lat' dir='ltr'>naturae</span> <span class='ocrx_word' id='word_1_35' title='bbox 1418 571 1640 634; x_wconf 82' lang='lat' dir='ltr'>primatus</span> <span class='ocrx_word' id='word_1_36' title='bbox 1675 573 1902 637; x_wconf 86' lang='lat' dir='ltr'>pontificii</span> 
     </span>
     <span class='ocr_line' id='line_1_6' title="bbox 211 640 1906 707; baseline 0.005 -19"><span class='ocrx_word' id='word_1_37' title='bbox 211 640 396 707; x_wconf 87' lang='lat' dir='ltr'>penitus</span> <span class='ocrx_word' id='word_1_38' title='bbox 437 640 765 689; x_wconf 77' lang='lat' dir='ltr'>adversantem</span> <span class='ocrx_word' id='word_1_39' title='bbox 788 678 800 701; x_wconf 61' lang='lat'><em>7</em></span> <span class='ocrx_word' id='word_1_40' title='bbox 846 641 1170 690; x_wconf 87' lang='lat' dir='ltr'>febronianam</span> <span class='ocrx_word' id='word_1_41' title='bbox 1215 642 1344 691; x_wconf 89' lang='lat' dir='ltr'>illam</span> <span class='ocrx_word' id='word_1_42' title='bbox 1390 644 1735 695; x_wconf 82' lang='lat' dir='ltr'>distinctionem</span> <span class='ocrx_word' id='word_1_43' title='bbox 1780 649 1906 696; x_wconf 89' lang='lat' dir='ltr'>inter</span> 
     </span>
     <span class='ocr_line' id='line_1_7' title="bbox 201 717 1906 780; baseline 0.005 -17"><span class='ocrx_word' id='word_1_44' title='bbox 201 721 310 780; x_wconf 87' lang='lat' dir='ltr'>jura</span> <span class='ocrx_word' id='word_1_45' title='bbox 350 717 610 765; x_wconf 82' lang='lat' dir='ltr'>essentialia</span> <span class='ocrx_word' id='word_1_46' title='bbox 655 726 702 764; x_wconf 90' lang='lat' dir='ltr'>et</span> <span class='ocrx_word' id='word_1_47' title='bbox 740 717 1067 779; x_wconf 85' lang='lat' dir='ltr'>accidentalia,</span> <span class='ocrx_word' id='word_1_48' title='bbox 1101 720 1163 766; x_wconf 93' lang='lat' dir='ltr'>sic</span> <span class='ocrx_word' id='word_1_49' title='bbox 1201 721 1510 768; x_wconf 87' lang='lat' dir='ltr'>ostendimus.</span> <span class='ocrx_word' id='word_1_50' title='bbox 1549 723 1790 771; x_wconf 89' lang='lat' dir='ltr'>Distinctio</span> <span class='ocrx_word' id='word_1_51' title='bbox 1825 724 1906 771; x_wconf 89' lang='lat' dir='ltr'>illa</span> 
     </span>
     <span class='ocr_line' id='line_1_8' title="bbox 211 789 1906 862; baseline 0.003 -21"><span class='ocrx_word' id='word_1_52' title='bbox 211 794 529 841; x_wconf 85' lang='lat' dir='ltr'>commentitia</span> <span class='ocrx_word' id='word_1_53' title='bbox 566 792 762 841; x_wconf 89' lang='lat' dir='ltr'>dicenda</span> <span class='ocrx_word' id='word_1_54' title='bbox 801 802 871 840; x_wconf 87' lang='lat' dir='ltr'>est</span> <span class='ocrx_word' id='word_1_55' title='bbox 907 802 954 839; x_wconf 91' lang='lat' dir='ltr'>et</span> <span class='ocrx_word' id='word_1_56' title='bbox 990 803 1170 841; x_wconf 86' lang='lat' dir='ltr'>naturae</span> <span class='ocrx_word' id='word_1_57' title='bbox 1210 796 1437 858; x_wconf 86' lang='lat' dir='ltr'>primatus</span> <span class='ocrx_word' id='word_1_58' title='bbox 1467 789 1906 862; x_wconf 81' lang='lat' dir='ltr'>pontificiicontra-</span> 
     </span>
     <span class='ocr_line' id='line_1_9' title="bbox 206 867 1902 939; baseline 0.002 -22"><span class='ocrx_word' id='word_1_59' title='bbox 206 870 273 917; x_wconf 87' lang='lat' dir='ltr'>ria</span> <span class='ocrx_word' id='word_1_60' title='bbox 290 905 302 929; x_wconf 75' lang='lat'>‚</span> <span class='ocrx_word' id='word_1_61' title='bbox 336 886 440 934; x_wconf 84' lang='lat' dir='ltr'>quae</span> <span class='ocrx_word' id='word_1_62' title='bbox 466 867 708 915; x_wconf 81' lang='lat' dir='ltr'>arbitraria</span> <span class='ocrx_word' id='word_1_63' title='bbox 743 868 936 915; x_wconf 85' lang='lat' dir='ltr'>omnino</span> <span class='ocrx_word' id='word_1_64' title='bbox 967 868 1119 915; x_wconf 80' lang='lat' dir='ltr'>existit</span> <span class='ocrx_word' id='word_1_65' title='bbox 1136 905 1148 928; x_wconf 83' lang='lat'>,</span> <span class='ocrx_word' id='word_1_66' title='bbox 1175 869 1379 935; x_wconf 86' lang='lat' dir='ltr'>falsoque</span> <span class='ocrx_word' id='word_1_67' title='bbox 1408 872 1627 920; x_wconf 88' lang='lat' dir='ltr'>innititur</span> <span class='ocrx_word' id='word_1_68' title='bbox 1649 873 1902 939; x_wconf 78' lang='lat' dir='ltr'>principi03</span> 
     </span>
     <span class='ocr_line' id='line_1_10' title="bbox 205 939 1906 1015; baseline 0.004 -23"><span class='ocrx_word' id='word_1_69' title='bbox 205 962 308 1011; x_wconf 80' lang='lat' dir='ltr'>quae</span> <span class='ocrx_word' id='word_1_70' title='bbox 342 954 560 992; x_wconf 87' lang='lat' dir='ltr'>naturam</span> <span class='ocrx_word' id='word_1_71' title='bbox 599 945 749 1015; x_wconf 74' lang='lat' dir='ltr'>ipsam</span> <span class='ocrx_word' id='word_1_72' title='bbox 785 943 987 990; x_wconf 84' lang='lat' dir='ltr'>destruit</span> <span class='ocrx_word' id='word_1_73' title='bbox 1021 939 1502 1007; x_wconf 22' lang='lat' dir='ltr'>primatustdivinitus</span> <span class='ocrx_word' id='word_1_74' title='bbox 1541 951 1679 997; x_wconf 91' lang='lat' dir='ltr'>Petro</span> <span class='ocrx_word' id='word_1_75' title='bbox 1716 953 1906 1015; x_wconf 86' lang='lat' dir='ltr'>ejusque</span> 
     </span>
     <span class='ocr_line' id='line_1_11' title="bbox 200 1018 1905 1088; baseline 0.004 -20"><span class='ocrx_word' id='word_1_76' title='bbox 200 1020 534 1068; x_wconf 88' lang='lat' dir='ltr'>successoribus</span> <span class='ocrx_word' id='word_1_77' title='bbox 556 1019 713 1066; x_wconf 90' lang='lat' dir='ltr'>collati</span> <span class='ocrx_word' id='word_1_78' title='bbox 733 1040 746 1077; x_wconf 69' lang='grc' dir='ltr'><strong>ς</strong></span> <span class='ocrx_word' id='word_1_79' title='bbox 778 1035 883 1083; x_wconf 84' lang='lat' dir='ltr'>quae</span> <span class='ocrx_word' id='word_1_80' title='bbox 911 1018 1114 1084; x_wconf 86' lang='lat' dir='ltr'>denique</span> <span class='ocrx_word' id='word_1_81' title='bbox 1138 1020 1371 1082; x_wconf 83' lang='lat' dir='ltr'>incognita</span> <span class='ocrx_word' id='word_1_82' title='bbox 1389 1022 1531 1088; x_wconf 88' lang='lat' dir='ltr'>plane</span> <span class='ocrx_word' id='word_1_83' title='bbox 1556 1025 1643 1072; x_wconf 90' lang='lat' dir='ltr'>toti</span> <span class='ocrx_word' id='word_1_84' title='bbox 1668 1025 1757 1073; x_wconf 89' lang='lat' dir='ltr'>fuit</span> <span class='ocrx_word' id='word_1_85' title='bbox 1777 1026 1905 1073; x_wconf 85' lang='lat' dir='ltr'>anti-</span> 
     </span>
     <span class='ocr_line' id='line_1_12' title="bbox 206 1096 577 1163; baseline -0.005 -19"><span class='ocrx_word' id='word_1_86' title='bbox 206 1097 388 1163; x_wconf 89' lang='lat' dir='ltr'>quitati.</span> <span class='ocrx_word' id='word_1_87' title='bbox 420 1096 577 1161; x_wconf 76' lang='lat' dir='ltr'>Atqui.</span> 
     </span>
    </p>

    <p class='ocr_par' dir='ltr' id='par_1_4' title="bbox 201 1171 1904 2518">
     <span class='ocr_line' id='line_1_13' title="bbox 267 1171 1903 1236; baseline 0.003 -15"><span class='ocrx_word' id='word_1_88' title='bbox 267 1172 380 1221; x_wconf 90' lang='grc'><strong>707.</strong></span> <span class='ocrx_word' id='word_1_89' title='bbox 404 1175 526 1220; x_wconf 87' lang='lat' dir='ltr'>Sane</span> <span class='ocrx_word' id='word_1_90' title='bbox 555 1171 850 1220; x_wconf 87' lang='lat' dir='ltr'>arbitrariam</span> <span class='ocrx_word' id='word_1_91' title='bbox 871 1171 1153 1220; x_wconf 82' lang='lat' dir='ltr'>censendam</span> <span class='ocrx_word' id='word_1_92' title='bbox 1178 1189 1278 1220; x_wconf 87' lang='lat' dir='ltr'>esse</span> <span class='ocrx_word' id='word_1_93' title='bbox 1305 1173 1531 1236; x_wconf 87' lang='lat' dir='ltr'>ejusmodi</span> <span class='ocrx_word' id='word_1_94' title='bbox 1553 1175 1903 1226; x_wconf 84' lang='lat' dir='ltr'>distinctionem</span> 
     </span>
     <span class='ocr_line' id='line_1_14' title="bbox 206 1247 1901 1316; baseline 0.002 -19"><span class='ocrx_word' id='word_1_95' title='bbox 206 1268 263 1298; x_wconf 79' lang='lat' dir='ltr'>ex</span> <span class='ocrx_word' id='word_1_96' title='bbox 283 1248 530 1315; x_wconf 86' lang='lat' dir='ltr'>multiplici</span> <span class='ocrx_word' id='word_1_97' title='bbox 548 1248 697 1313; x_wconf 89' lang='lat' dir='ltr'>capite</span> <span class='ocrx_word' id='word_1_98' title='bbox 714 1248 900 1296; x_wconf 87' lang='lat' dir='ltr'>abunde</span> <span class='ocrx_word' id='word_1_99' title='bbox 912 1247 1077 1313; x_wconf 87' lang='lat' dir='ltr'>liquet.</span> <span class='ocrx_word' id='word_1_100' title='bbox 1102 1249 1167 1296; x_wconf 88' lang='lat' dir='ltr'>Ac</span> <span class='ocrx_word' id='word_1_101' title='bbox 1193 1249 1243 1295; x_wconf 82' lang='grc' dir='ltr'>1ο</span> <span class='ocrx_word' id='word_1_102' title='bbox 1264 1250 1371 1314; x_wconf 89' lang='lat' dir='ltr'>quia</span> <span class='ocrx_word' id='word_1_103' title='bbox 1393 1249 1522 1297; x_wconf 91' lang='lat' dir='ltr'>nulla</span> <span class='ocrx_word' id='word_1_104' title='bbox 1542 1261 1733 1316; x_wconf 89' lang='lat' dir='ltr'>apparet</span> <span class='ocrx_word' id='word_1_105' title='bbox 1751 1255 1867 1301; x_wconf 87' lang='lat' dir='ltr'>ratio</span> <span class='ocrx_word' id='word_1_106' title='bbox 1888 1292 1901 1314; x_wconf 78' lang='grc'><em>,</em></span> 
     </span>
     <span class='ocr_line' id='line_1_15' title="bbox 204 1324 1904 1395; baseline 0.002 -22"><span class='ocrx_word' id='word_1_107' title='bbox 204 1343 347 1393; x_wconf 88' lang='lat' dir='ltr'>quare</span> <span class='ocrx_word' id='word_1_108' title='bbox 378 1324 629 1373; x_wconf 86' lang='lat' dir='ltr'>adversarii</span> <span class='ocrx_word' id='word_1_109' title='bbox 658 1324 908 1372; x_wconf 86' lang='lat' dir='ltr'>desumant</span> <span class='ocrx_word' id='word_1_110' title='bbox 943 1324 1076 1372; x_wconf 90' lang='lat' dir='ltr'>illam</span> <span class='ocrx_word' id='word_1_111' title='bbox 1112 1324 1465 1374; x_wconf 88' lang='lat' dir='ltr'>distinctionem</span> <span class='ocrx_word' id='word_1_112' title='bbox 1499 1344 1556 1374; x_wconf 87' lang='lat' dir='ltr'>ex</span> <span class='ocrx_word' id='word_1_113' title='bbox 1588 1344 1667 1374; x_wconf 85' lang='lat' dir='ltr'>sex</span> <span class='ocrx_word' id='word_1_114' title='bbox 1694 1328 1768 1377; x_wconf 87' lang='lat' dir='ltr'>vel</span> <span class='ocrx_word' id='word_1_115' title='bbox 1792 1347 1904 1395; x_wconf 91' lang='lat' dir='ltr'>sep-</span> 
     </span>
     <span class='ocr_line' id='line_1_16' title="bbox 203 1400 1904 1467; baseline 0.001 -17"><span class='ocrx_word' id='word_1_116' title='bbox 203 1413 302 1451; x_wconf 88' lang='lat' dir='ltr'>tem</span> <span class='ocrx_word' id='word_1_117' title='bbox 331 1400 561 1466; x_wconf 84' lang='lat' dir='ltr'>prioribus</span> <span class='ocrx_word' id='word_1_118' title='bbox 590 1400 752 1447; x_wconf 89' lang='lat' dir='ltr'>seculis</span> <span class='ocrx_word' id='word_1_119' title='bbox 770 1438 782 1460; x_wconf 60' lang='lat'>7</span> <span class='ocrx_word' id='word_1_120' title='bbox 821 1418 917 1447; x_wconf 90' lang='lat' dir='ltr'>non</span> <span class='ocrx_word' id='word_1_121' title='bbox 952 1410 1109 1449; x_wconf 88' lang='lat' dir='ltr'>autem</span> <span class='ocrx_word' id='word_1_122' title='bbox 1143 1418 1200 1448; x_wconf 80' lang='lat' dir='ltr'>ex</span> <span class='ocrx_word' id='word_1_123' title='bbox 1227 1401 1378 1450; x_wconf 87' lang='lat' dir='ltr'>tribus</span> <span class='ocrx_word' id='word_1_124' title='bbox 1412 1402 1798 1467; x_wconf 81' lang='lat' dir='ltr'>insequentibuS‚</span> <span class='ocrx_word' id='word_1_125' title='bbox 1824 1414 1904 1452; x_wconf 87' lang='lat' dir='ltr'>aut</span> 
     </span>
     <span class='ocr_line' id='line_1_17' title="bbox 202 1477 1902 1543; baseline 0 -16"><span class='ocrx_word' id='word_1_126' title='bbox 202 1497 306 1527; x_wconf 91' lang='lat' dir='ltr'>eam</span> <span class='ocrx_word' id='word_1_127' title='bbox 335 1495 435 1524; x_wconf 89' lang='lat' dir='ltr'>non</span> <span class='ocrx_word' id='word_1_128' title='bbox 470 1485 703 1523; x_wconf 90' lang='lat' dir='ltr'>coarctent</span> <span class='ocrx_word' id='word_1_129' title='bbox 729 1477 788 1523; x_wconf 89' lang='lat' dir='ltr'>ad</span> <span class='ocrx_word' id='word_1_130' title='bbox 818 1477 904 1523; x_wconf 87' lang='lat' dir='ltr'>tria</span> <span class='ocrx_word' id='word_1_131' title='bbox 941 1477 1095 1541; x_wconf 88' lang='lat' dir='ltr'>priora</span> <span class='ocrx_word' id='word_1_132' title='bbox 1126 1477 1307 1537; x_wconf 68' lang='lat' dir='ltr'>secula,</span> <span class='ocrx_word' id='word_1_133' title='bbox 1342 1487 1482 1543; x_wconf 92' lang='lat' dir='ltr'>prout</span> <span class='ocrx_word' id='word_1_134' title='bbox 1530 1479 1682 1526; x_wconf 90' lang='lat' dir='ltr'>facere</span> <span class='ocrx_word' id='word_1_135' title='bbox 1709 1496 1902 1528; x_wconf 91' lang='lat' dir='ltr'>consue-</span> 
     </span>
     <span class='ocr_line' id='line_1_18' title="bbox 213 1553 1904 1619; baseline 0 -16"><span class='ocrx_word' id='word_1_136' title='bbox 213 1562 385 1603; x_wconf 83' lang='lat' dir='ltr'>verunt</span> <span class='ocrx_word' id='word_1_137' title='bbox 408 1556 724 1601; x_wconf 87' lang='lat' dir='ltr'>Protestantes</span> <span class='ocrx_word' id='word_1_138' title='bbox 746 1553 941 1600; x_wconf 88' lang='lat' dir='ltr'>istorum</span> <span class='ocrx_word' id='word_1_139' title='bbox 970 1554 1262 1616; x_wconf 78' lang='lat' dir='ltr'>antesignani</span> <span class='ocrx_word' id='word_1_140' title='bbox 1298 1564 1346 1602; x_wconf 90' lang='lat' dir='ltr'>et</span> <span class='ocrx_word' id='word_1_141' title='bbox 1369 1555 1575 1618; x_wconf 82' lang='lat' dir='ltr'>magistri</span> <span class='ocrx_word' id='word_1_142' title='bbox 1590 1591 1602 1613; x_wconf 69' lang='lat'>⁷</span> <span class='ocrx_word' id='word_1_143' title='bbox 1629 1555 1709 1619; x_wconf 92' lang='lat' dir='ltr'>qui</span> <span class='ocrx_word' id='word_1_144' title='bbox 1737 1556 1796 1602; x_wconf 90' lang='lat' dir='ltr'>ad</span> <span class='ocrx_word' id='word_1_145' title='bbox 1816 1557 1904 1603; x_wconf 90' lang='lat' dir='ltr'>tria</span> 
     </span>
     <span class='ocr_line' id='line_1_19' title="bbox 206 1629 1901 1699; baseline 0 -20"><span class='ocrx_word' id='word_1_146' title='bbox 206 1640 464 1699; x_wconf 84' lang='lat' dir='ltr'>quatuorve</span> <span class='ocrx_word' id='word_1_147' title='bbox 484 1630 638 1695; x_wconf 85' lang='lat' dir='ltr'>priora</span> <span class='ocrx_word' id='word_1_148' title='bbox 665 1629 814 1676; x_wconf 89' lang='lat' dir='ltr'>secula</span> <span class='ocrx_word' id='word_1_149' title='bbox 837 1638 1060 1676; x_wconf 86' lang='lat' dir='ltr'>revocant</span> <span class='ocrx_word' id='word_1_150' title='bbox 1077 1647 1246 1694; x_wconf 89' lang='lat' dir='ltr'>puram</span> <span class='ocrx_word' id='word_1_151' title='bbox 1266 1638 1313 1677; x_wconf 84' lang='lat' dir='ltr'>et</span> <span class='ocrx_word' id='word_1_152' title='bbox 1337 1648 1527 1678; x_wconf 85' lang='lat' dir='ltr'>auream</span> <span class='ocrx_word' id='word_1_153' title='bbox 1550 1630 1760 1679; x_wconf 82' lang='lat' dir='ltr'>Ecclesiae</span> <span class='ocrx_word' id='word_1_154' title='bbox 1783 1641 1901 1679; x_wconf 84' lang='lat' dir='ltr'>aeta-</span> 
     </span>
     <span class='ocr_line' id='line_1_20' title="bbox 206 1705 1904 1772; baseline 0 -18"><span class='ocrx_word' id='word_1_155' title='bbox 206 1720 333 1767; x_wconf 73' lang='lat' dir='ltr'>tem3</span> <span class='ocrx_word' id='word_1_156' title='bbox 369 1708 423 1753; x_wconf 74' lang='lat'>2³⁰</span> <span class='ocrx_word' id='word_1_157' title='bbox 457 1707 564 1772; x_wconf 88' lang='lat' dir='ltr'>quia</span> <span class='ocrx_word' id='word_1_158' title='bbox 600 1705 727 1752; x_wconf 93' lang='lat' dir='ltr'>nulla</span> <span class='ocrx_word' id='word_1_159' title='bbox 762 1715 885 1753; x_wconf 84' lang='lat' dir='ltr'>certa</span> <span class='ocrx_word' id='word_1_160' title='bbox 920 1706 1037 1752; x_wconf 88' lang='lat' dir='ltr'>ratio</span> <span class='ocrx_word' id='word_1_161' title='bbox 1069 1706 1274 1771; x_wconf 85' lang='lat' dir='ltr'>suppetit</span> <span class='ocrx_word' id='word_1_162' title='bbox 1294 1740 1308 1765; x_wconf 87' lang='lat'>‚</span> <span class='ocrx_word' id='word_1_163' title='bbox 1344 1723 1488 1772; x_wconf 87' lang='lat' dir='ltr'>quare</span> <span class='ocrx_word' id='word_1_164' title='bbox 1511 1706 1770 1754; x_wconf 87' lang='lat' dir='ltr'>essentialia</span> <span class='ocrx_word' id='word_1_165' title='bbox 1796 1711 1904 1769; x_wconf 85' lang='lat' dir='ltr'>jura</span> 
     </span>
     <span class='ocr_line' id='line_1_21' title="bbox 206 1782 1902 1848; baseline -0.001 -16"><span class='ocrx_word' id='word_1_166' title='bbox 206 1786 423 1833; x_wconf 86' lang='lat' dir='ltr'>dicantur</span> <span class='ocrx_word' id='word_1_167' title='bbox 450 1792 630 1830; x_wconf 86' lang='lat' dir='ltr'>arctum</span> <span class='ocrx_word' id='word_1_168' title='bbox 669 1800 722 1829; x_wconf 88' lang='lat' dir='ltr'>ac</span> <span class='ocrx_word' id='word_1_169' title='bbox 760 1782 1071 1829; x_wconf 90' lang='lat' dir='ltr'>necessarium</span> <span class='ocrx_word' id='word_1_170' title='bbox 1104 1799 1280 1829; x_wconf 84' lang='lat' dir='ltr'>nexum</span> <span class='ocrx_word' id='word_1_171' title='bbox 1321 1800 1428 1830; x_wconf 90' lang='lat' dir='ltr'>cum</span> <span class='ocrx_word' id='word_1_172' title='bbox 1457 1784 1695 1848; x_wconf 87' lang='lat' dir='ltr'>pontificio</span> <span class='ocrx_word' id='word_1_173' title='bbox 1727 1782 1902 1830; x_wconf 86' lang='lat' dir='ltr'>habere</span> 
     </span>
     <span class='ocr_line' id='line_1_22' title="bbox 205 1857 1901 1928; baseline -0.002 -20"><span class='ocrx_word' id='word_1_174' title='bbox 205 1862 441 1928; x_wconf 81' lang='lat' dir='ltr'>primatu,</span> <span class='ocrx_word' id='word_1_175' title='bbox 470 1858 768 1906; x_wconf 88' lang='lat' dir='ltr'>accidentalia</span> <span class='ocrx_word' id='word_1_176' title='bbox 794 1875 901 1905; x_wconf 87' lang='lat' dir='ltr'>vero</span> <span class='ocrx_word' id='word_1_177' title='bbox 931 1875 1028 1904; x_wconf 87' lang='lat' dir='ltr'>non</span> <span class='ocrx_word' id='word_1_178' title='bbox 1057 1858 1199 1916; x_wconf 66' lang='lat' dir='ltr'>item,</span> <span class='ocrx_word' id='word_1_179' title='bbox 1232 1858 1296 1905; x_wconf 87' lang='lat' dir='ltr'>ita</span> <span class='ocrx_word' id='word_1_180' title='bbox 1315 1868 1386 1916; x_wconf 70' lang='lat' dir='ltr'>ut,</span> <span class='ocrx_word' id='word_1_181' title='bbox 1419 1860 1455 1905; x_wconf 93' lang='lat' dir='ltr'>si</span> <span class='ocrx_word' id='word_1_182' title='bbox 1487 1858 1665 1904; x_wconf 88' lang='lat' dir='ltr'>bonum</span> <span class='ocrx_word' id='word_1_183' title='bbox 1696 1857 1901 1906; x_wconf 85' lang='lat' dir='ltr'>Ecclesiae</span> 
     </span>
     <span class='ocr_line' id='line_1_23' title="bbox 206 1933 1898 2003; baseline -0.003 -18"><span class='ocrx_word' id='word_1_184' title='bbox 206 1944 453 2003; x_wconf 65' lang='lat' dir='ltr'>exposcat,</span> <span class='ocrx_word' id='word_1_185' title='bbox 482 1935 795 1982; x_wconf 90' lang='lat' dir='ltr'>necessarium</span> <span class='ocrx_word' id='word_1_186' title='bbox 825 1934 914 1980; x_wconf 87' lang='lat' dir='ltr'>dici</span> <span class='ocrx_word' id='word_1_187' title='bbox 937 1942 1140 1998; x_wconf 86' lang='lat' dir='ltr'>nequeat</span> <span class='ocrx_word' id='word_1_188' title='bbox 1162 1933 1544 1993; x_wconf 75' lang='lat' dir='ltr'>accidentalium,</span> <span class='ocrx_word' id='word_1_189' title='bbox 1575 1951 1678 1998; x_wconf 86' lang='lat' dir='ltr'>quae</span> <span class='ocrx_word' id='word_1_190' title='bbox 1703 1943 1898 1994; x_wconf 70' lang='lat' dir='ltr'>vocant,</span> 
     </span>
     <span class='ocr_line' id='line_1_24' title="bbox 201 2008 1901 2078; baseline -0.003 -17"><span class='ocrx_word' id='word_1_191' title='bbox 201 2014 379 2078; x_wconf 87' lang='lat' dir='ltr'>jurium</span> <span class='ocrx_word' id='word_1_192' title='bbox 405 2011 702 2068; x_wconf 76' lang='lat' dir='ltr'>exercitium3</span> <span class='ocrx_word' id='word_1_193' title='bbox 730 2009 781 2056; x_wconf 82' lang='lat'>30</span> <span class='ocrx_word' id='word_1_194' title='bbox 801 2011 907 2074; x_wconf 88' lang='lat' dir='ltr'>quia</span> <span class='ocrx_word' id='word_1_195' title='bbox 931 2008 1185 2056; x_wconf 86' lang='lat' dir='ltr'>adversarii</span> <span class='ocrx_word' id='word_1_196' title='bbox 1210 2026 1258 2056; x_wconf 90' lang='grc'>86</span> <span class='ocrx_word' id='word_1_197' title='bbox 1278 2009 1398 2057; x_wconf 83' lang='grc'><strong>50105</strong></span> <span class='ocrx_word' id='word_1_198' title='bbox 1416 2009 1592 2070; x_wconf 82' lang='lat' dir='ltr'>judices</span> <span class='ocrx_word' id='word_1_199' title='bbox 1610 2011 1901 2057; x_wconf 88' lang='lat' dir='ltr'>constituunt</span> 
     </span>
     <span class='ocr_line' id='line_1_25' title="bbox 210 2084 1899 2159; baseline -0.004 -21"><span class='ocrx_word' id='word_1_200' title='bbox 210 2091 267 2139; x_wconf 87' lang='lat' dir='ltr'>ad</span> <span class='ocrx_word' id='word_1_201' title='bbox 308 2087 685 2146; x_wconf 70' lang='lat' dir='ltr'>decernendum,</span> <span class='ocrx_word' id='word_1_202' title='bbox 713 2102 825 2159; x_wconf 17' lang='lat' dir='ltr'>quae*</span> <span class='ocrx_word' id='word_1_203' title='bbox 843 2090 948 2148; x_wconf 86' lang='lat' dir='ltr'>jura</span> <span class='ocrx_word' id='word_1_204' title='bbox 975 2084 1178 2133; x_wconf 89' lang='lat' dir='ltr'>debeant</span> <span class='ocrx_word' id='word_1_205' title='bbox 1208 2085 1529 2133; x_wconf 84' lang='lat' dir='ltr'>essentialibus</span> <span class='ocrx_word' id='word_1_206' title='bbox 1547 2123 1559 2145; x_wconf 76' lang='grc'><em>,</em></span> <span class='ocrx_word' id='word_1_207' title='bbox 1603 2103 1705 2152; x_wconf 85' lang='lat' dir='ltr'>quae</span> <span class='ocrx_word' id='word_1_208' title='bbox 1742 2095 1899 2132; x_wconf 86' lang='lat' dir='ltr'>autem</span> 
     </span>
     <span class='ocr_line' id='line_1_26' title="bbox 209 2161 1899 2227; baseline -0.004 -11"><span class='ocrx_word' id='word_1_209' title='bbox 209 2165 569 2216; x_wconf 86' lang='lat' dir='ltr'>accidentalibus</span> <span class='ocrx_word' id='word_1_210' title='bbox 593 2164 918 2222; x_wconf 74' lang='lat' dir='ltr'>adnumerar13</span> <span class='ocrx_word' id='word_1_211' title='bbox 944 2180 1052 2210; x_wconf 92' lang='lat' dir='ltr'>cum</span> <span class='ocrx_word' id='word_1_212' title='bbox 1070 2172 1195 2210; x_wconf 86' lang='lat' dir='ltr'>certo</span> <span class='ocrx_word' id='word_1_213' title='bbox 1214 2180 1272 2210; x_wconf 75' lang='lat' dir='ltr'>ex</span> <span class='ocrx_word' id='word_1_214' title='bbox 1301 2162 1489 2210; x_wconf 88' lang='lat' dir='ltr'>historia</span> <span class='ocrx_word' id='word_1_215' title='bbox 1520 2170 1699 2210; x_wconf 89' lang='lat' dir='ltr'>constet</span> <span class='ocrx_word' id='word_1_216' title='bbox 1717 2198 1729 2221; x_wconf 73' lang='lat'>‚</span> <span class='ocrx_word' id='word_1_217' title='bbox 1763 2161 1899 2227; x_wconf 87' lang='lat' dir='ltr'>plura</span> 
     </span>
     <span class='ocr_line' id='line_1_27' title="bbox 210 2237 1899 2310; baseline -0.005 -17"><span class='ocrx_word' id='word_1_218' title='bbox 210 2263 265 2294; x_wconf 83' lang='lat' dir='ltr'>ex</span> <span class='ocrx_word' id='word_1_219' title='bbox 292 2245 347 2291; x_wconf 87' lang='lat' dir='ltr'>iis</span> <span class='ocrx_word' id='word_1_220' title='bbox 363 2242 574 2310; x_wconf 84' lang='lat' dir='ltr'>juribus,</span> <span class='ocrx_word' id='word_1_221' title='bbox 598 2257 698 2306; x_wconf 84' lang='lat' dir='ltr'>quae</span> <span class='ocrx_word' id='word_1_222' title='bbox 725 2239 1024 2287; x_wconf 86' lang='lat' dir='ltr'>accidentalia</span> <span class='ocrx_word' id='word_1_223' title='bbox 1043 2249 1236 2297; x_wconf 86' lang='lat' dir='ltr'>vocant,</span> <span class='ocrx_word' id='word_1_224' title='bbox 1264 2248 1429 2305; x_wconf 91' lang='lat' dir='ltr'>utpote</span> <span class='ocrx_word' id='word_1_225' title='bbox 1452 2246 1667 2286; x_wconf 84' lang='lat' dir='ltr'>contenta</span> <span class='ocrx_word' id='word_1_226' title='bbox 1680 2239 1730 2285; x_wconf 92' lang='lat' dir='ltr'>in</span> <span class='ocrx_word' id='word_1_227' title='bbox 1751 2237 1899 2285; x_wconf 89' lang='lat' dir='ltr'>Isido-</span> 
     </span>
     <span class='ocr_line' id='line_1_28' title="bbox 208 2314 1894 2375; baseline -0.005 -7"><span class='ocrx_word' id='word_1_228' title='bbox 208 2322 339 2368; x_wconf 86' lang='lat' dir='ltr'>riana</span> <span class='ocrx_word' id='word_1_229' title='bbox 361 2318 659 2375; x_wconf 67' lang='lat' dir='ltr'>collectione,</span> <span class='ocrx_word' id='word_1_230' title='bbox 688 2316 827 2363; x_wconf 87' lang='lat' dir='ltr'>fuisse</span> <span class='ocrx_word' id='word_1_231' title='bbox 868 2316 918 2362; x_wconf 91' lang='lat' dir='ltr'>in</span> <span class='ocrx_word' id='word_1_232' title='bbox 966 2333 1100 2362; x_wconf 90' lang='lat' dir='ltr'>usum</span> <span class='ocrx_word' id='word_1_233' title='bbox 1141 2315 1313 2362; x_wconf 89' lang='lat' dir='ltr'>adscita</span> <span class='ocrx_word' id='word_1_234' title='bbox 1350 2334 1375 2362; x_wconf 88' lang='lat' dir='ltr'>a</span> <span class='ocrx_word' id='word_1_235' title='bbox 1412 2333 1531 2363; x_wconf 87' lang='lat' dir='ltr'>rom.</span> <span class='ocrx_word' id='word_1_236' title='bbox 1565 2314 1894 2370; x_wconf 83' lang='lat' dir='ltr'>Pontificibus,</span> 
     </span>
     <span class='ocr_line' id='line_1_29' title="bbox 207 2390 1901 2459; baseline -0.005 -16"><span class='ocrx_word' id='word_1_237' title='bbox 207 2396 344 2458; x_wconf 87' lang='lat' dir='ltr'>longe</span> <span class='ocrx_word' id='word_1_238' title='bbox 363 2403 613 2459; x_wconf 87' lang='lat' dir='ltr'>antequam</span> <span class='ocrx_word' id='word_1_239' title='bbox 632 2391 864 2453; x_wconf 88' lang='lat' dir='ltr'>ejusmodi</span> <span class='ocrx_word' id='word_1_240' title='bbox 886 2390 1092 2438; x_wconf 87' lang='lat' dir='ltr'>collectio</span> <span class='ocrx_word' id='word_1_241' title='bbox 1114 2390 1408 2453; x_wconf 84' lang='lat' dir='ltr'>evulgaretur</span> <span class='ocrx_word' id='word_1_242' title='bbox 1429 2392 1520 2455; x_wconf 88' lang='lat' dir='ltr'><strong>(l).</strong></span> <span class='ocrx_word' id='word_1_243' title='bbox 1544 2390 1597 2437; x_wconf 76' lang='lat'>4⁰</span> <span class='ocrx_word' id='word_1_244' title='bbox 1614 2391 1729 2450; x_wconf 88' lang='lat' dir='ltr'>Quia</span> <span class='ocrx_word' id='word_1_245' title='bbox 1754 2390 1901 2438; x_wconf 65' lang='lat' dir='ltr'>desti-</span> 
     </span>
     <span class='ocr_line' id='line_1_30' title="bbox 208 2466 1098 2518; baseline -0.004 0"><span class='ocrx_word' id='word_1_246' title='bbox 208 2472 356 2518; x_wconf 84' lang='lat' dir='ltr'>tuitur</span> <span class='ocrx_word' id='word_1_247' title='bbox 383 2472 511 2517; x_wconf 87' lang='lat' dir='ltr'>omni</span> <span class='ocrx_word' id='word_1_248' title='bbox 533 2469 839 2515; x_wconf 85' lang='lat' dir='ltr'>fundamento</span> <span class='ocrx_word' id='word_1_249' title='bbox 864 2466 1098 2514; x_wconf 86' lang='lat' dir='ltr'>historico.</span> 
     </span>
    </p>
   </div>
   <div class='ocr_carea' id='block_1_3' title="bbox 205 2606 1897 3061">
    <p class='ocr_par' dir='ltr' id='par_1_5' title="bbox 205 2606 1897 3061">
     <span class='ocr_line' id='line_1_31' title="bbox 267 2606 1891 2664; baseline -0.002 -15"><span class='ocrx_word' id='word_1_250' title='bbox 267 2611 324 2664; x_wconf 89' lang='lat'>(1)</span> <span class='ocrx_word' id='word_1_251' title='bbox 350 2610 630 2657; x_wconf 77' lang='lat' dir='ltr'>Cfr.Ballerini‚</span> <span class='ocrx_word' id='word_1_252' title='bbox 654 2623 742 2661; x_wconf 86' lang='lat' dir='ltr'>opp.</span> <span class='ocrx_word' id='word_1_253' title='bbox 758 2608 797 2647; x_wconf 88' lang='lat' dir='ltr'>S.</span> <span class='ocrx_word' id='word_1_254' title='bbox 815 2608 947 2646; x_wconf 81' lang='lat' dir='ltr'>Leonis</span> <span class='ocrx_word' id='word_1_255' title='bbox 960 2608 1015 2647; x_wconf 87' lang='lat' dir='ltr'>M.</span> <span class='ocrx_word' id='word_1_256' title='bbox 1084 2609 1215 2660; x_wconf 85' lang='lat' dir='ltr'>spuriis</span> <span class='ocrx_word' id='word_1_257' title='bbox 1251 2615 1287 2646; x_wconf 85' lang='lat' dir='ltr'>et</span> <span class='ocrx_word' id='word_1_258' title='bbox 1317 2608 1364 2646; x_wconf 90' lang='lat' dir='ltr'>ab</span> <span class='ocrx_word' id='word_1_259' title='bbox 1397 2609 1652 2660; x_wconf 80' lang='lat' dir='ltr'>interpolatis;</span> <span class='ocrx_word' id='word_1_260' title='bbox 1679 2616 1760 2646; x_wconf 91' lang='lat' dir='ltr'>tum</span> <span class='ocrx_word' id='word_1_261' title='bbox 1788 2606 1810 2659; x_wconf 57' lang='grc' dir='ltr'><strong><em>ᾖ</em></strong></span> <span class='ocrx_word' id='word_1_262' title='bbox 1840 2606 1891 2654; x_wconf 85' lang='grc'>3,</span> 
     </span>
     <span class='ocr_line' id='line_1_32' title="bbox 208 2670 1895 2725; baseline -0.006 -7"><span class='ocrx_word' id='word_1_263' title='bbox 208 2688 302 2718; x_wconf 83' lang='lat' dir='ltr'>tom.</span> <span class='ocrx_word' id='word_1_264' title='bbox 328 2692 391 2724; x_wconf 88' lang='grc'><strong>111,</strong></span> <span class='ocrx_word' id='word_1_265' title='bbox 418 2677 479 2715; x_wconf 84' lang='lat' dir='ltr'>De</span> <span class='ocrx_word' id='word_1_266' title='bbox 500 2684 584 2715; x_wconf 78' lang='lat' dir='ltr'>am.</span> <span class='ocrx_word' id='word_1_267' title='bbox 604 2675 809 2714; x_wconf 79' lang='lat' dir='ltr'>collection.</span> <span class='ocrx_word' id='word_1_268' title='bbox 827 2681 862 2712; x_wconf 82' lang='lat' dir='ltr'>et</span> <span class='ocrx_word' id='word_1_269' title='bbox 876 2673 1016 2713; x_wconf 85' lang='lat' dir='ltr'>collect.</span> <span class='ocrx_word' id='word_1_270' title='bbox 1084 2674 1125 2711; x_wconf 89' lang='lat' dir='ltr'>in</span> <span class='ocrx_word' id='word_1_271' title='bbox 1144 2686 1218 2725; x_wconf 90' lang='lat' dir='ltr'>quo</span> <span class='ocrx_word' id='word_1_272' title='bbox 1248 2670 1470 2721; x_wconf 70' lang='lat' dir='ltr'>ostendunt,</span> <span class='ocrx_word' id='word_1_273' title='bbox 1493 2673 1595 2711; x_wconf 87' lang='lat' dir='ltr'>nulla</span> <span class='ocrx_word' id='word_1_274' title='bbox 1615 2675 1757 2711; x_wconf 83' lang='lat' dir='ltr'>ratione</span> <span class='ocrx_word' id='word_1_275' title='bbox 1783 2671 1895 2709; x_wconf 85' lang='lat' dir='ltr'>fuisse</span> 
     </span>
     <span class='ocr_line' id='line_1_33' title="bbox 207 2737 1895 2795; baseline -0.006 -12"><span class='ocrx_word' id='word_1_276' title='bbox 207 2758 296 2784; x_wconf 73' lang='lat' dir='ltr'>can.</span> <span class='ocrx_word' id='word_1_277' title='bbox 325 2752 419 2795; x_wconf 81' lang='lat' dir='ltr'>part.</span> <span class='ocrx_word' id='word_1_278' title='bbox 447 2756 515 2791; x_wconf 87' lang='grc'><strong>111,</strong></span> <span class='ocrx_word' id='word_1_279' title='bbox 547 2755 628 2793; x_wconf 85' lang='lat' dir='ltr'>cap.</span> <span class='ocrx_word' id='word_1_280' title='bbox 650 2739 698 2786; x_wconf 86' lang='grc'>6,</span> <span class='ocrx_word' id='word_1_281' title='bbox 720 2743 758 2778; x_wconf 86' lang='lat' dir='ltr'>iu</span> <span class='ocrx_word' id='word_1_282' title='bbox 785 2754 859 2793; x_wconf 89' lang='lat' dir='ltr'>quo</span> <span class='ocrx_word' id='word_1_283' title='bbox 882 2740 1018 2778; x_wconf 84' lang='lat' dir='ltr'>doctis·</span> <span class='ocrx_word' id='word_1_284' title='bbox 1084 2741 1317 2776; x_wconf 75' lang='lat' dir='ltr'>immutatam</span> <span class='ocrx_word' id='word_1_285' title='bbox 1350 2739 1582 2790; x_wconf 86' lang='lat' dir='ltr'>disciplinam</span> <span class='ocrx_word' id='word_1_286' title='bbox 1615 2737 1895 2777; x_wconf 80' lang='lat' dir='ltr'>ecclesiasticam</span> 
     </span>
     <span class='ocr_line' id='line_1_34' title="bbox 209 2801 1896 2859; baseline -0.006 -10"><span class='ocrx_word' id='word_1_287' title='bbox 209 2811 292 2849; x_wconf 85' lang='lat' dir='ltr'>simi</span> <span class='ocrx_word' id='word_1_288' title='bbox 314 2808 385 2847; x_wconf 81' lang='lat' dir='ltr'>viri</span> <span class='ocrx_word' id='word_1_289' title='bbox 418 2823 458 2847; x_wconf 87' lang='lat' dir='ltr'>ex</span> <span class='ocrx_word' id='word_1_290' title='bbox 493 2807 654 2859; x_wconf 83' lang='lat' dir='ltr'>professo</span> <span class='ocrx_word' id='word_1_291' title='bbox 678 2814 789 2858; x_wconf 83' lang='lat' dir='ltr'>agunt</span> <span class='ocrx_word' id='word_1_292' title='bbox 814 2805 860 2843; x_wconf 83' lang='lat' dir='ltr'>de</span> <span class='ocrx_word' id='word_1_293' title='bbox 886 2805 1018 2843; x_wconf 85' lang='lat' dir='ltr'>collec-</span> <span class='ocrx_word' id='word_1_294' title='bbox 1085 2819 1128 2842; x_wconf 80' lang='lat' dir='ltr'>ex</span> <span class='ocrx_word' id='word_1_295' title='bbox 1152 2806 1392 2856; x_wconf 81' lang='lat' dir='ltr'>supposititiis</span> <span class='ocrx_word' id='word_1_296' title='bbox 1415 2801 1742 2843; x_wconf 74' lang='lat' dir='ltr'>documentia.sed</span> <span class='ocrx_word' id='word_1_297' title='bbox 1756 2803 1896 2853; x_wconf 83' lang='lat' dir='ltr'>praesti-</span> 
     </span>
     <span class='ocr_line' id='line_1_35' title="bbox 209 2866 1897 2925; baseline -0.007 -9"><span class='ocrx_word' id='word_1_298' title='bbox 209 2879 311 2916; x_wconf 79' lang='lat' dir='ltr'>tione</span> <span class='ocrx_word' id='word_1_299' title='bbox 334 2876 360 2914; x_wconf 91' lang='lat' dir='ltr'><em>I</em></span> <span class='ocrx_word' id='word_1_300' title='bbox 363 2875 564 2912; x_wconf 69' lang='lat' dir='ltr'>sideriana</span> <span class='ocrx_word' id='word_1_301' title='bbox 579 2903 589 2922; x_wconf 88' lang='lat'><em>,</em></span> <span class='ocrx_word' id='word_1_302' title='bbox 614 2874 813 2925; x_wconf 80' lang='lat' dir='ltr'>praesertim</span> <span class='ocrx_word' id='word_1_303' title='bbox 838 2869 859 2922; x_wconf 58' lang='grc' dir='ltr'>ὃ</span> <span class='ocrx_word' id='word_1_304' title='bbox 880 2885 902 2908; x_wconf 83' lang='lat'><strong>2</strong></span> <span class='ocrx_word' id='word_1_305' title='bbox 916 2901 926 2919; x_wconf 89' lang='lat'>‚</span> <span class='ocrx_word' id='word_1_306' title='bbox 949 2871 1015 2909; x_wconf 90' lang='lat' dir='ltr'>ubi</span> <span class='ocrx_word' id='word_1_307' title='bbox 1086 2872 1169 2908; x_wconf 81' lang='lat' dir='ltr'>terit</span> <span class='ocrx_word' id='word_1_308' title='bbox 1186 2871 1414 2909; x_wconf 84' lang='lat' dir='ltr'>eruditorum</span> <span class='ocrx_word' id='word_1_309' title='bbox 1430 2873 1589 2908; x_wconf 83' lang='lat' dir='ltr'>virorum</span> <span class='ocrx_word' id='word_1_310' title='bbox 1605 2868 1667 2905; x_wconf 88' lang='lat' dir='ltr'>hic</span> <span class='ocrx_word' id='word_1_311' title='bbox 1680 2867 1789 2906; x_wconf 85' lang='lat' dir='ltr'>verba</span> <span class='ocrx_word' id='word_1_312' title='bbox 1808 2866 1897 2905; x_wconf 92' lang='lat' dir='ltr'>sub-</span> 
     </span>
     <span class='ocr_line' id='line_1_36' title="bbox 210 2932 1897 2989; baseline -0.007 -9"><span class='ocrx_word' id='word_1_313' title='bbox 210 2949 377 2981; x_wconf 78' lang='lat' dir='ltr'>accurate</span> <span class='ocrx_word' id='word_1_314' title='bbox 402 2947 596 2978; x_wconf 84' lang='lat' dir='ltr'>secernunt</span> <span class='ocrx_word' id='word_1_315' title='bbox 611 2939 833 2976; x_wconf 85' lang='lat' dir='ltr'>documenta</span> <span class='ocrx_word' id='word_1_316' title='bbox 851 2938 1013 2984; x_wconf 82' lang='lat' dir='ltr'>sincera,</span> <span class='ocrx_word' id='word_1_317' title='bbox 1079 2937 1205 2989; x_wconf 86' lang='lat' dir='ltr'>jicere,</span> <span class='ocrx_word' id='word_1_318' title='bbox 1223 2948 1304 2988; x_wconf 84' lang='lat' dir='ltr'>quae</span> <span class='ocrx_word' id='word_1_319' title='bbox 1323 2936 1443 2974; x_wconf 85' lang='lat' dir='ltr'>lucem</span> <span class='ocrx_word' id='word_1_320' title='bbox 1456 2934 1613 2972; x_wconf 78' lang='lat' dir='ltr'>afferunt</span> <span class='ocrx_word' id='word_1_321' title='bbox 1628 2934 1685 2978; x_wconf 83' lang='lat' dir='ltr'>iis,</span> <span class='ocrx_word' id='word_1_322' title='bbox 1705 2932 1897 2985; x_wconf 82' lang='lat' dir='ltr'>quaedixi-</span> 
     </span>
     <span class='ocr_line' id='line_1_37' title="bbox 205 2996 1896 3061; baseline -0.007 -14"><span class='ocrx_word' id='word_1_323' title='bbox 205 3021 287 3061; x_wconf 88' lang='lat' dir='ltr'>quae</span> <span class='ocrx_word' id='word_1_324' title='bbox 320 3009 458 3046; x_wconf 81' lang='lat' dir='ltr'>inserta</span> <span class='ocrx_word' id='word_1_325' title='bbox 494 3012 581 3044; x_wconf 84' lang='lat' dir='ltr'>sunt</span> <span class='ocrx_word' id='word_1_326' title='bbox 615 3004 704 3042; x_wconf 88' lang='lat' dir='ltr'>huic</span> <span class='ocrx_word' id='word_1_327' title='bbox 733 3002 966 3050; x_wconf 80' lang='lat' dir='ltr'>collectioni,</span> <span class='ocrx_word' id='word_1_328' title='bbox 996 3016 1018 3040; x_wconf 88' lang='lat' dir='ltr'>a</span> <span class='ocrx_word' id='word_1_329' title='bbox 1083 3013 1192 3039; x_wconf 81' lang='lat' dir='ltr'>mus:</span> <span class='ocrx_word' id='word_1_330' title='bbox 1210 3000 1302 3040; x_wconf 83' lang='lat' dir='ltr'>Non</span> <span class='ocrx_word' id='word_1_331' title='bbox 1310 3000 1433 3053; x_wconf 79' lang='lat' dir='ltr'>pauci</span> <span class='ocrx_word' id='word_1_332' title='bbox 1443 3028 1454 3048; x_wconf 93' lang='lat'>,</span> <span class='ocrx_word' id='word_1_333' title='bbox 1475 2998 1665 3047; x_wconf 81' lang='lat' dir='ltr'>scribunt,</span> <span class='ocrx_word' id='word_1_334' title='bbox 1689 2997 1735 3037; x_wconf 77' lang='lat' dir='ltr'>de</span> <span class='ocrx_word' id='word_1_335' title='bbox 1753 2996 1896 3051; x_wconf 67' lang='lat' dir='ltr'>pseudo</span> 
     </span>
    </p>
   </div>
  </div>
 </body>
</html>
