2028 3354
217 201 312 252 362
727 222 883 251 macr.
923 222 975 251 mi
1012 222 1127 252 mois
1160 223 1455 254 rneozoctcis.

219 346 267 386 et
299 346 485 402 aptetur
508 334 566 382 ad
596 333 774 382 bonum
802 334 961 382 totius.
991 336 1282 400 Quapropter
1299 337 1508 385 Christus
1531 336 1686 382 omnia
1704 371 1716 393 .,
1738 351 1837 400 quae
1859 336 1908 381 in

218 413 425 461 Ecclesiae
443 410 738 459 commodum
752 420 798 458 et
814 420 1088 458 ornamenta
1106 411 1302 458 contulit
1323 449 1335 470 7
1361 413 1552 476 gratias,
1580 413 1876 458 Sacramenta
1895 447 1906 469 7

217 497 523 553 potestatem„
571 486 941 549 jurisdictionem
960 524 972 544 .‚
1020 487 1250 551 regimen.
1289 489 1614 551 praerogativas
1658 505 1737 535 seu
1777 487 1908 534 dotes

218 581 405 623 omnes7
443 564 625 623 omnia,
664 565 883 628 inquam.
923 563 982 610 ad
1014 564 1154 610 totius
1192 566 1391 628 corporis
1417 565 1698 621 utilitatem.
1727 563 1909 611 emolu—

218 650 433 687 mentum
468 650 514 687 et
550 640 752 687 fructum
784 639 943 686 retulit
969 649 1193 704 tanquam
1234 639 1293 686 ad
1330 641 1601 705 primarium
1640 650 1778 704 atque
1804 639 1907 685 ulti-

217 733 351 764 mum
384 718 555 776 finem,
589 734 726 782 quem
760 716 842 763 sibi
875 716 1138 781 proposuit3
1172 715 1297 781 quod
1322 725 1368 763 et
1392 715 1594 763 declarat
1632 715 1904 781 Apostolus,

218 792 422 840 scribens
448 811 458 839 :
491 794 670 841 Omnia
700 795 828 839 enim
860 802 1014 840 vestra
1045 802 1185 849 smil,
1220 795 1314 839 sive
1340 794 1554 847 Paulas,
1586 796 1679 838 sive
1713 793 1907 854 Apollo,

216 874 314 915 sive
337 869 539 932 Cephcw,
563 872 657 916 sive
683 870 922 924 mundus,
952 871 1048 916 sive
1068 872 1188 923 vita,
1213 873 1309 916 sive
1329 886 1456 916 mors
1471 906 1483 921 .
1506 870 1601 914 sive
1618 871 1905 930 praesentia,

216 949 312 993 sive
331 949 525 1006 futura;
550 949 713 992 omnia
737 948 866 991 enim
894 954 1043 992 vestra
1064 954 1179 992 sunt
1191 980 1208 1002 ,
1229 962 1305 991 vos
1323 955 1484 992 autem
1522 945 1725 1002 Christi.
1766 944 1909 990 Clari-q

217 1030 292 1070 tus
320 1032 479 1068 autem
505 1023 598 1069 Dez'
618 1022 709 1084 (l).
744 1021 798 1067 ld
823 1022 975 1085 ipsum
1000 1022 1049 1067 in
1073 1020 1260 1084 reliquis
1283 1021 1530 1068 hominum
1562 1019 1758 1067 coetibus
1794 1019 1912 1065 acci-

218 1096 311 1158 dit,
354 1099 432 1162 qui
472 1099 730 1144 communis
768 1096 880 1144 boni
913 1096 1148 1158 cujusdam
1187 1097 1329 1160 gratia
1366 1105 1737 1160 congregantur,
1783 1103 1833 1144 ut
1863 1095 1912 1141 in

217 1174 537 1236 navigatione,
559 1174 607 1220 in
640 1174 844 1221 exercitu
862 1210 874 1234 7
904 1182 989 1220 etc,
1018 1174 1187 1220 Verum
1220 1174 1343 1237 quod
1369 1182 1548 1238 spectat
1568 1172 1626 1219 ad
1646 1172 1797 1219 media
1814 1172 1913 1217 sin-

218 1249 413 1315 gillatim
437 1260 646 1315 sumpta,
686 1267 736 1297 ac
757 1259 894 1315 prout
914 1250 964 1296 in
991 1267 1037 1295 se
1067 1259 1338 1314 spectantur
1356 1286 1368 1310 7
1397 1267 1470 1297 res
1504 1249 1638 1296 aliter
1660 1266 1707 1296 se
1740 1247 1909 1306 habet3

218 1343 330 1373 nam
353 1327 629 1374 architectus
653 1327 782 1391 prius
814 1326 985 1389 cogitat
1008 1325 1366 1371 fundamentum
1393 1344 1534 1390 quam
1560 1326 1819 1387 fastigium3
1843 1323 1911 1369 uti

217 1403 369 1467 reipsa
386 1403 586 1450 vidimus
607 1419 657 1449 se
674 1402 861 1464 gessisse
884 1401 1139 1460 Christum.
1157 1401 1236 1465 qui
1256 1401 1384 1465 prius
1404 1418 1451 1447 ca
1458 1409 1542 1465 put
1561 1400 1909 1459 determinavit,

219 1497 363 1545 quam
383 1480 628 1528 Ecclesiam
654 1478 970 1539 constituerit3
1000 1479 1127 1544 prius
1159 1478 1416 1541 designavit
1442 1487 1623 1543 petram
1645 1495 1722 1523 seu
1748 1476 1911 1522 funda-

218 1565 454 1616 mentum,
470 1573 610 1621 quam
631 1555 874 1604 aedificium
884 1556 1079 1603 erexerit
1092 1575 1103 1612 ς
1117 1555 1243 1619 prius
1251 1564 1484 1619 pastorem
1499 1553 1755 1610 constituit,
1770 1569 1911 1616 quam

216 1650 361 1696 agnos
380 1642 426 1679 et
452 1650 560 1681 oves
590 1632 866 1692 contulerit;
895 1649 946 1679 ac
970 1630 1164 1696 proinde
1187 1630 1296 1676 huic
1323 1631 1457 1695 capiti
1476 1667 1487 1689 ‚
1522 1629 1828 1675 fundamento
1861 1644 1913 1674 ac

220 1709 398 1775 pastori
409 1709 679 1756 firmitatem
698 1725 748 1754 ac
762 1707 1104 1773 plenitudinem
1117 1708 1358 1771 potestatis
1371 1706 1567 1771 praebuit
1583 1742 1594 1763 a
1611 1705 1778 1769 quibus
1798 1720 1912 1768 opus

220 1793 320 1832 erat
332 1784 391 1831 ad
404 1785 647 1832 Ecclesiam
664 1783 915 1846 regendam
928 1793 973 1830 et
986 1782 1357 1847 gubernandam.
1374 1783 1473 1829 Imo
1485 1780 1600 1828 nihil
1611 1797 1799 1845 prorsus
1808 1796 1912 1825 con-

218 1859 328 1906 tulit
357 1861 453 1909 sive
503 1860 768 1925 potestatis,
816 1860 911 1907 sive
950 1858 1305 1921 jurisdictionis,
1349 1858 1514 1905 saltem
1548 1856 1701 1922 quoad
1732 1855 1910 1903 exerci-

217 1936 336 1983 tium
360 1972 372 1996 ‚
426 1945 474 1983 et
533 1936 944 2000 praerogativarum
1000 1935 1203 1982 Ecclesiae
1257 1952 1350 1991 suae
1410 1935 1499 1981 nisi
1540 1951 1626 1999 per
1678 1935 1866 1980 Petrum
1894 1968 1907 1987 ‚

218 2029 300 2059 seu
350 2012 585 2060 mediante
638 2013 787 2077 capite
805 2048 817 2071 7
873 2010 998 2076 quod
1048 2020 1291 2076 propterea
1334 2012 1573 2058 constituit
1618 2011 1667 2055 in
1715 2008 1908 2056 Ecclesia

217 2106 316 2136 esse
335 2098 639 2155 perpetuum,
665 2106 769 2135 cum
798 2088 957 2135 eadem
971 2105 1154 2152 semper
1166 2088 1458 2151 plenitudine
1481 2087 1748 2153 potestatis,
1771 2093 1911 2150 prout

215 2164 358 2230 paulo
386 2175 491 2229 post
515 2164 832 2212 ostendemus.
867 2166 981 2227 Ergo
1027 2164 1137 2210 salso
1164 2163 1401 2211 Richerius
1453 2181 1557 2210 cum
1599 2163 1691 2208 suis
1728 2160 1911 2208 asseclis

217 2241 446 2301 affirmat,
464 2240 834 2303 jurisdictionem
859 2244 1102 2302 primario
1118 2275 1130 2298 ‚
1163 2243 1472 2287 essentialiter
1485 2249 1623 2303 atque
1637 2240 1915 2301 formaliter

217 2316 419 2365 residere
446 2318 494 2363 in
528 2316 737 2364 Ecclesiae
768 2333 986 2381 corpore7
1025 2333 1081 2363 ex
1105 2333 1196 2380 quo
1223 2318 1467 2381 perveniat
1503 2315 1561 2362 ad
1595 2324 1761 2379 caputq
1807 2331 1913 2360 cum

218 2409 245 2438 e
270 2401 428 2440 contra
462 2411 511 2441 ea
542 2397 816 2456 primario,
838 2395 1151 2439 essentialiter
1178 2401 1316 2456 atque
1340 2394 1618 2455 formaliter·
1648 2409 1704 2438 ex
1744 2389 1913 2436 Christi

217 2468 512 2516 institutione
533 2469 732 2516 resideat
760 2470 808 2515 in
835 2469 983 2533 capite
998 2506 1009 2528 a
1033 2487 1088 2516 ex
1103 2486 1193 2533 quo
1210 2469 1426 2532 pervenit
1446 2458 1495 2515 in
1508 2467 1715 2515 Ecclesiae
1728 2482 1909 2531 corpuS.

285 2542 395 2590 531.
436 2545 505 2591 Ad
524 2544 614 2604 3¹¹²,
637 2545 757 2607 Ney.
781 2544 848 2591 Ad
869 2545 1002 2608 prob.
1026 2553 1181 2592 autem
1208 2563 1218 2591 ε
1247 2546 1478 2609 Quamvis
1496 2547 1711 2609 facultas
1737 2544 1914 2596 visiva,

219 2627 307 2667 etc.
347 2621 473 2667 Dist.
514 2621 560 2666 Si
591 2620 837 2667 auctoritas
867 2623 1093 2686 primatus
1120 2621 1345 2669 resideret
1379 2623 1429 2669 in
1462 2624 1596 2669 Petro
1631 2629 1683 2667 ut
1723 2616 1912 2665 facultas

221 2693 438 2754 videndi,
479 2712 581 2760 quae
602 2705 672 2742 est
696 2696 745 2742 in
781 2696 940 2757 oculo,
976 2697 1149 2744 residet
1169 2698 1217 2744 in
1242 2698 1457 2755 homine,
1489 2715 1614 2745 conc.
1633 2716 1649 2750 ;
1676 2696 1712 2742 si
1731 2693 1911 2740 diversa

219 2788 410 2836 prorsus
435 2772 615 2819 ratione
633 2776 768 2834 juxta
797 2772 968 2820 Christi
991 2774 1285 2823 voluntatem
1302 2812 1314 2835 7
1346 2794 1445 2841 neq.
1469 2777 1574 2823 Jam
1599 2788 1707 2819 vero
1731 2770 1913 2817 diverso

220 2847 414 2895 omnino
438 2848 576 2895 modo
607 2848 834 2896 disserere
865 2850 1093 2898 debemus
1110 2850 1168 2898 de
1191 2868 1382 2918 corpore
1406 2851 1594 2917 physico
1614 2849 1663 2894 in
1696 2846 1913 2894 exercitio

275 3010 331 3061 (Ι)
357 3010 376 3052 ,Ι
397 3012 442 3050 ad
463 3012 550 3050 Cor.
589 3025 629 3050 m
651 3042 660 3059 ‚
691 3024 752 3049 22.
