2028 3354
187 157 284 205 14⁹2.
673 172 830 201 raacr.
868 173 922 201 »Β
957 172 1074 203 socls
1108 174 1406 206 rusosoeicis.

190 290 274 354 qui
306 288 404 353 cogi
433 285 579 351 possit
607 284 666 330 ad
697 284 917 332 eamdem
942 285 1083 332 fidem
1111 287 1449 351 profitendam,
1482 298 1529 336 et
1563 289 1621 337 ad
1656 291 1869 338 eamdem

185 363 465 414 servandam
480 360 879 416 ¹communionem.
907 360 1028 408 Hinc
1053 362 1217 411 eodem
1231 368 1336 426 jure
1351 400 1363 424 ,
1387 361 1483 430 quo*
1497 364 1693 430 quilibet
1716 384 1876 414 saero-

185 459 302 490 rum
331 438 650 486 emendatores
685 435 744 483 ab
772 452 869 484 aevo
901 436 1151 501 apostolico
1180 456 1324 504 usque
1345 440 1404 487 ad
1433 459 1543 502 nOS,
1572 442 1623 489 id
1651 451 1721 489 est
1744 460 1770 495 a
1792 443 1875 489 Ni-

184 516 364 565 colaitis
385 522 432 562 et
456 512 735 559 Simonianis
764 529 910 577 usque
941 511 1001 560 ad
1029 511 1262 571 Quakeros
1278 551 1291 574 ,
1320 516 1620 565 Methodistas
1646 536 1727 566 seu
1750 520 1872 567 Wes-

184 593 374 657 leyanos
389 626 402 651 ,
422 588 826 649 Whitefieldistas‚
854 587 1129 637 Kilhamitas
1145 626 1158 646 ,
1182 591 1430 654 Julnperos
1445 627 1458 651 ,
1483 594 1727 657 Irvingitas
1747 630 1760 655 ,
1784 603 1869 642 etc.

185 670 541 716 insurrexerunt
578 664 799 712 adversus
833 664 1073 730 Apostolos
1110 674 1156 712 et
1195 665 1450 713 Ecclesiam
1487 670 1761 718 catholicam
1792 688 1873 718 seu

186 760 431 793 romanam
448 778 460 800 ,
484 741 722 804 insurgere
744 749 934 805 possunt
947 740 1168 788 adversus
1187 744 1564 791 communionem
1575 762 1654 793 seu
1674 756 1847 794 coetum
1862 784 1874 806 .,

187 822 238 869 in
261 839 359 887 quo
384 818 598 866 instituta
624 826 735 864 sunt
752 817 996 866 individua
1018 817 1198 883 singula
1215 855 1227 877 ,
1259 836 1312 866 ac
1332 836 1478 866 novos
1496 829 1641 868 coetus
1659 822 1873 870 condere.

186 899 261 946 Sic
285 896 450 945 eodem
470 896 599 956 jure,
630 911 722 959 quo
740 894 1007 953 novatiani,
1043 892 1313 954 donatistae,
1352 897 1482 957 graeci
1504 932 1516 955 ,
1547 896 1700 956 russi,
1732 897 1880 961 angli-

186 974 322 1033 cani,
342 988 500 1037 prava
523 971 572 1016 in
604 969 761 1016 Galliis
783 971 997 1026 eeclesia,
1025 987 1050 1015 a
1075 979 1236 1017 centro
1271 971 1463 1017 unitatis
1490 989 1685 1019 romano
1711 972 1882 1019 scillcet

187 1050 410 1098 Pontifice
437 1055 752 1105 recesserunt,
784 1045 950 1093 eodem
985 1053 1208 1110 poterunt
1242 1050 1345 1108 jure
1377 1047 1592 1094 recedere
1628 1066 1653 1095 a
1691 1051 1882 1114 proprio

193 1123 455 1192 patriarcha
472 1160 484 1183 ,
518 1123 716 1189 primate
733 1159 745 1181 ,
769 1123 983 1187 episcopo
1000 1156 1013 1181 ,
1043 1131 1123 1168 aut
1151 1121 1386 1169 sacerdote
1417 1140 1579 1169 eorum
1605 1123 1806 1182 subditi,
1838 1133 1884 1172 et

193 1206 243 1251 in
272 1219 419 1251 novas
451 1201 691 1247 societates
714 1200 835 1246 coire
858 1200 946 1262 (1).
968 1200 1089 1246 Sane
1119 1199 1408 1264 experientia
1433 1200 1660 1261 ostendit,
1682 1201 1744 1248 ita
1765 1212 1883 1249 s‘em·

191 1298 274 1346 per
294 1280 470 1327 factum
499 1293 610 1325 esse.
636 1276 772 1335 Quod
792 1276 828 1322 si
851 1275 989 1340 plena
1015 1274 1252 1322 dissolutio
1275 1276 1442 1338 integri
1479 1285 1622 1323 coetus
1641 1277 1885 1338 cujuslibet

191 1373 290 1404 non
317 1354 535 1416 contigit,
567 1352 672 1400 ideo
701 1361 770 1398 est
791 1360 870 1398 aut
891 1352 998 1416 quia
1028 1351 1241 1398 homines
1274 1369 1370 1398 non
1400 1368 1585 1416 semper
1614 1352 1700 1398 sibi
1734 1352 1884 1400 cohae-

192 1441 329 1490 rent,
364 1438 444 1477 aut
471 1430 578 1493 quia
610 1444 755 1475 causae
786 1428 1034 1475 exteriores
1069 1435 1116 1474 et
1152 1427 1349 1492 politicae
1380 1421 1659 1492 plerumque
1691 1427 1886 1476 obstite-

194 1517 307 1556 runt
331 1506 416 1570 (2).
446 1504 581 1564 Quod
606 1506 641 1550 si
664 1521 817 1552 sermo
840 1505 899 1550 sit
928 1503 986 1550 de
1019 1502 1552 1568 ultra—protestantismo
1567 1539 1579 1560 ,
1610 1512 1663 1550 ut
1687 1512 1856 1551 vocant
1872 1539 1885 1562 ,

195 1586 277 1651 qui
297 1593 496 1649 systema
516 1582 763 1647 profitetur
787 1578 922 1626 liberi
952 1580 1177 1627 examinis
1196 1616 1208 1639 ,
1235 1597 1308 1627 res
1339 1578 1491 1635 adhuc
1514 1579 1773 1627 evidentior
1801 1581 1884 1638 fit3

196 1661 364 1710 exinde
381 1659 506 1708 enim
525 1668 637 1705 ortae
658 1666 768 1704 sunt
792 1656 1115 1704 fluctuationes
1131 1692 1144 1715 ,
1165 1656 1447 1703 mutationes
1462 1692 1475 1716 ,
1503 1655 1669 1721 phases
1683 1692 1695 1715 ,
1719 1657 1888 1722 quibus

258 1851 314 1903 (l)
344 1848 441 1888 Sane
459 1847 590 1885 eodem
614 1848 719 1897 jure,
744 1858 844 1897 qu0,
875 1858 932 1882 ex.
957 1858 1013 1894 gr.

201 1917 354 1955 Photius
376 1921 438 1952 aut
465 1911 619 1950 Michael
637 1910 848 1948 Caerularius
875 1922 913 1947 se
927 1908 1015 1946 sub-

202 1987 389 2021 traxerunt
422 1978 468 2016 ab
500 1978 713 2015 auctoritate
749 1976 892 2012 romani
916 1974 1010 2012 Pon-

203 2047 311 2086 tificis
325 2074 338 2095 ,
360 2043 487 2084 eodem
503 2049 675 2093 poterunt
693 2040 826 2092 singuli
843 2040 1015 2091 Episcopi

206 2127 243 2152 se
264 2111 479 2151 subtrahere
506 2106 553 2146 ab
573 2109 786 2146 auctoritate
810 2106 1017 2158 patriarchas

206 2174 606 2227 Constantinopolitani
632 2202 642 2219 ,
675 2173 751 2210 imo
790 2186 809 2208 a
840 2172 1015 2221 sortiori3

205 2259 292 2285 cum
314 2245 429 2296 hujus
453 2239 719 2293 patriarchatus
743 2239 927 2276 institutio
957 2251 1018 2276 ec-

206 2309 404 2350 clesiastiea
431 2309 477 2345 sit
501 2336 512 2354 ,
554 2307 750 2344 auctoritas
791 2312 912 2342 autem
952 2318 1015 2341 su-

207 2377 326 2429 premi
357 2375 483 2426 capitis
511 2374 551 2410 in
589 2373 758 2410 universa
790 2369 948 2409 Ecclesia
973 2370 1018 2406 sit

206 2443 299 2495 juris
334 2441 449 2479 divini
480 2468 491 2486 ,
526 2446 568 2477 ut
607 2445 732 2489 postea
769 2435 1016 2474 ostendemus-

209 2509 312 2547 Idem
332 2507 391 2545 dic
421 2520 484 2557 per
506 2504 713 2555 analogiam
732 2502 777 2541 de
803 2503 929 2541 ceteris
949 2515 1019 2540 coe—

212 2575 312 2614 tibus
330 2572 583 2612 schismaticis.
606 2568 711 2606 Idem
740 2568 785 2605 de
810 2567 1017 2618 haereticis;

210 2643 240 2679 si
260 2641 359 2683 enim
379 2638 484 2675 licuit
498 2638 674 2673 innovare
687 2632 933 2671 haeresiarchis
947 2631 1015 2671 ad-

210 2719 334 2745 versus
364 2702 499 2742 Christi
528 2699 730 2738 Ecclesiam
747 2728 757 2747 ‚
797 2712 910 2750 quare
941 2712 1019 2736 non

209 2770 336 2811 licebit
350 2772 525 2807 innovare
537 2773 663 2805 contra
677 2764 875 2816 peculiaria
890 2765 1019 2802 unius-

211 2839 393 2890 cujusque
410 2832 657 2871 haeresiarchae
672 2832 844 2883 dogmata
859 2859 869 2877 ‚
888 2843 930 2868 eo
942 2843 1020 2871 ma-

212 2904 266 2955 gis
288 2900 387 2954 quod
413 2911 522 2937 nemo
546 2899 658 2949 possit
678 2895 748 2935 sibi
772 2894 934 2933 tribuere
959 2897 1019 2932 in-

213 2967 467 3006 fallibilitatem
480 2992 490 3012 ‚
507 2976 619 3016 quam
634 2961 807 3008 eeclesiae,
826 2960 926 2998 unde
945 2960 1020 2998 dis-

1080 1845 1213 1889 cessit,
1250 1844 1489 1895 denegavit?
1526 1843 1572 1881 Et
1608 1843 1681 1881 hoc
1719 1843 1890 1882 adversus

1080 1909 1287 1960 anglicanos
1305 1922 1453 1962 quoque
1470 1908 1653 1962 objiciunt
1672 1909 1891 1948 dissidentes

1082 1978 1161 2027 ipso
1187 1976 1366 2014 referente
1390 1974 1557 2023 Palmer,
1590 1978 1654 2028 qui
1681 1989 1888 2027 perperam,

1082 2049 1122 2079 ut
1147 2041 1193 2079 ab
1219 2038 1368 2079 illorum
1394 2040 1526 2077 ictibus
1546 2052 1650 2078 suam
1672 2047 1817 2079 tueatur
1834 2053 1892 2078 ec-

1082 2107 1246 2154 clesiam,
1265 2106 1311 2144 ad
1328 2107 1532 2156 speciosum
1555 2106 1618 2143 sed
1631 2107 1790 2157 gratuito
1803 2118 1891 2143 con-

1082 2174 1210 2211 fictum
1239 2171 1507 2210 oxoniensium
1546 2170 1809 2208 modernorum
1830 2183 1890 2223 sy-

1085 2246 1203 2287 stema
1226 2238 1405 2288 confugit.

1137 2303 1192 2353 (2)
1221 2302 1363 2340 Exinde
1390 2302 1505 2339 oritur
1535 2307 1689 2352 systema
1713 2313 1891 2352 persecu-

1084 2370 1214 2416 tionis,
1246 2382 1326 2420 quae
1341 2368 1380 2405 in
1408 2365 1581 2405 omnibus
1604 2368 1712 2405 sectis
1744 2367 1892 2406 acatho-

1083 2435 1188 2483 licis,
1228 2434 1326 2486 apud
1357 2447 1448 2485 quas
1492 2432 1633 2471 obtinet
1668 2434 1891 2485 principatus

1084 2498 1255 2551 politicus
1275 2527 1286 2546 ‚
1311 2498 1392 2551 plus
1425 2500 1548 2536 minus
1577 2499 1692 2549 viguit
1707 2511 1748 2536 ac
1775 2500 1885 2548 viget.

1083 2565 1177 2604 Satis
1210 2572 1261 2603 est
1296 2563 1343 2602 ad
1382 2564 1454 2601 hoc
1486 2563 1555 2601 sibi
1592 2561 1885 2615 persuadendum

1083 2631 1237 2670 lustrare
1259 2630 1424 2682 publicas
1454 2630 1730 2681 ephemerides,
1760 2636 1795 2666 et
1819 2642 1889 2679 pu-

1083 2694 1181 2736 blica
1207 2696 1444 2735 documenta.
1459 2694 1644 2740 Nimirum
1656 2693 1755 2731 hisce
1777 2694 1891 2731 armis

1085 2775 1127 2800 ac
1150 2762 1325 2813 praesidiis
1362 2769 1492 2808 sectae,
1524 2773 1604 2812 quae
1635 2759 1738 2797 omni
1769 2766 1894 2798 carent

1086 2829 1158 2866 vita
1186 2859 1197 2877 ,
1240 2827 1475 2875 stabilitatem
1515 2824 1586 2864 sibi
1627 2836 1789 2877 quaerere
1827 2837 1891 2863 co-

1087 2902 1223 2934 nantur
1245 2895 1254 2932 !

2022 1225 2028 1254 -.-
2011 1149 2028 1218 ,fixi
