2028 3354
214 190 310 240 234
701 203 867 242 'tason'
890 214 943 242 nn
979 215 1095 246 meis
1129 217 1427 248 meotomms·

212 324 453 387 conjugi03
480 323 542 368 sic
559 322 686 368 enim
704 321 911 388 loquitur
932 326 1200 389 Apostolus:
1223 330 1393 392 Ipsum
1417 330 1549 376 dedic
1563 330 1728 393 (Deus)
1752 340 1902 392 caput

215 416 363 463 super
389 414 574 444 omnem
609 398 901 456 Ecclesiam,
930 417 1038 463 quoe
1062 410 1126 448 esc
1156 420 1326 467 corpus
1351 409 1452 468 ejus
1486 405 1572 468 (1).
1604 406 1659 452 Et
1686 405 1856 452 iterum
1884 423 1897 452 ι

220 476 383 523 Unum
417 490 591 536 corpus
620 483 665 520 et
697 492 829 521 unus
863 480 1069 539 spiritus
1108 477 1197 540 (2).
1242 480 1329 527 Vir
1361 490 1507 544 caput
1544 490 1612 528 est
1648 483 1870 527 mulieris
1883 515 1901 537 ,

215 556 340 598 sicut
360 549 578 598 Christus
603 551 857 610 Ecclesiae,
877 555 979 616 ipse
1001 554 1209 600 salvator
1227 558 1437 617 corporis
1453 561 1553 617 ejus
1570 557 1659 620 (3).
1691 558 1903 621 Loquens

216 626 408 674 demum
437 626 496 674 de
524 627 636 675 Adae
672 636 720 675 et
750 629 889 677 Hevae
916 630 1127 693 conjugio
1156 639 1208 677 ut
1237 639 1349 695 typo
1371 634 1707 694 conjunctionis
1732 633 1903 679 Christi

213 719 320 750 cum
346 703 569 750 Ecclesia:
596 705 972 752 Sacramentum
1003 706 1111 765 hoc,
1143 705 1320 770 inquit,
1350 724 1579 770 maynum
1604 718 1693 764 est,
1716 727 1792 772 eqo
1814 726 1906 755 au-

215 788 305 826 tem
333 779 439 826 dico
456 815 469 838 ,
498 781 555 826 in
584 780 770 827 Christo
800 789 846 827 ec
871 785 927 826 in
954 781 1171 829 Ecclesia
1194 780 1279 844 (4).
1309 783 1448 829 Porro
1471 783 1508 829 si
1529 784 1752 848 Spiritus,
1778 784 1908 832 velut

213 855 408 902 interior
432 854 641 903 Ecclesiae
657 854 818 903 doctor
833 892 845 915 .,
867 873 919 903 ac
941 856 1085 906 veluti
1103 857 1308 905 Ecclesiae
1324 859 1477 905 anima
1493 894 1506 917 7
1528 876 1636 906 cum
1652 859 1750 923 ipsa
1775 877 1905 906 man-

214 948 349 979 surus
371 941 443 979 est
462 931 522 978 ad
539 930 799 979 docendam
820 949 1010 981 omnem
1028 933 1275 981 veritatem
1287 933 1338 979 in
1362 943 1617 992 aeternu1n3
1640 934 1678 981 si
1696 934 1908 981 Christus

213 1008 263 1056 in
282 1018 564 1074 perpetuum
585 1017 656 1056 est
678 1007 886 1056 Ecclesiae
903 1019 1041 1075 caput
1055 1045 1069 1069 ‚
1095 1020 1147 1057 ut
1167 1026 1269 1058 eam
1289 1010 1455 1073 dirigat
1469 1048 1481 1069 ‚
1516 1021 1563 1059 et
1593 1010 1744 1059 fidelis
1768 1028 1911 1076 spon-

216 1102 292 1131 sus
307 1083 615 1131 indissolubili
629 1101 752 1132 nexu
767 1101 873 1132 cum
886 1103 938 1133 ea
957 1080 1241 1133 conseciatus
1258 1123 1270 1145 7
1293 1095 1344 1132 ut
1359 1103 1459 1133 eam
1478 1096 1657 1133 tutetur
1674 1104 1726 1134 ac
1741 1086 1911 1146 foveat7

217 1162 296 1226 qui
321 1161 420 1208 fieri
446 1169 630 1226 potest,
661 1169 715 1207 ut
740 1171 847 1226 post
869 1179 1013 1226 pauca
1041 1161 1191 1210 secula
1233 1161 1428 1209 Ecclesia
1452 1162 1693 1209 deseratur
1710 1199 1721 1221 a
1757 1163 1821 1209 sic
1859 1171 1913 1208 ut

216 1254 273 1285 ex
301 1238 496 1286 veritate
521 1237 572 1283 in
595 1255 802 1285 errorem
833 1239 999 1286 misere
1021 1237 1320 1304 prolabatur,
1344 1247 1387 1286 et
1409 1238 1526 1285 filios
1549 1256 1654 1285 suos
1675 1239 1734 1285 ad
1764 1256 1911 1304 prava

215 1311 435 1378 dogmata
466 1312 696 1360 credenda
728 1313 921 1361 inducat
937 1349 951 1374 .,
977 1323 1056 1361 aut
1078 1314 1299 1362 inducere
1322 1314 1500 1378 possit?
1522 1316 1637 1379 -Hoec
1661 1314 1799 1379 plane
1829 1332 1906 1361 re-

217 1398 444 1454 pugnant.
469 1391 762 1455 Quapropter
785 1390 1029 1455 Apostolus
1048 1390 1258 1438 absolute
1282 1400 1418 1440 vocat
1445 1391 1692 1439 Ecclesiam
1714 1391 1798 1438 Dei
1820 1391 1912 1438 vivi

216 1467 491 1513 columnam
513 1475 558 1512 et
571 1467 940 1528 firmamentum
968 1469 1180 1515 veritatis
1203 1466 1298 1531 (5),
1320 1467 1551 1528 ejusmodi
1584 1483 1757 1531 nempe
1775 1502 1787 1525 ,
1809 1483 1912 1531 quae

222 1559 470 1606 nunquam
487 1542 635 1607 possit
650 1559 675 1589 a
690 1542 887 1590 veritate
905 1541 1136 1601 excidere,
1156 1542 1220 1589 ita
1249 1551 1301 1589 ut
1319 1542 1355 1589 si
1376 1544 1474 1607 ipsa
1494 1551 1745 1600 corrueret,
1762 1550 1914 1588 totum

217 1617 577 1666 labefactaretur
594 1617 828 1682 religionis
850 1617 1111 1665 christianae
1132 1618 1394 1666 aedificium.

285 1693 395 1741 357.
436 1695 525 1741 Nec
556 1693 697 1740 alium
726 1694 867 1741 fuisse
887 1695 1028 1741 totius
1049 1695 1137 1759 piae
1168 1694 1458 1758 antiquitatis
1483 1710 1674 1740 sensum
1699 1702 1839 1740 testes
1865 1692 1915 1738 in

218 1770 381 1835 primis
413 1778 524 1817 sunt
562 1770 874 1834 antiquissimi
908 1771 1065 1817 Patres
1105 1772 1236 1833 graeci
1269 1779 1408 1834 atque
1440 1769 1601 1827 latini3
1635 1769 1759 1816 inter
1800 1785 1914 1833 quos

217 1847 265 1893 S.
285 1847 510 1893 Irenaeus:
535 1844 650 1893 Non
661 1854 840 1909 oportet
855 1845 1239 1908 adhucquoerere
1253 1881 1271 1903 ,
1296 1844 1481 1904 scribit,
1498 1845 1638 1909 apud
1654 1846 1774 1891 alios
1795 1848 1914 1891 veri-

146 1948 156 1953 -
219 1930 388 1980 tatem,
416 1938 561 1985 quam
576 1922 724 1984 facile
740 1930 806 1968 est
824 1922 886 1968 ab
910 1922 1128 1969 Ecclesia
1147 1938 1360 1976 sumerum
1384 1938 1494 1968 cum
1518 1922 1755 1983 Apostoli,
1773 1922 1919 1983 quasi

218 2003 274 2046 in
291 1998 623 2061 depositorium
636 1998 765 2044 dives
777 2034 790 2057 a
803 1998 1081 2060 plenissime
1097 1999 1151 2043 iu
1170 2015 1276 2043 eam
1295 1999 1589 2044 contulerint
1609 1999 1792 2054 omnia,
1809 2012 1917 2059 quoe

219 2078 318 2123 sint
351 2076 564 2122 veritalis
587 2110 599 2133 .‚
620 2077 698 2120 uti
721 2077 876 2121 omnis
905 2077 1195 2137 quicumque
1221 2074 1360 2128 velit,
1391 2081 1555 2119 sumat
1583 2089 1642 2118 ea·
1665 2081 1720 2117 ea
1742 2080 1914 2133 potum

221 2155 326 2199 vitoe
342 2151 430 2215 (6).
457 2152 502 2196 S.
521 2149 781 2197 Alexander
803 2149 1053 2214 Episcopus
1078 2148 1415 2196 Alexandrinus
1440 2164 1452 2193 ε
1487 2147 1643 2195 Unam
1665 2164 1722 2193 ac
1744 2147 1912 2203 solam,

220 2227 397 2292 inquit,
418 2227 699 2274 catholicam
720 2233 763 2272 et
781 2228 1089 2288 apostolicam
1113 2225 1380 2272 Ecclesiam
1403 2223 1421 2289 (
1444 2223 1721 2270 confitemur
1741 2223 1788 2285 ),
1809 2239 1913 2285 quoe

220 2320 403 2367 semper
439 2304 634 2366 quidem
674 2303 1068 2366 i'neoepuqnabilis
1095 2309 1185 2361 est,
1218 2302 1328 2348 licet
1356 2303 1611 2347 universus
1643 2300 1774 2346 orbis
1809 2315 1916 2345 eam

221 2387 462 2443 oppuynet
479 2396 496 2435 ‚·
524 2382 696 2427 victrice
720 2387 875 2426 autem
893 2387 936 2424 et
954 2382 1109 2425 omnis
1133 2381 1299 2442 impioe
1311 2377 1542 2441 factionis
1557 2376 1913 2430 licei-eticorum,

217 2459 311 2517 qui
334 2456 563 2503 adversus
591 2460 751 2519 ijo-sam
771 2462 1071 2520 consuryunt
1093 2453 1182 2517 (7).
1218 2455 1264 2501 S.
1296 2452 1570 2501 Athanasius
1600 2470 1611 2498 ε
1645 2451 1828 2514 Sufficit
1843 2450 1916 2496 his

277 2605 330 2658 (1)
361 2607 498 2659 Ephes.
526 2620 538 2644 ι
553 2635 567 2655 ,
590 2618 656 2644 22.
793 2631 796 2633 Δ
1147 2605 1198 2655 (7)
1229 2604 1275 2642 In
1299 2603 1434 2656 Epist.
1449 2602 1496 2642 de
1516 2604 1674 2641 Ariana
1692 2599 1849 2647 haeresi,
1868 2601 1914 2639 ad

278 2672 331 2724 (2)
361 2671 460 2711 lbid.
479 2685 517 2710 lv
531 2700 542 2719 ‚
563 2668 603 2721 4.
1092 2669 1271 2709 Alexand.
1292 2668 1740 2720 Constantinopolitanum
1753 2691 1766 2712 ,
1790 2678 1816 2701 n
1835 2676 1880 2702 12
1898 2673 1911 2699 ε

271 2738 330 2790 (3)
360 2737 460 2778 Ibid.
488 2752 526 2785 v,
545 2736 613 2777 23.
1093 2732 1187 2775 Mla»
1210 2731 1272 2774 nai
1286 2733 1389 2786 μένην
1403 2764 1414 2784 ,
1436 2730 1624 2777 καθολικιὶι
1637 2762 1649 2780 ‚
1672 2728 1731 2774 τιῗν
1753 2731 1913 2770 σίτου-το-

278 2805 332 2857 (4)
361 2804 461 2843 Ibid.
483 2819 519 2851 v,
548 2817 609 2844 12.
1094 2800 1195 2846 λικῆν
1228 2799 1437 2846 ἐκκλησίαν·
1473 2795 1697 2850 οἱκαθκῖρετον
1721 2793 1786 2846 μὲν
1825 2794 1882 2835 ἀεὶ
1901 2825 1913 2844 ,

277 2869 329 2922 (5)
358 2869 557 2909 ITimoth.
576 2882 643 2920 m,
669 2866 733 2907 15.
1085 2865 1156 2920 -ιςῖν
1188 2872 1263 2911 πίἱς
1296 2869 1312 2907 o'
1342 2864 1475 2916 ,αἶα-μσς
1504 2865 1595 2912 αὖα-ᾖ·
1621 2863 1790 2913 πολεμεῖν
1827 2871 1911 2909 βου·

275 2935 326 2988 (6)
359 2934 650 2976 Contrahoeres.
676 2933 743 2973 lib.
770 2943 836 2981 nl,
866 2948 947 2988 cap.
975 2933 1024 2985 4,
1093 2931 1258 2976 λειῖηται·
1297 2929 1472 2983 νικηφὸρον
1509 2927 1552 2967 δι’
1590 2926 1712 2972 ποία-ης
1746 2931 1811 2972 τῆς
1846 2931 1911 2967 τῶν

223 3015 264 3041 n.
301 3014 341 3050 ι,
361 3016 398 3054 p.
424 2998 497 3054 178
514 3030 525 3049 ‚
557 3000 647 3041 edit.
675 2999 783 3039 Mass.
1090 2997 1299 3052 ι’τεμὸἰξωι
1329 2992 1582 3044 demandans·
1622 2990 1910 3035 ἐπαναστάσεως.
